2996 4694
774 403 1161 470 ORATIO
1210 403 1412 470 PRO
1462 401 1540 468 T:
1582 402 1664 467 A»
1712 401 2152 471 MILONE.
2387 399 2524 472 503

390 523 625 606 enim,
668 545 885 618 quam
924 521 1177 592 timida
1210 522 1303 591 sit
1338 518 1679 601 ambitio,
1723 535 2142 617 quantaque
2189 537 2259 592 et
2303 547 2522 619 quam

392 633 690 704 sollicita
732 629 1085 729 cupiditas
1116 631 1582 725 consulatus)
1615 632 1862 702 omnia
1889 655 2044 701 non
2073 629 2292 702 modo
2315 687 2334 720 ,
2363 657 2526 730 quae

392 741 829 841 reprehendi
878 741 1150 840 palam,
1200 739 1329 812 sed
1366 741 1580 812 etiam
1618 764 1780 837 quae
1829 737 2184 834 obscur-23⁵
2229 744 2530 838 cogitari

394 867 737 950 possunt,
768 858 1145 940 timemus;
1164 875 1572 940 rumorem,
1605 845 1922 922 fabulam
1949 849 2227 937 falsam,
2259 851 2528 940 fictam,

393 963 627 1034 levem
664 962 1315 1060 perhorrescimus;
1351 986 1479 1032 ora
1511 959 2097 1058 omnium-atque
2126 963 2379 1033 oculos
2416 964 2528 1032 in·-

397 1086 709 1144 tuemur.
740 1073 936 1146 Nihil
964 1075 1159 1144 enim
1194 1089 1305 1144 est
1337 1089 1482 1144 tarn
1508 1073 1769 1155 molle,
1803 1087 1948 1143 tam
1985 1065 2354 1160 tenerum,
2383 1087 2529 1144 tam

397 1196 523 1250 aut
560 1179 842 1280 fragile,
878 1197 1003 1256 aut
1040 1180 1628 1279 flexibile,quam
1659 1181 1992 1254 voluntas
2019 1205 2185 1279 erga
2215 1207 2352 1254 nos
2375 1181 2536 1255 s'en-

396 1315 683 1390 susque.
706 1293 1004 1379 civium,
1041 1296 1169 1388 qui
1208 1317 1359 1363 non
1392 1293 1616 1364 modo
1643 1292 2090 1390 improbitati
2123 1295 2534 1365 irascuntur

398 1401 949 1474 candidatorum
968 1398 1025 1491 ⁶,
1080 1399 1207 1474 sed
1254 1404 1470 1474 etiam
1513 1405 1587 1473 in
1625 1419 1820 1475 recte
1859 1404 2062 1476 factis
2107 1414 2292 1502 saepe
2337 1403 2534 1478 fasti·

395 1509 605 1582 diunt
622 1522 672 1581 ⁷.
707 1517 921 1591 Hunc
954 1511 1147 1584 diem
1182 1515 1401 1610 igitur
1430 1515 1666 1613 campi
1701 1525 2067 1612 speratum
2096 1529 2316 1612 atque
2359 1539 2532 1588 exo-

392 1634 675 1716 ptatum
713 1622 851 1693 sibi
886 1623 1564 1726 proponeonilo,
1597 1625 1918 1696 cruentis
1949 1623 2284 1695 manibus
2300 1613 2537 1695 scelus

394 1743 467 1801 et
506 1730 783 1803 facinus
818 1757 967 1830 prae
994 1757 1071 1804 se
1112 1731 1355 1804 ferens
1393 1747 1466 1804 et
1503 1733 1898 1820 confitens,
1942 1735 2030 1806 ad
2073 1734 2192 1806 illa
2235 1750 2536 1834 augusta

394 1845 889 1913 centuriarum
918 1837 1277 1942 auspicia⁸
1314 1841 1696 1915 veniebat?
1727 1847 1970 1934 Quam
2007 1844 2154 1915 hoc
2195 1865 2346 1917 non
2380 1869 2534 1916 cre-

395 1948 617 2022 dibile
661 1955 737 2024 in
792 1951 1027 2023 hoco?
1076 1977 1294 2050 quam
1337 1951 1531 2024 idem
1580 1956 1656 2024 in
1705 1953 1970 2044 ‚Clodio
2009 1978 2156 2024 non
2199 1953 2537 2026 dubitan-

395 2057 575 2130 dum
596 2071 680 2147 ¹⁰,
722 2061 853 2157 qui
894 2087 1007 2150 se,
1045 2059 1431 2134 interfecto
1478 2064 1784 2150 Milone,
1821 2079 2290 2162 regnaturum
2321 2079 2533 2166 puta-

392 2171 554 2241 ret?
610 2171 860 2261 Quid?
916 2173 1119 2270 quod
1178 2187 1396 2271 caput
1452 2189 1564 2245 est
1611 2173 1956 2260 audaciae,
1999 2173 2321 2268 judice33
2373 2176 2538 2271 quis

394 2281 715 2379 ignorat,
754 2285 1134 2355 maximam
1174 2283 1590 2357 illecebram
1629 2309 1782 2357 esse
1827 2284 2177 2383 peccandi
2217 2288 2532 2383 impuni-

393 2396 559 2464 tatis
594 2418 795 2491 spem
816 2395 927 2464 ¹1?
966 2399 1051 2466 ln
1092 2409 1263 2467 utro
1304 2398 1526 2493 igitur
1563 2396 1716 2466 haec
1745 2393 1934 2466 fuit?
1965 2398 2040 2465 in
2076 2395 2372 2483 Milone,
2405 2398 2534 2493 qui

394 2504 607 2575 etiam
636 2528 835 2576 nunc
861 2528 1029 2577 reus
1066 2521 1179 2578 est
1210 2506 1407 2593 sacti,
1450 2520 1575 2577 aut
1601 2507 1958 2605 praeclari,
1991 2521 2128 2583 aut
2165 2520 2360 2580 certe
2407 2532 2534 2579 ne·-

393 2614 807 2686 cessariin?
855 2640 943 2687 an
985 2618 1063 2687 in
1108 2616 1401 2706 Clodio,
1448 2621 1578 2715 qui
1625 2619 1723 2688 ita
1767 2616 2038 2713 judicia
2090 2641 2532 2716 poenamque

466 2797 517 2845 5.
544 2798 734 2847 Ernest.
754 2799 929 2847 frustra
956 2799 1155 2853 damnat
1182 2800 1414 2866 cogitari.

394 2875 541 2923 Unde
576 2875 698 2924 alins
732 2877 868 2936 hoee,
898 2882 977 2927 An
1010 2880 1206 2943 scripsit
1246 2880 1419 2928 Cicero

391 2952 661 3019 castigari?
674 2957 897 3005 Minime.
916 2958 951 3005 J
954 2960 1032 3006 Ν.
1048 2960 1102 3007 L.
1272 2952 1279 2965 ⁶

463 3032 517 3081 6.
552 3033 957 3083 candidatorum.
981 3037 1083 3099 Qui
1107 3047 1272 3100 togam
1300 3050 1417 3084 can-

394 3110 560 3159 didam
595 3114 889 3174 induebant,
914 3128 974 3166 nt
1004 3132 1057 3163 se
1088 3116 1420 3180 magistratum

393 3200 557 3253 petere
581 3194 741 3256 palam
766 3195 1133 3258 profiterentur.
1354 3248 1368 3266 ι

466 3285 517 3337 7.
540 3274 836 3325 fastidiant.
858 3278 1001 3343 Saepe
1018 3275 1080 3324 ab
1104 3276 1166 3323 iis
1190 3275 1420 3340 praeeisne

394 3362 526 3414 gestu
543 3362 875 3404 contemnunt.

466 3432 515 3478 8.
526 3432 862 3482 aeneadarum
878 3434 1117 3501 auspicia.
1132 3438 1255 3483 Rem
1274 3434 1417 3481 etiam

394 3510 585 3571 objecta
618 3511 853 3575 religione
888 3514 1193 3563 corroborat.
1219 3513 1418 3562 Etiamsi

393 3588 521 3637 Milo
560 3588 623 3637 de
660 3591 911 3639 retinenda
948 3593 1129 3641 civium
1170 3592 1421 3641 voluntate

394 3684 499 3717 non
524 3670 862 3734 cogitavisset3
892 3682 1055 3721 tamen
1072 3674 1227 3739 pietas
1254 3689 1311 3721 ac
1338 3688 1417 3719 re·

390 3749 513 3813 ligio
529 3750 835 3797 sanctitatem
849 3752 1179 3816 auspiciorum
1200 3752 1421 3818 polluere

391 3827 752 3892 prohibuisset,
776 3815 1053 3892 qnoexcerte
1086 3832 1263 3880 foedats
1300 3831 1417 3879 fuis-

392 3916 529 3967 sent,
569 3909 611 3955 si
638 3924 783 3957 ausus
813 3919 939 3957 esset
958 3944 973 3966 ,
1012 3912 1225 3959 eruentis
1256 3910 1419 3960 stibna

394 3986 642 4043 manibus,
662 3988 715 4035 in
733 4002 959 4051 campum
976 3988 1161 4052 petitor
1175 3990 1419 4053 parricida

394 4066 703 4115 desendet-0.

468 4160 520 4209 9.
557 4147 673 4195 Non
717 4144 949 4195 credibile
981 4143 1031 4193 in
1072 4145 1187 4195 hoe.
1230 4147 1421 4197 Milone

1507 2801 1720 2860 scilieet,
1743 2802 1886 2863 cuius
1909 2811 2084 2849 natura
2120 2815 2312 2865 semper
2339 2800 2431 2847 fnit
2457 2800 2530 2846 vis

1509 2889 1558 2927 et
1585 2896 1830 2927 armorum
1857 2879 2203 2927 inimicissima.

1587 2974 1665 3007 ῐο.
1691 2960 1806 3007 Non
1830 2957 2174 3007 dubitandum.
2199 2956 2327 3007 Nam
2345 2957 2434 3020 ‘qui
2453 2972 2538 3005 an-

1511 3048 1584 3085 tes
1613 3052 1747 3085 saera
1774 3038 1926 3085 Bonae
1952 3038 2070 3084 Deae
2103 3036 2347 3099 polluerat
2374 3036 2531 3100 stupri

1508 3114 1750 3161 inferendi
1788 3114 1973 3178 grstis3
2008 3128 2143 3161 nnnc
2183 3126 2334 3175 qnnm
2373 3112 2532 3162 multo
2585 3130 2590 3133 ·

1509 3192 1706 3257 gravior
1749 3193 1812 3239 sit
1857 3206 2000 3239 eausa
2019 3226 2035 3254 ,
2083 3206 2185 3239 non
2227 3189 2532 3241 erubesceret

1508 3288 1624 3321 sane
1650 3272 1982 3336 auspiciorum
2013 3270 2299 3334 religionem
2329 3271 2532 3321 foedare.

1509 3353 1636 3402 Nam
1663 3361 1824 3399 morte
1849 3350 2056 3398 Milonis
2077 3366 2130 3398 se
2155 3350 2316 3399 multo
2343 3350 2532 3400 facilins

1507 3432 1856 3497 rempublicam
1877 3444 2156 3479 eversurum
2182 3430 2423 3495 sperabat.

1585 3526 1666 3561 11.
1684 3509 1988 3574 Impunieaeis
2014 3524 2164 3575 spem.
2190 3510 2314 3561 Nam
2343 3509 2529 3570 iudicia

1509 3591 1672 3640 omia
1697 3590 1760 3638 ad
1794 3590 1892 3639 hoe
1929 3604 2088 3654 usqne
2111 3599 2304 3654 tempus
2325 3588 2534 3637 Clodius

1507 3672 1744 3735 effugerat
1757 3704 1774 3729 ,
1791 3680 1876 3717 snt
1899 3686 1988 3734 per
2004 3670 2106 3719 vim
2131 3668 2504 3718 disturbem-at.

1585 3764 1665 3799 12.
1701 3751 1804 3799 Aue
1849 3760 1980 3797 eene
2019 3748 2294 3798 necessarii.
2331 3748 2384 3795 Si
2409 3747 2530 3796 Clo·

1509 3815 1663 3878 dinm'
1689 3829 1816 3877 Milo
1861 3828 2046 3878 oceidit
2092 3844 2196 3877 non
2240 3828 2488 3875 lacessitus
2512 3862 2528 3888 ,

1508 3909 1790 3973 pmclsrnm
1823 3908 1954 3955 illins
1993 3919 2066 3956 est
2097 3910 2280 3957 factum
2315 3916 2364 3952 et
2388 3904 2534 3953 lande

1509 3989 1710 4055 dignum
1723 4027 1738 4051 ‚
1768 3991 1883 4054 qnia
1917 3987 2267 4053 rempublicam
2294 3984 2358 4033 ab
2387 3988 2534 4033 armis

1508 4070 1631 4117 civis
1661 4068 2026 4118 insolentissimi
2053 4077 2128 4115 est
2149 4074 2364 4123 tutatus3
2401 4066 2442 4112 si
2471 4066 2538 4113 fe-

1510 4149 1606 4211 eit,
1631 4160 1686 4197 ut
1713 4149 1866 4197 vitam
1901 4162 2036 4197 susm
2071 4154 2306 4204 tueretur,
2323 4160 2543 4194 necessa·
