2996 4694
556 393 691 462 108
1190 395 1285 461 M.
1336 395 1415 461 T.
1468 339 2016 463 CICERONIS

545 511 721 610 quid
746 511 1044 609 periculi
1072 511 1491 608 magnitudo
1513 512 1740 610 ‚‘quid
1770 528 1968 600 zetas,
1985 510 2165 608 quid
2193 511 2427 584 bonos
2453 537 2658 618 meus

546 621 882 719 postulet.
912 623 1050 693 Sed
1088 623 1263 693 mihi
1299 624 1571 720 sumpsi
1609 622 1933 694 hocloco
1967 621 2368 692 doctrinam
2403 648 2653 720 quam—

546 733 707 803 dam
729 734 1111 829 juventuti,
1130 735 1257 830 qui
1294 747 1530 805 essent
1572 734 1969 831 optimates,
1998 737 2081 802 In
2121 755 2202 804 ea
2235 733 2654 831 explicanda

544 841 1183 915 demonstrandum
1216 858 1354 930 est,
1403 868 1555 914 non
1596 867 1748 914 esse
1785 842 2170 940 populares
2205 866 2457 914 omnes
2497 867 2651 929 eos,

542 955 670 1049 qui
705 968 1073 1051 putentur.
1119 953 1203 1024 Id
1238 951 1567 1023 facillime
1601 975 2037 1048 consequar,
2077 952 2135 1022 si
2172 953 2487 1022 universi
2528 977 2657 1049 po-

546 1063 699 1160 puli
743 1062 1095 1159 judicium
1148 1088 1395 1134 verum
1440 1078 1514 1134 et
1569 1066 2103 1160 incorruptum,
2152 1075 2224 1132 et
2265 1063 2323 1132 si
2363 1063 2653 1133 intimos

540 1195 790 1243 sensus
824 1174 1125 1244 civitatis
1160 1195 1597 1268 expressero,
1637 1170 1831 1262 Quid
1867 1169 2002 1241 fuit
2036 1171 2243 1260 illud,
2280 1171 2514 1269 quod,
2549 1197 2654 1243 re-

540 1282 735 1351 centi
790 1284 1051 1353 nuntio
1098 1281 1188 1353 de
1237 1281 1359 1352 illo
1416 1280 2034 1352 senatusconsulto
2059 1336 2078 1370 ‚
2141 1279 2341 1377 quod
2387 1279 2652 1352 factum

541 1403 651 1460 est
685 1392 762 1460 in
812 1392 1084 1489 templo
1110 1392 1451 1479 Virtutis,
1489 1390 1574 1462 ad
1621 1390 1831 1461 ludos
1875 1413 2308 1488 scenamque
2342 1390 2654 1488 perlate,

538 1525 881 1572 consessu
942 1503 1281 1588 maximo,
1347 1525 1672 1574 summus
1725 1499 2060 1588 artifex²‚
2117 1514 2189 1570 et
2245 1499 2654 1572 mehercule

542 1633 830 1706 semper
866 1612 1175 1707 partium
1220 1612 1297 1681 in
1354 1593 1774 1708 republica,
1859 1623 2225 1706 tamquam
2274 1611 2346 1681 in
2397 1633 2605 1682 scena
2633 1665 2656 1700 ,

540 1719 982 1815 optimarum
998 1716 1051 1807 ³,
1090 1720 1299 1808 flens,
1330 1734 1402 1790 et
1438 1723 1711 1791 recenti
1736 1719 2009 1806 laetitia,
2039 1734 2112 1790 et
2145 1720 2370 1792 mixto
2403 1719 2656 1794 dolore

536 1853 619 1900 ac
650 1827 1005 1900 desiderio
1025 1832 1205 1919 mei,
1236 1831 1379 1926 egit
1407 1844 1650 1926 aperte
1680 1829 1910 1900 multo
1944 1829 2390 1927 gravioribus
2419 1830 2654 1904 verbis

536 1962 767 2018 meam
787 1963 1107 2028 causam,
1133 1964 1349 2036 quam
1384 1952 1670 2035 egomet
1705 1937 1795 2010 de
1831 1963 1948 2009 me
1975 1963 2181 2034 agere
2214 1941 2655 2036 potuissem?

536 2050 813 2120 Summi
862 2050 1057 2120 enim
1094 2046 1367 2146 poetae⁴
1409 2049 1782 2143 ingenium
1826 2073 1974 2118 non
2017 2048 2250 2119 solum
2291 2063 2442 2120 arte
2483 2075 2649 2137 sua,

532 2157 657 2229 sed
692 2160 905 2229 etiam
938 2157 1233 2231 dolore⁵
1270 2157 1737 2256 exprimebat.
1765 2157 2006 2247 «Quid
2045 2159 2282 2228 enim?
2309 2160 2434 2255 qui
2467 2185 2650 2230 rem-

530 2267 893 2367 publicam
956 2285 1155 2341 certo
1211 2270 1453 2340 animo
1496 2268 1846 2364 adjuverit
1873 2320 1893 2355 ‚
1947 2270 2311 2357 statuerit,
2377 2272 2653 2341 steterit

530 2404 693 2451 cum
717 2381 1002 2453 Achivis
1016 2380 1070 2452 ⁶.
1092 2380 1540 2453 »Vobiscum
1574 2405 1691 2449 me
1733 2382 2004 2449 stetisse
2041 2377 2353 2467 dicebat,
2378 2395 2651 2452 vestros
2691 2412 2698 2418 ·

526 2490 858 2563 ordines⁷
908 2488 1469 2562 demonstrabat.
1543 2488 2042 2560 Revocabatur
2092 2487 2183 2559 ab
2252 2491 2597 2562 universis
2627 2518 2646 2561 ε

523 2682 637 2730 licet
656 2680 743 2743 qni
760 2679 1071 2739 adjudicium
1090 2690 1395 2731 convenerat.
1415 2681 1550 2729 Non·

527 2758 652 2806 nulli
674 2757 852 2804 habent
874 2756 961 2805 illi.

597 2852 645 2883 2.
674 2837 892 2882 Summus
914 2833 1115 2900 artifex.
1138 2840 1346 2901 AEaopua
1360 2870 1374 2894 ‚
1396 2840 1545 2885 maxi-

524 2930 633 2961 mna
662 2915 746 2978 qni
774 2914 904 2978 apud
936 2917 1182 2964 Romanos
1207 2916 1421 2964 floruerit
1448 2927 1546 2964 tra-

524 2993 713 3057 goedua.
746 2994 855 3041 Huc
888 2994 1057 3042 eodem
1088 3006 1305 3059 tempore
1337 2996 1544 3047 Roscius

522 3072 575 3119 in
595 3074 791 3120 comicis
817 3074 1037 3138 personia
1060 3075 1269 3137 primum
1294 3073 1545 3123 obtinebat

522 3151 701 3201 locum.
746 3152 821 3199 De
856 3152 930 3199 his
968 3155 1199 3201 Horatius
1232 3152 1355 3218 (ep.
1386 3156 1461 3212 11,
1492 3169 1542 3212 1,

523 3234 586 3279 82
605 3232 650 3297 ):
680 3253 705 3275 ιι
726 3232 829 3295 Ego
855 3218 1004 3296 qnnm
1028 3233 1375 3296 reprehendere
1393 3249 1542 3281 coner

519 3312 642 3372 Qnae
662 3311 817 3374 gravis
834 3314 1075 3373 AEsopns,
1102 3328 1211 3375 quae
1236 3310 1411 3359 doetna
1437 3314 1542 3359 Ro·

520 3389 647 3436 seins
676 3390 775 3452 egit
796 3410 839 3435 ιι.
872 3390 1023 3454 Apud
1049 3399 1308 3450 utrumqne
1337 3390 1542 3452 privata

521 3466 663 3514 dotea
700 3465 927 3527 videntur
970 3468 1153 3530 optime
1198 3482 1310 3513 cum
1352 3468 1543 3515 scenica

520 3544 665 3593 lande
693 3545 985 3608 congr-nisae.
1017 3547 1189 3609 Neque
1214 3544 1337 3592 iund
1367 3548 1419 3593 in
1445 3544 1540 3593 mi'-

524 3623 667 3671 nimia
691 3623 889 3670 landnm
920 3624 1063 3672 fuerit
1079 3660 1094 3683 ,
1118 3624 1161 3670 ai
1196 3624 1381 3671 romani
1408 3626 1544 3688 prin-

522 3719 638 3767 ceps
650 3701 851 3764 eloquii,
866 3718 928 3748 ex
942 3717 1111 3750 eornm
1123 3701 1331 3750 amicitia
1346 3703 1542 3767 publice

522 3782 725 3847 gloriam
747 3780 963 3828 traxerit.

598 3863 646 3910 3.
699 3860 969 3921 Tamquam
1014 3857 1064 3905 in
1108 3874 1259 3907 scena
1274 3894 1288 3918 ‚
1334 3860 1541 3923 optima-

526 3956 646 3990 mm.
674 3938 843 4003 Aliqui
865 3937 1188 4002 optimatium,
1209 3938 1410 3987 vitiose:
1430 3956 1540 3987 nam

533 4034 633 4066 non
674 4018 799 4066 bene
844 4032 954 4064 cnm
1000 4030 1139 4063 scena
1182 4015 1326 4065 sitnnl
1372 4028 1422 4065 et
1466 4032 1542 4064 re-

518 4096 721 4161 publica
742 4111 841 4145 vox
858 4094 939 4143 illa
956 4094 1204 4145 convenit.

1705 2690 1754 2739 4.
1783 2682 1962 2731 Poetae.
1989 2684 2089 2746 Qui
2115 2682 2324 2731 fabulam
2349 2699 2457 2747 qnae
2478 2683 2650 2749 ageba-

1635 2768 1714 2806 tur
1731 2770 1983 2809 struxerat.

1705 2839 1751 2887 5.
1792 2839 1891 2885 Sed
1919 2838 2068 2887 etiam
2098 2838 2284 2887 dolore.
2323 2840 2486 2901 anm
2521 2840 2650 2887 enim

1631 2928 1790 2981 poetae
1815 2933 1981 2965 verane
2010 2933 2168 2965 meum
2200 2932 2362 2965 casnm
2393 2916 2652 2967 oeferentea

1630 2997 1964 3059 pronuntiaret
1981 3032 1996 3059 ,
2038 2996 2100 3043 ad
2151 3012 2318 3044 eorum
2367 2998 2650 3045 sententiam

1630 3091 1732 3121 non
1751 3075 1900 3122 modo
1920 3074 2136 3137 eorporis
2152 3086 2362 3134 motum,
2387 3086 2434 3123 et
2453 3092 2648 3135 vocem,

1631 3164 1680 3201 et
1707 3152 1895 3201 vultum
1910 3188 1926 3212 ‚
1953 3168 2119 3201 ver-nm
2142 3155 2287 3201 etiam
2311 3156 2524 3203 animum
2538 3190 2554 3214 ‚
2575 3157 2652 3203 in·-

1627 3234 1869 3295 timosquc
1892 3248 2058 3279 sensns
2076 3232 2501 3286 accommodabat:
2523 3250 2650 3285 anm·

1627 3328 1710 3359 mo
1732 3312 1860 3359 enim
1889 3327 1998 3358 eum
2025 3311 2197 3361 dolore
2215 3346 2232 3373 ,
2255 3312 2513 3377 multisque
2537 3328 2650 3361 enm

1625 3390 1854 3454 lacrymis
1875 3388 2062 3453 agebat.

1699 3470 1754 3519 6.
1808 3470 1926 3518 cam
1979 3466 2187 3518 Achivis.
2241 3470 2522 3533 Fragmenta
2565 3469 2647 3519 illa

1625 3546 1854 3595 videntur
1868 3547 2119 3609 desumpta
2135 3562 2197 3594 ex
2211 3548 2472 3596 Telamone
2485 3548 2650 3597 exsule

1629 3624 1788 3672 fabnla
1815 3624 1960 3672 Attii.

1704 3720 1751 3764 7.
1779 3706 1972 3749 Vestras
1995 3702 2203 3753 ordines.
2229 3706 2481 3763 Senatum,
2510 3707 2648 3769 eqni·-

1627 3792 1700 3829 tea
1715 3814 1731 3840 ,
1756 3780 1983 3844 plebem:
2008 3797 2132 3844 quoa
2166 3798 2193 3829 a
2228 3798 2304 3829 me
2337 3784 2531 3831 ordines
2565 3783 2650 3832 de·

1627 3860 1790 3907 fenaos
1811 3874 1915 3906 ease
1933 3858 2312 3908 demonstrabat.
2339 3886 2408 3897 —
2437 3863 2650 3908 Revoca·

1629 3939 1789 3987 baem.
1837 3936 2055 4001 cogebat
2101 3938 2316 4003 populna
2359 3938 2648 3999 histriones,

1631 4032 1742 4081 qnae
1775 4017 1920 4065 semel
1963 4018 2092 4067 dieta
2125 4019 2404 4082 placuerant
2418 4054 2434 4075 ,
2475 4020 2650 4087 sepina

1633 4095 1800 4143 eadem
1824 4092 2010 4144 iterare.
