<?xml version="1.0" encoding="UTF-8"?>
<!DOCTYPE html PUBLIC "-//W3C//DTD XHTML 1.0 Transitional//EN"
    "http://www.w3.org/TR/xhtml1/DTD/xhtml1-transitional.dtd">
<html xmlns="http://www.w3.org/1999/xhtml" xml:lang="en" lang="en">
 <head>
  <title>
</title>
<meta http-equiv="Content-Type" content="text/html;charset=utf-8" />
  <meta name='ocr-system' content='tesseract 3.04.00' />
  <meta name='ocr-capabilities' content='ocr_page ocr_carea ocr_par ocr_line ocrx_word'/>
</head>
<body>
  <div class='ocr_page' id='page_1' title='image "./mtciceronisquae08lemagoog/mtciceronisquae08lemagoog_0373.png"; bbox 0 0 2996 4694; ppageno 0'>
   <div class='ocr_carea' id='block_1_1' title="bbox 774 374 2507 473">
    <p class='ocr_par' dir='ltr' id='par_1_1' title="bbox 774 374 2507 473">
     <span class='ocr_line' id='line_1_1' title="bbox 774 374 2507 473; baseline 0.002 -31"><span class='ocrx_word' id='word_1_1' title='bbox 774 376 1165 443; x_wconf 89' lang='lat' dir='ltr'><strong>ORATIO</strong></span> <span class='ocrx_word' id='word_1_2' title='bbox 1219 376 1331 445; x_wconf 82' lang='lat' dir='ltr'><strong>IN</strong></span> <span class='ocrx_word' id='word_1_3' title='bbox 1383 377 1457 443; x_wconf 92' lang='lat' dir='ltr'><strong>L.</strong></span> <span class='ocrx_word' id='word_1_4' title='bbox 1503 378 1578 441; x_wconf 76' lang='lat'><strong>(2.</strong></span> <span class='ocrx_word' id='word_1_5' title='bbox 1635 374 2148 443; x_wconf 52' lang='lat' dir='ltr'>PISONEM„</span> <span class='ocrx_word' id='word_1_6' title='bbox 2371 374 2507 473; x_wconf 83' lang='lat'><strong>367</strong></span> 
     </span>
    </p>
   </div>
   <div class='ocr_carea' id='block_1_2' title="bbox 388 494 2528 2796">
    <p class='ocr_par' dir='ltr' id='par_1_2' title="bbox 388 494 2528 2466">
     <span class='ocr_line' id='line_1_2' title="bbox 388 494 2512 595; baseline 0 -26"><span class='ocrx_word' id='word_1_7' title='bbox 388 522 531 595; x_wconf 90' lang='lat' dir='ltr'><strong>que</strong></span> <span class='ocrx_word' id='word_1_8' title='bbox 588 497 880 568; x_wconf 82' lang='lat' dir='ltr'><strong>hercule</strong></span> <span class='ocrx_word' id='word_1_9' title='bbox 925 520 1058 594; x_wconf 87' lang='lat' dir='ltr'><strong>ego</strong></span> <span class='ocrx_word' id='word_1_10' title='bbox 1087 553 1107 584; x_wconf 87' lang='lat'>‚</span> <span class='ocrx_word' id='word_1_11' title='bbox 1158 520 1397 592; x_wconf 88' lang='lat' dir='ltr'><strong>neque</strong></span> <span class='ocrx_word' id='word_1_12' title='bbox 1452 494 1910 594; x_wconf 81' lang='lat' dir='ltr'><strong>supercilium</strong></span> <span class='ocrx_word' id='word_1_13' title='bbox 1971 511 2216 583; x_wconf 88' lang='lat' dir='ltr'><strong>tuum,</strong></span> <span class='ocrx_word' id='word_1_14' title='bbox 2273 494 2512 595; x_wconf 80' lang='lat' dir='ltr'><strong>neque</strong></span> 
     </span>
     <span class='ocr_line' id='line_1_3' title="bbox 391 596 2512 702; baseline 0 -24"><span class='ocrx_word' id='word_1_15' title='bbox 391 608 674 702; x_wconf 74' lang='lat' dir='ltr'><strong>collegae</strong></span> <span class='ocrx_word' id='word_1_16' title='bbox 717 608 821 677; x_wconf 90' lang='lat' dir='ltr'><strong>tui</strong></span> <span class='ocrx_word' id='word_1_17' title='bbox 858 605 1183 701; x_wconf 83' lang='lat' dir='ltr'><strong>cymbala</strong></span> <span class='ocrx_word' id='word_1_18' title='bbox 1226 629 1307 676; x_wconf 85' lang='lat' dir='ltr'><strong>ac</strong></span> <span class='ocrx_word' id='word_1_19' title='bbox 1350 596 1662 676; x_wconf 76' lang='lat' dir='ltr'><strong>crotala⁸</strong></span> <span class='ocrx_word' id='word_1_20' title='bbox 1703 604 1887 701; x_wconf 82' lang='lat' dir='ltr'><strong>fugi3</strong></span> <span class='ocrx_word' id='word_1_21' title='bbox 1916 630 2167 701; x_wconf 42' lang='lat' dir='ltr'><strong>‚neque</strong></span> <span class='ocrx_word' id='word_1_22' title='bbox 2218 623 2366 677; x_wconf 88' lang='lat' dir='ltr'><strong>tam</strong></span> <span class='ocrx_word' id='word_1_23' title='bbox 2403 607 2512 681; x_wconf 86' lang='lat' dir='ltr'><strong>fui</strong></span> 
     </span>
     <span class='ocr_line' id='line_1_4' title="bbox 390 714 2521 813; baseline 0.002 -26"><span class='ocrx_word' id='word_1_24' title='bbox 390 716 727 799; x_wconf 86' lang='lat' dir='ltr'><strong>timidus,</strong></span> <span class='ocrx_word' id='word_1_25' title='bbox 778 731 895 802; x_wconf 89' lang='lat' dir='ltr'><strong>ut,</strong></span> <span class='ocrx_word' id='word_1_26' title='bbox 942 718 1069 813; x_wconf 90' lang='lat' dir='ltr'><strong>qui</strong></span> <span class='ocrx_word' id='word_1_27' title='bbox 1111 717 1187 787; x_wconf 88' lang='lat' dir='ltr'><strong>in</strong></span> <span class='ocrx_word' id='word_1_28' title='bbox 1229 717 1556 787; x_wconf 83' lang='lat' dir='ltr'><strong>maximis</strong></span> <span class='ocrx_word' id='word_1_29' title='bbox 1598 714 2011 787; x_wconf 86' lang='lat' dir='ltr'><strong>turbinibus</strong></span> <span class='ocrx_word' id='word_1_30' title='bbox 2060 740 2142 787; x_wconf 89' lang='lat' dir='ltr'><strong>ac</strong></span> <span class='ocrx_word' id='word_1_31' title='bbox 2182 716 2521 791; x_wconf 88' lang='lat' dir='ltr'><strong>fluctibus</strong></span> 
     </span>
     <span class='ocr_line' id='line_1_5' title="bbox 390 825 2518 925; baseline 0.001 -28"><span class='ocrx_word' id='word_1_32' title='bbox 390 826 799 924; x_wconf 83' lang='lat' dir='ltr'><strong>reipublicae</strong></span> <span class='ocrx_word' id='word_1_33' title='bbox 832 850 1091 897; x_wconf 87' lang='lat' dir='ltr'><strong>navem</strong></span> <span class='ocrx_word' id='word_1_34' title='bbox 1128 825 1683 923; x_wconf 83' lang='lat' dir='ltr'><strong>gubernassem,</strong></span> <span class='ocrx_word' id='word_1_35' title='bbox 1733 825 2141 921; x_wconf 83' lang='lat' dir='ltr'><strong>salvamque</strong></span> <span class='ocrx_word' id='word_1_36' title='bbox 2181 830 2256 897; x_wconf 87' lang='lat' dir='ltr'><strong>in</strong></span> <span class='ocrx_word' id='word_1_37' title='bbox 2301 844 2518 925; x_wconf 88' lang='lat' dir='ltr'><strong>portu</strong></span> 
     </span>
     <span class='ocr_line' id='line_1_6' title="bbox 393 933 2520 1035; baseline 0.002 -30"><span class='ocrx_word' id='word_1_38' title='bbox 393 935 853 1007; x_wconf 86' lang='lat' dir='ltr'><strong>collocassem</strong></span> <span class='ocrx_word' id='word_1_39' title='bbox 875 990 893 1021; x_wconf 93' lang='lat'><strong>,</strong></span> <span class='ocrx_word' id='word_1_40' title='bbox 927 933 1185 1005; x_wconf 88' lang='lat' dir='ltr'><strong>frontis</strong></span> <span class='ocrx_word' id='word_1_41' title='bbox 1216 949 1355 1007; x_wconf 80' lang='lat' dir='ltr'><strong>tuae</strong></span> <span class='ocrx_word' id='word_1_42' title='bbox 1383 934 1816 1007; x_wconf 83' lang='lat' dir='ltr'><strong>nubeculam</strong></span> <span class='ocrx_word' id='word_1_43' title='bbox 1836 990 1855 1021; x_wconf 99' lang='lat'><strong>,</strong></span> <span class='ocrx_word' id='word_1_44' title='bbox 1891 951 2044 1005; x_wconf 87' lang='lat' dir='ltr'><strong>tum</strong></span> <span class='ocrx_word' id='word_1_45' title='bbox 2064 936 2388 1035; x_wconf 82' lang='lat' dir='ltr'><strong>collegae9</strong></span> <span class='ocrx_word' id='word_1_46' title='bbox 2413 940 2520 1009; x_wconf 84' lang='lat' dir='ltr'><strong>tui</strong></span> 
     </span>
     <span class='ocr_line' id='line_1_7' title="bbox 394 1047 2518 1145; baseline 0.002 -30"><span class='ocrx_word' id='word_1_47' title='bbox 394 1048 960 1117; x_wconf 87' lang='lat' dir='ltr'><strong>contaminatum</strong></span> <span class='ocrx_word' id='word_1_48' title='bbox 990 1047 1320 1143; x_wconf 86' lang='lat' dir='ltr'><strong>spiritum</strong></span> <span class='ocrx_word' id='word_1_49' title='bbox 1358 1048 1961 1143; x_wconf 87' lang='lat' dir='ltr'><strong>pertimescerem.</strong></span> <span class='ocrx_word' id='word_1_50' title='bbox 1986 1047 2179 1117; x_wconf 89' lang='lat' dir='ltr'><strong>Alios</strong></span> <span class='ocrx_word' id='word_1_51' title='bbox 2214 1072 2347 1145; x_wconf 86' lang='lat' dir='ltr'><strong>ego</strong></span> <span class='ocrx_word' id='word_1_52' title='bbox 2379 1048 2518 1119; x_wconf 84' lang='lat' dir='ltr'><strong>vidi</strong></span> 
     </span>
     <span class='ocr_line' id='line_1_8' title="bbox 394 1156 2521 1255; baseline 0.002 -31"><span class='ocrx_word' id='word_1_53' title='bbox 394 1169 676 1243; x_wconf 84' lang='lat' dir='ltr'><strong>ventos;</strong></span> <span class='ocrx_word' id='word_1_54' title='bbox 726 1156 892 1225; x_wconf 87' lang='lat' dir='ltr'><strong>alias</strong></span> <span class='ocrx_word' id='word_1_55' title='bbox 946 1158 1281 1254; x_wconf 82' lang='lat' dir='ltr'>prospexi</span> <span class='ocrx_word' id='word_1_56' title='bbox 1330 1158 1574 1227; x_wconf 90' lang='lat' dir='ltr'><strong>animo</strong></span> <span class='ocrx_word' id='word_1_57' title='bbox 1613 1156 2002 1253; x_wconf 80' lang='lat' dir='ltr'><strong>procellas3</strong></span> <span class='ocrx_word' id='word_1_58' title='bbox 2049 1156 2204 1227; x_wconf 85' lang='lat' dir='ltr'><strong>aliis</strong></span> <span class='ocrx_word' id='word_1_59' title='bbox 2241 1162 2521 1255; x_wconf 89' lang='lat' dir='ltr'><strong>impen-</strong></span> 
     </span>
     <span class='ocr_line' id='line_1_9' title="bbox 394 1264 2521 1363; baseline 0.001 -28"><span class='ocrx_word' id='word_1_60' title='bbox 394 1264 735 1336; x_wconf 86' lang='lat' dir='ltr'>dentibus</span> <span class='ocrx_word' id='word_1_61' title='bbox 766 1264 1311 1363; x_wconf 81' lang='lat' dir='ltr'><strong>tempestatibus</strong></span> <span class='ocrx_word' id='word_1_62' title='bbox 1349 1291 1501 1337; x_wconf 86' lang='lat' dir='ltr'><strong>non</strong></span> <span class='ocrx_word' id='word_1_63' title='bbox 1539 1266 1888 1353; x_wconf 86' lang='lat' dir='ltr'><strong>cessi‚sed</strong></span> <span class='ocrx_word' id='word_1_64' title='bbox 1922 1265 2032 1336; x_wconf 82' lang='lat' dir='ltr'><strong>his·</strong></span> <span class='ocrx_word' id='word_1_65' title='bbox 2066 1290 2290 1337; x_wconf 89' lang='lat' dir='ltr'><strong>unum</strong></span> <span class='ocrx_word' id='word_1_66' title='bbox 2318 1276 2382 1311; x_wconf 86' lang='lat'><strong>¹⁰</strong></span> <span class='ocrx_word' id='word_1_67' title='bbox 2408 1292 2521 1337; x_wconf 90' lang='lat' dir='ltr'><strong>me</strong></span> 
     </span>
     <span class='ocr_line' id='line_1_10' title="bbox 395 1374 2524 1473; baseline 0.001 -26"><span class='ocrx_word' id='word_1_68' title='bbox 395 1399 528 1473; x_wconf 89' lang='lat' dir='ltr'><strong>pro</strong></span> <span class='ocrx_word' id='word_1_69' title='bbox 570 1378 892 1447; x_wconf 89' lang='lat' dir='ltr'><strong>omnium</strong></span> <span class='ocrx_word' id='word_1_70' title='bbox 938 1375 1165 1447; x_wconf 83' lang='lat' dir='ltr'><strong>salute</strong></span> <span class='ocrx_word' id='word_1_71' title='bbox 1202 1375 1455 1447; x_wconf 88' lang='lat' dir='ltr'><strong>obtuli.</strong></span> <span class='ocrx_word' id='word_1_72' title='bbox 1506 1380 1757 1472; x_wconf 85' lang='lat' dir='ltr'><strong>Itaque</strong></span> <span class='ocrx_word' id='word_1_73' title='bbox 1802 1374 2114 1450; x_wconf 85' lang='lat' dir='ltr'><strong>discessu</strong></span> <span class='ocrx_word' id='word_1_74' title='bbox 2166 1390 2322 1446; x_wconf 87' lang='lat' dir='ltr'><strong>tum</strong></span> <span class='ocrx_word' id='word_1_75' title='bbox 2361 1400 2524 1449; x_wconf 89' lang='lat' dir='ltr'><strong>meo</strong></span> 
     </span>
     <span class='ocr_line' id='line_1_11' title="bbox 396 1483 2522 1583; baseline 0 -25"><span class='ocrx_word' id='word_1_76' title='bbox 396 1512 648 1558; x_wconf 88' lang='lat' dir='ltr'><strong>omnes</strong></span> <span class='ocrx_word' id='word_1_77' title='bbox 698 1486 800 1557; x_wconf 90' lang='lat' dir='ltr'><strong>illi</strong></span> <span class='ocrx_word' id='word_1_78' title='bbox 846 1485 1100 1558; x_wconf 88' lang='lat' dir='ltr'><strong>nefarii</strong></span> <span class='ocrx_word' id='word_1_79' title='bbox 1144 1486 1439 1583; x_wconf 86' lang='lat' dir='ltr'><strong>gladii¹¹</strong></span> <span class='ocrx_word' id='word_1_80' title='bbox 1492 1486 1585 1558; x_wconf 88' lang='lat' dir='ltr'><strong>de</strong></span> <span class='ocrx_word' id='word_1_81' title='bbox 1629 1485 1965 1557; x_wconf 89' lang='lat' dir='ltr'><strong>manibus</strong></span> <span class='ocrx_word' id='word_1_82' title='bbox 2015 1483 2522 1559; x_wconf 86' lang='lat' dir='ltr'><strong>crudelissimis</strong></span> 
     </span>
     <span class='ocr_line' id='line_1_12' title="bbox 396 1596 2523 1694; baseline -0 -26"><span class='ocrx_word' id='word_1_83' title='bbox 396 1596 866 1675; x_wconf 84' lang='lat' dir='ltr'><strong>exciderunt:</strong></span> <span class='ocrx_word' id='word_1_84' title='bbox 912 1622 1139 1694; x_wconf 89' lang='lat' dir='ltr'><strong>quum</strong></span> <span class='ocrx_word' id='word_1_85' title='bbox 1198 1596 1495 1693; x_wconf 86' lang='lat' dir='ltr'><strong>quidem</strong></span> <span class='ocrx_word' id='word_1_86' title='bbox 1549 1612 1667 1683; x_wconf 91' lang='lat' dir='ltr'><strong>tu,</strong></span> <span class='ocrx_word' id='word_1_87' title='bbox 1719 1622 1766 1667; x_wconf 95' lang='lat' dir='ltr'><strong>o</strong></span> <span class='ocrx_word' id='word_1_88' title='bbox 1815 1620 2065 1667; x_wconf 86' lang='lat' dir='ltr'><strong>vecors</strong></span> <span class='ocrx_word' id='word_1_89' title='bbox 2115 1610 2188 1667; x_wconf 91' lang='lat' dir='ltr'><strong>et</strong></span> <span class='ocrx_word' id='word_1_90' title='bbox 2235 1621 2523 1681; x_wconf 78' lang='lat' dir='ltr'><strong>amenS,</strong></span> 
     </span>
     <span class='ocr_line' id='line_1_13' title="bbox 394 1704 2528 1805; baseline 0.001 -29"><span class='ocrx_word' id='word_1_91' title='bbox 394 1730 621 1801; x_wconf 90' lang='lat' dir='ltr'><strong>quum</strong></span> <span class='ocrx_word' id='word_1_92' title='bbox 651 1730 903 1777; x_wconf 87' lang='lat' dir='ltr'><strong>omnes</strong></span> <span class='ocrx_word' id='word_1_93' title='bbox 930 1704 1107 1777; x_wconf 88' lang='lat' dir='ltr'><strong>boni</strong></span> <span class='ocrx_word' id='word_1_94' title='bbox 1134 1704 1359 1777; x_wconf 88' lang='lat' dir='ltr'><strong>abditi</strong></span> <span class='ocrx_word' id='word_1_95' title='bbox 1386 1707 1790 1803; x_wconf 88' lang='lat' dir='ltr'><strong>inclusique</strong></span> <span class='ocrx_word' id='word_1_96' title='bbox 1815 1719 2238 1791; x_wconf 86' lang='lat' dir='ltr'><strong>moererent,</strong></span> <span class='ocrx_word' id='word_1_97' title='bbox 2260 1708 2528 1805; x_wconf 84' lang='lat' dir='ltr'><strong>templa</strong></span> 
     </span>
     <span class='ocr_line' id='line_1_14' title="bbox 398 1815 2526 1913; baseline 0.002 -27"><span class='ocrx_word' id='word_1_98' title='bbox 398 1824 877 1912; x_wconf 59' lang='lat' dir='ltr'><strong>gemet-cutm,</strong></span> <span class='ocrx_word' id='word_1_99' title='bbox 920 1830 1106 1886; x_wconf 85' lang='lat' dir='ltr'><strong>tecta</strong></span> <span class='ocrx_word' id='word_1_100' title='bbox 1146 1817 1301 1912; x_wconf 85' lang='lat' dir='ltr'><strong>ipsa</strong></span> <span class='ocrx_word' id='word_1_101' title='bbox 1341 1815 1544 1887; x_wconf 88' lang='lat' dir='ltr'><strong>urbis</strong></span> <span class='ocrx_word' id='word_1_102' title='bbox 1583 1816 1943 1913; x_wconf 86' lang='lat' dir='ltr'><strong>lugerent,</strong></span> <span class='ocrx_word' id='word_1_103' title='bbox 1987 1816 2408 1913; x_wconf 78' lang='lat' dir='ltr'><strong>complexus</strong></span> <span class='ocrx_word' id='word_1_104' title='bbox 2450 1843 2526 1891; x_wconf 88' lang='lat' dir='ltr'><strong>es</strong></span> 
     </span>
     <span class='ocr_line' id='line_1_15' title="bbox 397 1922 2526 2022; baseline 0.003 -28"><span class='ocrx_word' id='word_1_105' title='bbox 397 1922 573 1995; x_wconf 90' lang='lat' dir='ltr'><strong>illud</strong></span> <span class='ocrx_word' id='word_1_106' title='bbox 616 1922 985 1996; x_wconf 88' lang='lat' dir='ltr'><strong>funestum</strong></span> <span class='ocrx_word' id='word_1_107' title='bbox 1030 1922 1371 1996; x_wconf 77' lang='lat' dir='ltr'><strong>animal¹³</strong></span> <span class='ocrx_word' id='word_1_108' title='bbox 1411 1951 1502 1996; x_wconf 84' lang='lat' dir='ltr'><strong>ex</strong></span> <span class='ocrx_word' id='word_1_109' title='bbox 1537 1924 1822 1997; x_wconf 84' lang='lat' dir='ltr'><strong>nefariis</strong></span> <span class='ocrx_word' id='word_1_110' title='bbox 1861 1927 2126 2022; x_wconf 89' lang='lat' dir='ltr'><strong>stupris</strong></span> <span class='ocrx_word' id='word_1_111' title='bbox 2151 1981 2170 2015; x_wconf 92' lang='lat'><strong>,</strong></span> <span class='ocrx_word' id='word_1_112' title='bbox 2207 1952 2292 1997; x_wconf 86' lang='lat' dir='ltr'><strong>ex</strong></span> <span class='ocrx_word' id='word_1_113' title='bbox 2337 1928 2526 2000; x_wconf 82' lang='lat' dir='ltr'><strong>civili</strong></span> 
     </span>
     <span class='ocr_line' id='line_1_16' title="bbox 400 2036 2525 2133; baseline 0.002 -28"><span class='ocrx_word' id='word_1_114' title='bbox 400 2057 697 2121; x_wconf 86' lang='lat' dir='ltr'><strong>cruore,</strong></span> <span class='ocrx_word' id='word_1_115' title='bbox 740 2060 829 2105; x_wconf 86' lang='lat' dir='ltr'><strong>ex</strong></span> <span class='ocrx_word' id='word_1_116' title='bbox 874 2037 1201 2107; x_wconf 89' lang='lat' dir='ltr'><strong>omnium</strong></span> <span class='ocrx_word' id='word_1_117' title='bbox 1250 2036 1602 2108; x_wconf 86' lang='lat' dir='ltr'><strong>scelerum</strong></span> <span class='ocrx_word' id='word_1_118' title='bbox 1646 2037 2192 2133; x_wconf 84' lang='lat' dir='ltr'><strong>importunitate</strong></span> <span class='ocrx_word' id='word_1_119' title='bbox 2217 2090 2236 2123; x_wconf 89' lang='lat'>‚</span> <span class='ocrx_word' id='word_1_120' title='bbox 2287 2052 2358 2107; x_wconf 88' lang='lat' dir='ltr'><strong>et</strong></span> <span class='ocrx_word' id='word_1_121' title='bbox 2391 2038 2525 2109; x_wconf 86' lang='lat' dir='ltr'><strong>fla-</strong></span> 
     </span>
     <span class='ocr_line' id='line_1_17' title="bbox 400 2138 2523 2269; baseline 0.003 -57"><span class='ocrx_word' id='word_1_122' title='bbox 400 2138 1205 2269; x_wconf 45' lang='lat' dir='ltr'><strong>gitiorum’impunitate</strong></span> <span class='ocrx_word' id='word_1_123' title='bbox 1240 2161 1657 2220; x_wconf 86' lang='lat' dir='ltr'><strong>concretum</strong></span> <span class='ocrx_word' id='word_1_124' title='bbox 1679 2201 1698 2235; x_wconf 88' lang='lat'>‚</span> <span class='ocrx_word' id='word_1_125' title='bbox 1731 2159 1950 2241; x_wconf 88' lang='lat' dir='ltr'><strong>atque</strong></span> <span class='ocrx_word' id='word_1_126' title='bbox 1968 2142 2226 2217; x_wconf 86' lang='lat' dir='ltr'><strong>eodem</strong></span> <span class='ocrx_word' id='word_1_127' title='bbox 2241 2147 2316 2217; x_wconf 87' lang='lat' dir='ltr'><strong>in</strong></span> <span class='ocrx_word' id='word_1_128' title='bbox 2344 2162 2523 2219; x_wconf 87' lang='lat' dir='ltr'><strong>tem-</strong></span> 
     </span>
     <span class='ocr_line' id='line_1_18' title="bbox 399 2252 2524 2355; baseline 0.003 -33"><span class='ocrx_word' id='word_1_129' title='bbox 399 2252 525 2350; x_wconf 92' lang='lat' dir='ltr'><strong>plo</strong></span> <span class='ocrx_word' id='word_1_130' title='bbox 542 2253 625 2341; x_wconf 73' lang='lat'><strong>¹4,</strong></span> <span class='ocrx_word' id='word_1_131' title='bbox 653 2253 906 2325; x_wconf 86' lang='lat' dir='ltr'><strong>eodem</strong></span> <span class='ocrx_word' id='word_1_132' title='bbox 933 2272 1006 2327; x_wconf 90' lang='lat' dir='ltr'><strong>et</strong></span> <span class='ocrx_word' id='word_1_133' title='bbox 1022 2255 1164 2327; x_wconf 92' lang='lat' dir='ltr'><strong>loci</strong></span> <span class='ocrx_word' id='word_1_134' title='bbox 1183 2257 1481 2355; x_wconf 85' lang='lat' dir='ltr'><strong>vestigio</strong></span> <span class='ocrx_word' id='word_1_135' title='bbox 1501 2272 1574 2328; x_wconf 89' lang='lat' dir='ltr'><strong>et</strong></span> <span class='ocrx_word' id='word_1_136' title='bbox 1598 2260 1974 2355; x_wconf 79' lang='lat' dir='ltr'><strong>temporiS,</strong></span> <span class='ocrx_word' id='word_1_137' title='bbox 1993 2254 2352 2327; x_wconf 80' lang='lat' dir='ltr'><strong>arbitria1⁵</strong></span> <span class='ocrx_word' id='word_1_138' title='bbox 2375 2284 2524 2331; x_wconf 91' lang='lat' dir='ltr'><strong>uon</strong></span> 
     </span>
     <span class='ocr_line' id='line_1_19' title="bbox 400 2365 2014 2466; baseline 0.001 -31"><span class='ocrx_word' id='word_1_139' title='bbox 400 2368 541 2435; x_wconf 89' lang='lat' dir='ltr'><strong>mei</strong></span> <span class='ocrx_word' id='word_1_140' title='bbox 577 2365 845 2453; x_wconf 90' lang='lat' dir='ltr'><strong>solum,</strong></span> <span class='ocrx_word' id='word_1_141' title='bbox 881 2365 1005 2438; x_wconf 86' lang='lat' dir='ltr'><strong>sed</strong></span> <span class='ocrx_word' id='word_1_142' title='bbox 1043 2370 1288 2466; x_wconf 86' lang='lat' dir='ltr'><strong>patriae</strong></span> <span class='ocrx_word' id='word_1_143' title='bbox 1324 2366 1598 2440; x_wconf 87' lang='lat' dir='ltr'><strong>funeris</strong></span> <span class='ocrx_word' id='word_1_144' title='bbox 1636 2366 2014 2439; x_wconf 85' lang='lat' dir='ltr'><strong>abstulisti.</strong></span> 
     </span>
    </p>

    <p class='ocr_par' dir='ltr' id='par_1_3' title="bbox 401 2473 2528 2796">
     <span class='ocr_line' id='line_1_20' title="bbox 495 2473 2518 2576; baseline 0.002 -32"><span class='ocrx_word' id='word_1_145' title='bbox 495 2479 580 2544; x_wconf 86' lang='lat' dir='ltr'><strong>X.</strong></span> <span class='ocrx_word' id='word_1_146' title='bbox 621 2473 817 2565; x_wconf 90' lang='lat' dir='ltr'><strong>Quid</strong></span> <span class='ocrx_word' id='word_1_147' title='bbox 854 2501 985 2574; x_wconf 87' lang='lat' dir='ltr'><strong>ego</strong></span> <span class='ocrx_word' id='word_1_148' title='bbox 1025 2478 1317 2550; x_wconf 88' lang='lat' dir='ltr'><strong>illorum</strong></span> <span class='ocrx_word' id='word_1_149' title='bbox 1354 2477 1634 2550; x_wconf 87' lang='lat' dir='ltr'><strong>dierum</strong></span> <span class='ocrx_word' id='word_1_150' title='bbox 1673 2478 1956 2576; x_wconf 88' lang='lat' dir='ltr'><strong>epulas,</strong></span> <span class='ocrx_word' id='word_1_151' title='bbox 1993 2476 2172 2574; x_wconf 91' lang='lat' dir='ltr'><strong>quid</strong></span> <span class='ocrx_word' id='word_1_152' title='bbox 2213 2477 2518 2548; x_wconf 83' lang='lat' dir='ltr'><strong>laetitiam</strong></span> 
     </span>
     <span class='ocr_line' id='line_1_21' title="bbox 401 2585 2523 2684; baseline 0.001 -29"><span class='ocrx_word' id='word_1_153' title='bbox 401 2601 474 2656; x_wconf 89' lang='lat' dir='ltr'><strong>et</strong></span> <span class='ocrx_word' id='word_1_154' title='bbox 511 2586 1058 2682; x_wconf 85' lang='lat' dir='ltr'><strong>gratulationem</strong></span> <span class='ocrx_word' id='word_1_155' title='bbox 1109 2602 1341 2673; x_wconf 88' lang='lat' dir='ltr'><strong>tuam,</strong></span> <span class='ocrx_word' id='word_1_156' title='bbox 1394 2587 1574 2684; x_wconf 89' lang='lat' dir='ltr'><strong>quid</strong></span> <span class='ocrx_word' id='word_1_157' title='bbox 1612 2611 1778 2659; x_wconf 87' lang='lat' dir='ltr'><strong>cum</strong></span> <span class='ocrx_word' id='word_1_158' title='bbox 1832 2587 1968 2657; x_wconf 89' lang='lat' dir='ltr'><strong>tuis</strong></span> <span class='ocrx_word' id='word_1_159' title='bbox 2019 2585 2523 2658; x_wconf 88' lang='lat' dir='ltr'><strong>sordidissimis</strong></span> 
     </span>
     <span class='ocr_line' id='line_1_22' title="bbox 401 2694 2528 2796; baseline 0 -31"><span class='ocrx_word' id='word_1_160' title='bbox 401 2695 737 2794; x_wconf 89' lang='lat' dir='ltr'><strong>gregibus</strong></span> <span class='ocrx_word' id='word_1_161' title='bbox 761 2708 780 2739; x_wconf 87' lang='lat'><em>¹</em></span> <span class='ocrx_word' id='word_1_162' title='bbox 848 2698 1608 2796; x_wconf 87' lang='lat' dir='ltr'><strong>intemperantissimas</strong></span> <span class='ocrx_word' id='word_1_163' title='bbox 1674 2698 2208 2794; x_wconf 83' lang='lat' dir='ltr'><strong>perpotationes</strong></span> <span class='ocrx_word' id='word_1_164' title='bbox 2268 2694 2528 2794; x_wconf 85' lang='lat' dir='ltr'><strong>praedi-</strong></span> 
     </span>
    </p>
   </div>
   <div class='ocr_carea' id='block_1_3' title="bbox 404 2899 1423 4069">
    <p class='ocr_par' dir='ltr' id='par_1_4' title="bbox 404 2899 1415 2964">
     <span class='ocr_line' id='line_1_23' title="bbox 404 2899 1415 2964; baseline 0.004 -18"><span class='ocrx_word' id='word_1_165' title='bbox 404 2899 553 2946; x_wconf 70' lang='lat' dir='ltr'><strong>fecem</strong></span> <span class='ocrx_word' id='word_1_166' title='bbox 582 2912 630 2947; x_wconf 87' lang='lat' dir='ltr'><strong>et</strong></span> <span class='ocrx_word' id='word_1_167' title='bbox 656 2899 889 2948; x_wconf 75' lang='lat' dir='ltr'><strong>laternam</strong></span> <span class='ocrx_word' id='word_1_168' title='bbox 912 2902 1159 2964; x_wconf 67' lang='lat' dir='ltr'><strong>preferret</strong></span> <span class='ocrx_word' id='word_1_169' title='bbox 1178 2900 1415 2952; x_wconf 73' lang='lat' dir='ltr'><strong>catilinae.</strong></span> 
     </span>
    </p>

    <p class='ocr_par' dir='ltr' id='par_1_5' title="bbox 404 2979 1421 3198">
     <span class='ocr_line' id='line_1_24' title="bbox 476 2979 1421 3046; baseline 0.004 -20"><span class='ocrx_word' id='word_1_170' title='bbox 476 2981 524 3029; x_wconf 91' lang='lat'><strong>8.</strong></span> <span class='ocrx_word' id='word_1_171' title='bbox 566 2979 799 3041; x_wconf 75' lang='lat' dir='ltr'><strong>Cymbala</strong></span> <span class='ocrx_word' id='word_1_172' title='bbox 840 2997 903 3028; x_wconf 82' lang='lat' dir='ltr'><strong>ac</strong></span> <span class='ocrx_word' id='word_1_173' title='bbox 940 2982 1147 3030; x_wconf 76' lang='lat' dir='ltr'><strong>crotala.</strong></span> <span class='ocrx_word' id='word_1_174' title='bbox 1188 2982 1421 3046; x_wconf 69' lang='lat' dir='ltr'><strong>Cymbala</strong></span> 
     </span>
     <span class='ocr_line' id='line_1_25' title="bbox 404 3060 1420 3126; baseline 0.001 -21"><span class='ocrx_word' id='word_1_175' title='bbox 404 3069 453 3105; x_wconf 90' lang='lat' dir='ltr'><strong>et</strong></span> <span class='ocrx_word' id='word_1_176' title='bbox 470 3060 647 3107; x_wconf 74' lang='lat' dir='ltr'><strong>crotala</strong></span> <span class='ocrx_word' id='word_1_177' title='bbox 681 3061 933 3109; x_wconf 66' lang='lat' dir='ltr'><strong>saltatores</strong></span> <span class='ocrx_word' id='word_1_178' title='bbox 956 3061 1233 3126; x_wconf 73' lang='lat' dir='ltr'><strong>composito</strong></span> <span class='ocrx_word' id='word_1_179' title='bbox 1256 3060 1420 3109; x_wconf 74' lang='lat' dir='ltr'><strong>sonitu</strong></span> 
     </span>
     <span class='ocr_line' id='line_1_26' title="bbox 406 3136 718 3198; baseline 0.013 -14"><span class='ocrx_word' id='word_1_180' title='bbox 406 3136 718 3198; x_wconf 77' lang='lat' dir='ltr'><strong>adjuvabant.</strong></span> 
     </span>
    </p>

    <p class='ocr_par' dir='ltr' id='par_1_6' title="bbox 406 3215 1417 3356">
     <span class='ocr_line' id='line_1_27' title="bbox 478 3215 1417 3281; baseline 0 -17"><span class='ocrx_word' id='word_1_181' title='bbox 478 3233 527 3278; x_wconf 88' lang='lat'><strong>9.</strong></span> <span class='ocrx_word' id='word_1_182' title='bbox 570 3215 768 3266; x_wconf 75' lang='lat' dir='ltr'><strong>schiitz.</strong></span> <span class='ocrx_word' id='word_1_183' title='bbox 820 3218 955 3266; x_wconf 80' lang='lat' dir='ltr'><strong>malit</strong></span> <span class='ocrx_word' id='word_1_184' title='bbox 974 3255 989 3280; x_wconf 87' lang='lat'><strong>,</strong></span> <span class='ocrx_word' id='word_1_185' title='bbox 1034 3241 1059 3259; x_wconf 75' lang='grc' dir='ltr'><strong>α</strong></span> <span class='ocrx_word' id='word_1_186' title='bbox 1081 3229 1165 3266; x_wconf 80' lang='lat' dir='ltr'><strong>aut</strong></span> <span class='ocrx_word' id='word_1_187' title='bbox 1212 3217 1417 3281; x_wconf 69' lang='lat' dir='ltr'><strong>collegae</strong></span> 
     </span>
     <span class='ocr_line' id='line_1_28' title="bbox 406 3293 1352 3356; baseline 0.004 -15"><span class='ocrx_word' id='word_1_188' title='bbox 406 3293 478 3342; x_wconf 83' lang='lat' dir='ltr'><strong>tui</strong></span> <span class='ocrx_word' id='word_1_189' title='bbox 497 3315 540 3342; x_wconf 70' lang='lat' dir='ltr'><strong>n.</strong></span> <span class='ocrx_word' id='word_1_190' title='bbox 565 3296 613 3344; x_wconf 83' lang='lat' dir='ltr'><strong>J.</strong></span> <span class='ocrx_word' id='word_1_191' title='bbox 635 3298 699 3342; x_wconf 83' lang='lat' dir='ltr'><strong>V.</strong></span> <span class='ocrx_word' id='word_1_192' title='bbox 720 3297 773 3343; x_wconf 84' lang='lat' dir='ltr'><strong>L.</strong></span> <span class='ocrx_word' id='word_1_193' title='bbox 1344 3348 1352 3356; x_wconf 53' lang='lat'>‚</span> 
     </span>
    </p>

    <p class='ocr_par' dir='ltr' id='par_1_7' title="bbox 404 3373 1423 3673">
     <span class='ocr_line' id='line_1_29' title="bbox 484 3373 1417 3425; baseline 0.004 -7"><span class='ocrx_word' id='word_1_194' title='bbox 484 3387 561 3418; x_wconf 93' lang='lat'><strong>10.</strong></span> <span class='ocrx_word' id='word_1_195' title='bbox 588 3373 685 3420; x_wconf 78' lang='lat' dir='ltr'><strong>Sed</strong></span> <span class='ocrx_word' id='word_1_196' title='bbox 710 3373 783 3422; x_wconf 72' lang='lat' dir='ltr'><strong>his</strong></span> <span class='ocrx_word' id='word_1_197' title='bbox 822 3391 969 3423; x_wconf 78' lang='lat' dir='ltr'><strong>unum</strong></span> <span class='ocrx_word' id='word_1_198' title='bbox 1000 3393 1090 3424; x_wconf 85' lang='lat' dir='ltr'><strong>me.</strong></span> <span class='ocrx_word' id='word_1_199' title='bbox 1113 3376 1317 3425; x_wconf 70' lang='lat' dir='ltr'><strong>Obviam</strong></span> <span class='ocrx_word' id='word_1_200' title='bbox 1349 3376 1417 3424; x_wconf 85' lang='lat' dir='ltr'><strong>ivi</strong></span> 
     </span>
     <span class='ocr_line' id='line_1_30' title="bbox 407 3449 1423 3518; baseline 0.007 -23"><span class='ocrx_word' id='word_1_201' title='bbox 407 3449 628 3514; x_wconf 85' lang='lat' dir='ltr'><strong>periculo</strong></span> <span class='ocrx_word' id='word_1_202' title='bbox 643 3486 657 3510; x_wconf 91' lang='lat'><strong>,</strong></span> <span class='ocrx_word' id='word_1_203' title='bbox 682 3462 729 3498; x_wconf 88' lang='lat' dir='ltr'><strong>et</strong></span> <span class='ocrx_word' id='word_1_204' title='bbox 753 3469 843 3516; x_wconf 87' lang='lat' dir='ltr'><strong>pro</strong></span> <span class='ocrx_word' id='word_1_205' title='bbox 874 3453 1120 3518; x_wconf 76' lang='lat' dir='ltr'><strong>republica</strong></span> <span class='ocrx_word' id='word_1_206' title='bbox 1140 3455 1276 3503; x_wconf 74' lang='lat' dir='ltr'><strong>solus</strong></span> <span class='ocrx_word' id='word_1_207' title='bbox 1304 3465 1423 3502; x_wconf 86' lang='lat' dir='ltr'><strong>tem·</strong></span> 
     </span>
     <span class='ocr_line' id='line_1_31' title="bbox 408 3533 1421 3596; baseline 0.005 -20"><span class='ocrx_word' id='word_1_208' title='bbox 408 3537 639 3592; x_wconf 77' lang='lat' dir='ltr'><strong>pestatem</strong></span> <span class='ocrx_word' id='word_1_209' title='bbox 671 3533 873 3595; x_wconf 82' lang='lat' dir='ltr'><strong>excepi,</strong></span> <span class='ocrx_word' id='word_1_210' title='bbox 902 3549 1007 3596; x_wconf 81' lang='lat' dir='ltr'><strong>cap.</strong></span> <span class='ocrx_word' id='word_1_211' title='bbox 1048 3549 1141 3592; x_wconf 81' lang='lat'><strong>20,</strong></span> <span class='ocrx_word' id='word_1_212' title='bbox 1179 3550 1291 3581; x_wconf 84' lang='lat' dir='ltr'><strong>cum</strong></span> <span class='ocrx_word' id='word_1_213' title='bbox 1326 3533 1421 3581; x_wconf 88' lang='lat' dir='ltr'><strong>hoc</strong></span> 
     </span>
     <span class='ocr_line' id='line_1_32' title="bbox 404 3607 1288 3673; baseline 0.006 -18"><span class='ocrx_word' id='word_1_214' title='bbox 404 3607 519 3657; x_wconf 90' lang='lat' dir='ltr'><strong>loco</strong></span> <span class='ocrx_word' id='word_1_215' title='bbox 546 3607 689 3673; x_wconf 73' lang='lat' dir='ltr'><strong>plane</strong></span> <span class='ocrx_word' id='word_1_216' title='bbox 712 3621 782 3656; x_wconf 75' lang='lat' dir='ltr'><strong>est</strong></span> <span class='ocrx_word' id='word_1_217' title='bbox 813 3611 1133 3660; x_wconf 70' lang='lat' dir='ltr'><strong>conserendus</strong></span> <span class='ocrx_word' id='word_1_218' title='bbox 1156 3615 1288 3661; x_wconf 75' lang='lat' dir='ltr'><strong>Sext.</strong></span> 
     </span>
    </p>

    <p class='ocr_par' dir='ltr' id='par_1_8' title="bbox 406 3685 1423 4069">
     <span class='ocr_line' id='line_1_33' title="bbox 484 3685 1421 3738; baseline 0.006 -5"><span class='ocrx_word' id='word_1_219' title='bbox 484 3703 503 3733; x_wconf 83' lang='lat'>1</span> <span class='ocrx_word' id='word_1_220' title='bbox 520 3701 539 3733; x_wconf 89' lang='lat'>1</span> <span class='ocrx_word' id='word_1_221' title='bbox 553 3724 564 3733; x_wconf 96' lang='lat'><strong>.</strong></span> <span class='ocrx_word' id='word_1_222' title='bbox 592 3685 766 3734; x_wconf 79' lang='lat' dir='ltr'><strong>Gladii</strong></span> <span class='ocrx_word' id='word_1_223' title='bbox 776 3687 838 3734; x_wconf 81' lang='lat' dir='ltr'><strong>de</strong></span> <span class='ocrx_word' id='word_1_224' title='bbox 855 3689 1072 3736; x_wconf 80' lang='lat' dir='ltr'><strong>manibus</strong></span> <span class='ocrx_word' id='word_1_225' title='bbox 1087 3689 1421 3738; x_wconf 76' lang='lat' dir='ltr'><strong>crudelissimis</strong></span> 
     </span>
     <span class='ocr_line' id='line_1_34' title="bbox 408 3765 1419 3817; baseline 0.004 -5"><span class='ocrx_word' id='word_1_226' title='bbox 408 3765 712 3814; x_wconf 74' lang='lat' dir='ltr'><strong>exciderunt.</strong></span> <span class='ocrx_word' id='word_1_227' title='bbox 740 3767 929 3815; x_wconf 77' lang='lat' dir='ltr'><strong>Cedens</strong></span> <span class='ocrx_word' id='word_1_228' title='bbox 955 3785 981 3814; x_wconf 98' lang='lat' dir='ltr'><strong>e</strong></span> <span class='ocrx_word' id='word_1_229' title='bbox 1008 3768 1200 3817; x_wconf 69' lang='lat' dir='ltr'><strong>civitate</strong></span> <span class='ocrx_word' id='word_1_230' title='bbox 1234 3769 1287 3816; x_wconf 83' lang='lat' dir='ltr'><strong>id</strong></span> <span class='ocrx_word' id='word_1_231' title='bbox 1314 3785 1419 3816; x_wconf 82' lang='lat' dir='ltr'><strong>sum</strong></span> 
     </span>
     <span class='ocr_line' id='line_1_35' title="bbox 407 3846 1419 3910; baseline 0.004 -18"><span class='ocrx_word' id='word_1_232' title='bbox 407 3857 734 3910; x_wconf 74' lang='lat' dir='ltr'><strong>consequutus</strong></span> <span class='ocrx_word' id='word_1_233' title='bbox 748 3881 762 3906; x_wconf 94' lang='lat'><strong>,</strong></span> <span class='ocrx_word' id='word_1_234' title='bbox 797 3857 854 3893; x_wconf 93' lang='lat' dir='ltr'><strong>ut</strong></span> <span class='ocrx_word' id='word_1_235' title='bbox 878 3846 1419 3910; x_wconf 75' lang='lat' dir='ltr'><strong>improborumcivium</strong></span> 
     </span>
     <span class='ocr_line' id='line_1_36' title="bbox 406 3925 1421 3993; baseline 0.003 -21"><span class='ocrx_word' id='word_1_236' title='bbox 406 3928 593 3973; x_wconf 80' lang='lat' dir='ltr'><strong>animos</strong></span> <span class='ocrx_word' id='word_1_237' title='bbox 610 3927 711 3988; x_wconf 80' lang='lat' dir='ltr'><strong>jam</strong></span> <span class='ocrx_word' id='word_1_238' title='bbox 748 3925 812 3973; x_wconf 72' lang='lat' dir='ltr'><strong>nd</strong></span> <span class='ocrx_word' id='word_1_239' title='bbox 837 3925 1018 3974; x_wconf 90' lang='lat' dir='ltr'><strong>bellum</strong></span> <span class='ocrx_word' id='word_1_240' title='bbox 1061 3926 1203 3976; x_wconf 84' lang='lat' dir='ltr'><strong>civile</strong></span> <span class='ocrx_word' id='word_1_241' title='bbox 1228 3938 1421 3993; x_wconf 73' lang='lat' dir='ltr'><strong>paratos</strong></span> 
     </span>
     <span class='ocr_line' id='line_1_37' title="bbox 406 4002 1423 4069; baseline 0.001 -18"><span class='ocrx_word' id='word_1_242' title='bbox 406 4005 710 4069; x_wconf 65' lang='lat' dir='ltr'><strong>represserint</strong></span> <span class='ocrx_word' id='word_1_243' title='bbox 725 4040 739 4064; x_wconf 87' lang='lat'><strong>,</strong></span> <span class='ocrx_word' id='word_1_244' title='bbox 781 4002 1121 4069; x_wconf 61' lang='lat' dir='ltr'><strong>effecerimqu‘e</strong></span> <span class='ocrx_word' id='word_1_245' title='bbox 1136 4039 1153 4064; x_wconf 90' lang='lat'><strong>,</strong></span> <span class='ocrx_word' id='word_1_246' title='bbox 1179 4020 1241 4052; x_wconf 89' lang='lat' dir='ltr'><strong>ue</strong></span> <span class='ocrx_word' id='word_1_247' title='bbox 1260 4021 1423 4068; x_wconf 80' lang='lat' dir='ltr'><strong>respu-</strong></span> 
     </span>
    </p>
   </div>
   <div class='ocr_carea' id='block_1_4' title="bbox 404 4082 1373 4148">
    <p class='ocr_par' dir='ltr' id='par_1_9' title="bbox 404 4082 1373 4148">
     <span class='ocr_line' id='line_1_38' title="bbox 404 4082 1373 4148; baseline 0 -18"><span class='ocrx_word' id='word_1_248' title='bbox 404 4082 531 4130; x_wconf 75' lang='lat' dir='ltr'><strong>blica</strong></span> <span class='ocrx_word' id='word_1_249' title='bbox 559 4083 798 4132; x_wconf 87' lang='lat' dir='ltr'><strong>bellorum</strong></span> <span class='ocrx_word' id='word_1_250' title='bbox 818 4082 1047 4133; x_wconf 83' lang='lat' dir='ltr'><strong>incendio</strong></span> <span class='ocrx_word' id='word_1_251' title='bbox 1073 4082 1373 4148; x_wconf 73' lang='lat' dir='ltr'><strong>deflagraret.</strong></span> 
     </span>
    </p>
   </div>
   <div class='ocr_carea' id='block_1_5' title="bbox 1507 2899 2531 4150">
    <p class='ocr_par' dir='ltr' id='par_1_10' title="bbox 1507 2899 2527 3440">
     <span class='ocr_line' id='line_1_39' title="bbox 1587 2899 2527 2964; baseline -0.002 -14"><span class='ocrx_word' id='word_1_252' title='bbox 1587 2918 1666 2950; x_wconf 80' lang='lat'><strong>12.</strong></span> <span class='ocrx_word' id='word_1_253' title='bbox 1721 2900 1916 2964; x_wconf 80' lang='lat' dir='ltr'><strong>Templa</strong></span> <span class='ocrx_word' id='word_1_254' title='bbox 1950 2909 2215 2964; x_wconf 73' lang='lat' dir='ltr'><strong>gemerent.</strong></span> <span class='ocrx_word' id='word_1_255' title='bbox 2257 2899 2430 2963; x_wconf 80' lang='lat' dir='ltr'><strong>Neque</strong></span> <span class='ocrx_word' id='word_1_256' title='bbox 2475 2901 2527 2948; x_wconf 86' lang='lat' dir='ltr'><strong>id</strong></span> 
     </span>
     <span class='ocr_line' id='line_1_40' title="bbox 1509 2977 2524 3045; baseline -0.001 -16"><span class='ocrx_word' id='word_1_257' title='bbox 1509 2981 1694 3045; x_wconf 80' lang='lat' dir='ltr'><strong>maguis</strong></span> <span class='ocrx_word' id='word_1_258' title='bbox 1711 2977 2036 3043; x_wconf 69' lang='lat' dir='ltr'><strong>scriptoribus</strong></span> <span class='ocrx_word' id='word_1_259' title='bbox 2065 2988 2135 3025; x_wconf 75' lang='lat' dir='ltr'><strong>est</strong></span> <span class='ocrx_word' id='word_1_260' title='bbox 2167 2978 2410 3026; x_wconf 70' lang='lat' dir='ltr'><strong>insuetum</strong></span> <span class='ocrx_word' id='word_1_261' title='bbox 2427 3014 2442 3040; x_wconf 88' lang='lat'><strong>,</strong></span> <span class='ocrx_word' id='word_1_262' title='bbox 2468 2992 2524 3028; x_wconf 88' lang='lat' dir='ltr'><strong>ut</strong></span> 
     </span>
     <span class='ocr_line' id='line_1_41' title="bbox 1507 3057 2526 3110; baseline -0.002 0"><span class='ocrx_word' id='word_1_263' title='bbox 1507 3061 1694 3110; x_wconf 85' lang='lat' dir='ltr'><strong>luctum</strong></span> <span class='ocrx_word' id='word_1_264' title='bbox 1738 3058 1954 3107; x_wconf 80' lang='lat' dir='ltr'><strong>tribuant</strong></span> <span class='ocrx_word' id='word_1_265' title='bbox 2015 3057 2158 3104; x_wconf 73' lang='lat' dir='ltr'><strong>rebus</strong></span> <span class='ocrx_word' id='word_1_266' title='bbox 2201 3058 2424 3105; x_wconf 78' lang='lat' dir='ltr'><strong>inanimis</strong></span> <span class='ocrx_word' id='word_1_267' title='bbox 2475 3071 2526 3108; x_wconf 81' lang='lat' dir='ltr'><strong>et</strong></span> 
     </span>
     <span class='ocr_line' id='line_1_42' title="bbox 1508 3135 2524 3201; baseline -0.003 -12"><span class='ocrx_word' id='word_1_268' title='bbox 1508 3140 1680 3189; x_wconf 72' lang='lat' dir='ltr'><strong>brutis.</strong></span> <span class='ocrx_word' id='word_1_269' title='bbox 1708 3140 1850 3186; x_wconf 73' lang='lat' dir='ltr'><strong>Maro</strong></span> <span class='ocrx_word' id='word_1_270' title='bbox 1870 3135 2040 3183; x_wconf 86' lang='lat' dir='ltr'><strong>Bucol.</strong></span> <span class='ocrx_word' id='word_1_271' title='bbox 2056 3139 2122 3194; x_wconf 80' lang='lat' dir='ltr'><strong>V,</strong></span> <span class='ocrx_word' id='word_1_272' title='bbox 2143 3151 2204 3196; x_wconf 76' lang='lat'><strong>²7</strong></span> <span class='ocrx_word' id='word_1_273' title='bbox 2224 3150 2238 3185; x_wconf 91' lang='lat'><strong>:</strong></span> <span class='ocrx_word' id='word_1_274' title='bbox 2262 3135 2494 3201; x_wconf 59' lang='lat' dir='ltr'><strong>“Daphni</strong></span> <span class='ocrx_word' id='word_1_275' title='bbox 2510 3174 2524 3194; x_wconf 89' lang='lat'><strong>,</strong></span> 
     </span>
     <span class='ocr_line' id='line_1_43' title="bbox 1510 3213 2523 3276; baseline -0.002 -10"><span class='ocrx_word' id='word_1_276' title='bbox 1510 3229 1648 3267; x_wconf 87' lang='lat' dir='ltr'><strong>tuum</strong></span> <span class='ocrx_word' id='word_1_277' title='bbox 1671 3219 1850 3264; x_wconf 70' lang='lat' dir='ltr'><strong>Poenos</strong></span> <span class='ocrx_word' id='word_1_278' title='bbox 1872 3215 2015 3260; x_wconf 78' lang='lat' dir='ltr'><strong>etiam</strong></span> <span class='ocrx_word' id='word_1_279' title='bbox 2035 3213 2326 3276; x_wconf 62' lang='lat' dir='ltr'><strong>ingemuisse</strong></span> <span class='ocrx_word' id='word_1_280' title='bbox 2355 3215 2523 3264; x_wconf 71' lang='lat' dir='ltr'><strong>leones</strong></span> 
     </span>
     <span class='ocr_line' id='line_1_44' title="bbox 1508 3291 2524 3359; baseline -0.005 -15"><span class='ocrx_word' id='word_1_281' title='bbox 1508 3297 1784 3353; x_wconf 80' lang='lat' dir='ltr'><strong>luteritum,</strong></span> <span class='ocrx_word' id='word_1_282' title='bbox 1823 3304 2108 3356; x_wconf 75' lang='lat' dir='ltr'><strong>montesque</strong></span> <span class='ocrx_word' id='word_1_283' title='bbox 2147 3291 2236 3339; x_wconf 78' lang='lat' dir='ltr'><strong>feri</strong></span> <span class='ocrx_word' id='word_1_284' title='bbox 2279 3292 2524 3359; x_wconf 70' lang='lat' dir='ltr'><strong>sylvaeque</strong></span> 
     </span>
     <span class='ocr_line' id='line_1_45' title="bbox 1507 3375 1838 3440; baseline -0.009 -17"><span class='ocrx_word' id='word_1_285' title='bbox 1507 3375 1778 3440; x_wconf 85' lang='lat' dir='ltr'><strong>loquuntur</strong></span> <span class='ocrx_word' id='word_1_286' title='bbox 1796 3395 1838 3420; x_wconf 75' lang='lat'><strong>2·-</strong></span> 
     </span>
    </p>

    <p class='ocr_par' dir='ltr' id='par_1_11' title="bbox 1590 3447 2522 3503">
     <span class='ocr_line' id='line_1_46' title="bbox 1590 3447 2522 3503; baseline -0.001 0"><span class='ocrx_word' id='word_1_287' title='bbox 1590 3456 1669 3503; x_wconf 81' lang='lat'><strong>13.</strong></span> <span class='ocrx_word' id='word_1_288' title='bbox 1688 3455 1950 3501; x_wconf 75' lang='lat' dir='ltr'><strong>Funestam</strong></span> <span class='ocrx_word' id='word_1_289' title='bbox 1974 3447 2183 3497; x_wconf 76' lang='lat' dir='ltr'><strong>animal.</strong></span> <span class='ocrx_word' id='word_1_290' title='bbox 2205 3451 2261 3498; x_wconf 90' lang='lat' dir='ltr'><strong>P.</strong></span> <span class='ocrx_word' id='word_1_291' title='bbox 2281 3449 2522 3502; x_wconf 84' lang='lat' dir='ltr'><strong>Clodium.</strong></span> 
     </span>
    </p>

    <p class='ocr_par' dir='ltr' id='par_1_12' title="bbox 1510 3529 2526 3756">
     <span class='ocr_line' id='line_1_47' title="bbox 1590 3529 2524 3596; baseline 0.001 -15"><span class='ocrx_word' id='word_1_292' title='bbox 1590 3541 1668 3590; x_wconf 73' lang='lat'><strong>14.</strong></span> <span class='ocrx_word' id='word_1_293' title='bbox 1719 3537 1880 3596; x_wconf 77' lang='lat' dir='ltr'><strong>Atque</strong></span> <span class='ocrx_word' id='word_1_294' title='bbox 1919 3529 2084 3578; x_wconf 83' lang='lat' dir='ltr'><strong>eodem</strong></span> <span class='ocrx_word' id='word_1_295' title='bbox 2131 3529 2181 3578; x_wconf 77' lang='lat' dir='ltr'><strong>in</strong></span> <span class='ocrx_word' id='word_1_296' title='bbox 2231 3532 2424 3596; x_wconf 79' lang='lat' dir='ltr'><strong>templo,</strong></span> <span class='ocrx_word' id='word_1_297' title='bbox 2467 3535 2524 3582; x_wconf 90' lang='lat' dir='ltr'><strong>In</strong></span> 
     </span>
     <span class='ocr_line' id='line_1_48' title="bbox 1510 3608 2526 3676; baseline 0 -14"><span class='ocrx_word' id='word_1_298' title='bbox 1510 3612 1697 3676; x_wconf 86' lang='lat' dir='ltr'><strong>templo</strong></span> <span class='ocrx_word' id='word_1_299' title='bbox 1719 3611 1932 3660; x_wconf 74' lang='lat' dir='ltr'><strong>Castoris</strong></span> <span class='ocrx_word' id='word_1_300' title='bbox 1947 3644 1962 3668; x_wconf 88' lang='lat'><strong>,</strong></span> <span class='ocrx_word' id='word_1_301' title='bbox 1985 3608 2060 3657; x_wconf 84' lang='lat' dir='ltr'><strong>vel</strong></span> <span class='ocrx_word' id='word_1_302' title='bbox 2085 3610 2138 3656; x_wconf 87' lang='lat' dir='ltr'><strong>in</strong></span> <span class='ocrx_word' id='word_1_303' title='bbox 2169 3609 2278 3674; x_wconf 80' lang='lat' dir='ltr'><strong>ipso</strong></span> <span class='ocrx_word' id='word_1_304' title='bbox 2306 3611 2446 3672; x_wconf 87' lang='lat' dir='ltr'><strong>foro,</strong></span> <span class='ocrx_word' id='word_1_305' title='bbox 2476 3626 2526 3663; x_wconf 85' lang='lat' dir='ltr'><strong>et</strong></span> 
     </span>
     <span class='ocr_line' id='line_1_49' title="bbox 1510 3686 1980 3756; baseline -0.009 -18"><span class='ocrx_word' id='word_1_306' title='bbox 1510 3690 1713 3738; x_wconf 77' lang='lat' dir='ltr'><strong>Aurelio</strong></span> <span class='ocrx_word' id='word_1_307' title='bbox 1731 3686 1980 3756; x_wconf 76' lang='lat' dir='ltr'><strong>tribunali.</strong></span> 
     </span>
    </p>

    <p class='ocr_par' dir='ltr' id='par_1_13' title="bbox 1507 3762 2528 3992">
     <span class='ocr_line' id='line_1_50' title="bbox 1587 3762 2528 3829; baseline 0 -13"><span class='ocrx_word' id='word_1_308' title='bbox 1587 3784 1606 3815; x_wconf 84' lang='lat'>1</span> <span class='ocrx_word' id='word_1_309' title='bbox 1617 3768 1666 3816; x_wconf 82' lang='lat'><strong>5.</strong></span> <span class='ocrx_word' id='word_1_310' title='bbox 1692 3766 1908 3815; x_wconf 78' lang='lat' dir='ltr'><strong>Arbitria</strong></span> <span class='ocrx_word' id='word_1_311' title='bbox 1922 3800 1933 3812; x_wconf 91' lang='lat'><strong>.</strong></span> <span class='ocrx_word' id='word_1_312' title='bbox 1947 3800 1960 3813; x_wconf 90' lang='lat'><strong>.</strong></span> <span class='ocrx_word' id='word_1_313' title='bbox 1973 3762 2200 3829; x_wconf 72' lang='lat' dir='ltr'><strong>‚furter-is.</strong></span> <span class='ocrx_word' id='word_1_314' title='bbox 2221 3769 2418 3816; x_wconf 72' lang='lat' dir='ltr'><strong>Praemia</strong></span> <span class='ocrx_word' id='word_1_315' title='bbox 2432 3772 2528 3820; x_wconf 75' lang='lat' dir='ltr'><strong>mei</strong></span> 
     </span>
     <span class='ocr_line' id='line_1_51' title="bbox 1507 3845 2523 3912; baseline 0.001 -16"><span class='ocrx_word' id='word_1_316' title='bbox 1507 3848 1712 3908; x_wconf 75' lang='lat' dir='ltr'><strong>funeris,</strong></span> <span class='ocrx_word' id='word_1_317' title='bbox 1724 3845 2028 3912; x_wconf 83' lang='lat' dir='ltr'><strong>provinciam</strong></span> <span class='ocrx_word' id='word_1_318' title='bbox 2045 3845 2148 3894; x_wconf 77' lang='lat' dir='ltr'><strong>scil.</strong></span> <span class='ocrx_word' id='word_1_319' title='bbox 2167 3847 2523 3910; x_wconf 72' lang='lat' dir='ltr'><strong>Macedoniam,</strong></span> 
     </span>
     <span class='ocr_line' id='line_1_52' title="bbox 1507 3924 2383 3992; baseline 0.001 -18"><span class='ocrx_word' id='word_1_320' title='bbox 1507 3943 1653 3990; x_wconf 75' lang='lat' dir='ltr'><strong>quam</strong></span> <span class='ocrx_word' id='word_1_321' title='bbox 1673 3925 1874 3992; x_wconf 84' lang='lat' dir='ltr'><strong>prodito</strong></span> <span class='ocrx_word' id='word_1_322' title='bbox 1897 3924 2132 3974; x_wconf 84' lang='lat' dir='ltr'><strong>Cicerone</strong></span> <span class='ocrx_word' id='word_1_323' title='bbox 2155 3925 2383 3976; x_wconf 85' lang='lat' dir='ltr'><strong>obtinuit.</strong></span> 
     </span>
    </p>

    <p class='ocr_par' dir='ltr' id='par_1_14' title="bbox 1510 3999 2531 4150">
     <span class='ocr_line' id='line_1_53' title="bbox 1579 3999 2531 4070; baseline 0.001 -17"><span class='ocrx_word' id='word_1_324' title='bbox 1579 4007 1650 4054; x_wconf 76' lang='lat' dir='ltr'><strong>X.</strong></span> <span class='ocrx_word' id='word_1_325' title='bbox 1693 4021 1714 4052; x_wconf 88' lang='lat'>1</span> <span class='ocrx_word' id='word_1_326' title='bbox 1728 4042 1740 4054; x_wconf 91' lang='lat'><strong>.</strong></span> <span class='ocrx_word' id='word_1_327' title='bbox 1779 3999 1904 4052; x_wconf 78' lang='lat' dir='ltr'><strong>’Cum</strong></span> <span class='ocrx_word' id='word_1_328' title='bbox 1949 4004 2044 4052; x_wconf 76' lang='lat' dir='ltr'><strong>tuis</strong></span> <span class='ocrx_word' id='word_1_329' title='bbox 2076 4003 2260 4052; x_wconf 80' lang='lat' dir='ltr'><strong>sordid.</strong></span> <span class='ocrx_word' id='word_1_330' title='bbox 2289 4005 2531 4070; x_wconf 75' lang='lat' dir='ltr'><strong>gregibus.</strong></span> 
     </span>
     <span class='ocr_line' id='line_1_54' title="bbox 1510 4083 2528 4150; baseline 0.002 -18"><span class='ocrx_word' id='word_1_331' title='bbox 1510 4085 1632 4132; x_wconf 85' lang='lat' dir='ltr'><strong>Cum</strong></span> <span class='ocrx_word' id='word_1_332' title='bbox 1665 4083 1758 4130; x_wconf 72' lang='lat' dir='ltr'><strong>tuis</strong></span> <span class='ocrx_word' id='word_1_333' title='bbox 1786 4083 2022 4131; x_wconf 66' lang='lat' dir='ltr'><strong>Graeculis</strong></span> <span class='ocrx_word' id='word_1_334' title='bbox 2049 4093 2101 4130; x_wconf 85' lang='lat' dir='ltr'><strong>et</strong></span> <span class='ocrx_word' id='word_1_335' title='bbox 2130 4083 2410 4146; x_wconf 76' lang='lat' dir='ltr'><strong>Epicureis,</strong></span> <span class='ocrx_word' id='word_1_336' title='bbox 2441 4088 2528 4150; x_wconf 89' lang='lat' dir='ltr'><strong>qui</strong></span> 
     </span>
    </p>
   </div>
  </div>
 </body>
</html>
