2996 4694
1228 139 1242 170 Ι

487 387 628 483 374
1109 385 1207 453 Μ.
1257 385 1336 452 Τ.
1387 380 1970 455 CICERONIS

582 509 769 582 XIII.
806 509 897 577 Et
918 505 1082 603 quis
1106 503 1380 576 audivit
1398 512 1422 548 ¹
1456 528 1607 575 non
1628 499 1849 573 modo
1884 501 2243 572 actionem
2276 497 2613 597 aliquam,

487 632 614 690 aut
629 616 1075 703 relationem,
1087 613 1213 685 sed
1237 639 1489 709 vocem
1509 612 1831 697 omnino,
1852 625 1975 682 aut
1994 610 2359 708 querelam
2376 609 2613 681 tuam?

485 727 872 800 Consulem
899 729 983 797 'te
1023 739 1182 796 tum
1205 723 1423 796 fuisse
1457 737 1705 822 putee,
1741 722 1950 818 cujus
1987 724 2063 791 in
2092 721 2463 816 imperio²‚
2484 723 2610 816 qui

483 836 1002 934 rempublicam
1023 887 1042 924 ‚
1089 847 1380 907 senatus
1415 837 1911 907 auctoritatem
1956 829 2315 904 servarat³
2360 829 2609 928 [idem-

483 946 664 1046 que⁴
694 950 770 1019 in
793 943 1019 1043 Italia]
1037 999 1056 1031 ‚
1080 948 1206 1043 qui
1234 969 1488 1018 omnes
1520 945 1843 1016 omnium
1871 943 2193 1040 gentium
2219 955 2457 1039 partes
2494 941 2613 1010 tri·

481 1056 622 1130 bus
645 1055 1034 1154 triumphis
1062 1055 1517 1143 devinxerat,
1540 1056 1602 1126 is
1628 1079 1705 1126 se
1740 1057 1815 1126 in
1850 1053 2141 1152 publico
2178 1067 2339 1123 tuto
2368 1053 2611 1122 statuit

478 1193 632 1242 esse
669 1192 821 1239 non
849 1167 1114 1266 posse?
1153 1172 1260 1238 An
1301 1180 1457 1238 tum
1489 1166 1704 1237 eratis
1730 1163 2095 1250 consules,
2138 1187 2403 1260 quum,
2436 1186 2613 1258 qua-

479 1299 796 1376 cumque
837 1276 930 1348 de
975 1301 1054 1347 re
1101 1275 1407 1349 verbum
1447 1273 1681 1348 facere
1730 1276 2139 1372 coeperatis,
2184 1288 2310 1346 aut
2346 1271 2611 1344 referre

479 1387 570 1460 ad
601 1401 933 1458 senatum
951 1440 970 1472 ‚
1008 1399 1314 1458 cunctus
1342 1383 1525 1458 ordo
1544 1384 2011 1473 reclamabat,
2040 1379 2611 1480 ostendebatque

479 1497 657 1570 nihil
708 1521 862 1568 esse
910 1521 1038 1594 vos
1083 1509 1399 1582 acturos,
1440 1496 1579 1566 nisi
1616 1497 1817 1593 prius
1860 1493 1953 1566 de
1998 1517 2114 1564 me
2150 1491 2613 1564 retulissetis?

483 1631 710 1704 quum
738 1632 866 1678 vos
889 1661 908 1693 ‚
947 1629 1392 1704 quamquam
1427 1602 1748 1676 foedere⁵
1781 1603 2109 1676 obstricti
2142 1605 2612 1688 tenebamini,

479 1732 720 1789 tamen
755 1741 1021 1815 cupere
1057 1741 1186 1788 vos
1222 1715 1552 1788 diceretis
1574 1770 1599 1804 ,
1642 1716 1767 1788 sed
1795 1714 1950 1813 lege
1984 1710 2409 1813 impedit-1⁶?
2436 1715 2614 1802 Quoe

484 1828 598 1899 lex
621 1829 912 1927 privatis
941 1826 1358 1898 hominibus
1387 1852 1544 1900 esse
1578 1827 1731 1900 lex?
1767 1852 1915 1898 non
1942 1825 2344 1909 videbatur,
2380 1828 2617 1897 inusta

482 1963 614 2037 per
639 1933 955 2027 servos3‚
976 1940 1200 2011 incisa
1224 1963 1354 2036 per
1369 1941 1551 2025 vim,
1594 1939 1931 2035 imposita
1968 1961 2099 2035 per
2120 1937 2613 2018 latrocinium,

481 2047 769 2120 sublato
805 2063 1096 2136 senatu,
1141 2049 1368 2146 pulsis
1421 2075 1462 2120 e
1522 2045 1683 2119 soro
1730 2045 1945 2119 bonis
1996 2043 2371 2132 omnibuS‚
2408 2057 2617 2141 capta

480 2156 851 2256 republica
889 2171 1143 2228 contra
1183 2182 1436 2228 omnes
1473 2157 1733 2254 leges9,
1766 2156 1971 2228 nullo
2008 2158 2354 2254 scriptam
2380 2179 2611 2226 more:

551 2365 696 2412 xm.
721 2379 741 2409 1
754 2398 768 2411 .
783 2364 846 2410 Ee
863 2361 971 2427 quis
989 2360 1202 2420 audivit,
1215 2374 1306 2411 etc.
1321 2362 1503 2425 Ecquis

483 2442 631 2501 vidit,
661 2454 709 2490 te
730 2441 1028 2489 resistentem
1048 2457 1150 2489 non
1177 2440 1336 2489 dicam
1361 2452 1498 2505 pote-

483 2534 606 2571 state
629 2519 900 2577 consulari,
919 2519 1004 2567 sed
1027 2519 1101 2568 vel
1126 2520 1317 2582 privato
1342 2519 1504 2567 consi-

481 2602 554 2650 lio
579 2613 592 2648 τ
617 2600 747 2647 actio
769 2600 898 2646 enim
925 2608 974 2645 et
997 2596 1168 2644 relatio
1188 2598 1380 2646 videtur
1402 2614 1505 2646 esne

487 2676 784 2734 consulat-1³3
805 2689 906 2721 vox
933 2685 982 2722 et
1009 2674 1198 2738 querela
1226 2675 1404 2739 privati
1428 2676 1506 2722 of-

484 2754 588 2805 ficii
601 2789 618 2811 ,
657 2764 716 2801 ut
739 2753 912 2801 relatio
949 2752 1012 2800 sit
1039 2752 1335 2802 consultatio
1363 2768 1501 2801 sena-

484 2846 564 2885 tus
579 2869 593 2893 ‚
624 2834 755 2882 netio
780 2832 933 2897 ipsine
956 2832 1360 2882 senatusconsulti
1392 2848 1508 2881 eon-

485 2912 658 2963 clusio.

554 3012 604 3042 2.
627 2990 772 3059 Cujus
794 2992 845 3041 in
873 2990 1088 3057 imperio.
1111 2990 1398 3040 Consulatu.

557 3074 605 3123 3.
643 3075 850 3120 Senatus
890 3070 1228 3119 auctoritatem
1266 3080 1503 3119 servarat.

482 3157 592 3203 Hoc
612 3150 679 3200 ad
699 3151 987 3201 Ciceronem
1008 3148 1240 3215 pertinet:
1269 3160 1424 3197 cetera
1443 3149 1508 3197 nd

482 3230 784 3295 Pompeium.
807 3256 878 3267 —-
905 3228 1103 3277 Lallem.
1121 3226 1432 3276 auctoritate.

556 3326 603 3374 4.
650 3316 884 3380 Idemque
927 3314 976 3362 in
1021 3314 1188 3362 Italia.
1235 3314 1506 3363 Mendosus

480 3397 638 3446 loeus.
654 3394 882 3443 Gulielm.
901 3395 1012 3455 conj
1019 3430 1032 3443 .
1037 3394 1312 3461 fidemque.
1342 3394 1507 3443 Multo

417 3520 424 3527 .
480 3475 666 3525 felicius
685 3474 883 3522 Lallem.
915 3485 1030 3538 post
1055 3474 1245 3520 Manut.
1273 3472 1314 3519 is
1347 3488 1506 3537 neque

480 3555 532 3603 in
557 3554 726 3602 Italia.
761 3552 1137 3600 Lectiones-has
1175 3552 1228 3599 in
1263 3552 1504 3619 interpre-

481 3632 633 3683 tando
663 3634 926 3695 sequimur.
952 3634 1083 3680 J.V.
1107 3632 1166 3679 L.

555 3712 602 3761 5.
635 3710 833 3759 Foedere
857 3708 1080 3758 obstricti.
1111 3708 1346 3769 Foederis,
1366 3712 1505 3775 quod

487 3806 598 3839 meo
633 3789 867 3854 sangnine
899 3788 950 3835 in
979 3788 1206 3853 pactione
1233 3791 1505 3852 provincia-

481 3886 584 3920 ram
599 3867 815 3930 iceratis,
841 3868 1074 3931 religione
1094 3868 1324 3915 devincti.

554 3950 605 3997 6.
624 3948 720 3996 Sed
746 3946 852 4011 Iege
885 3944 1144 4009 impediri?
1175 3947 1300 4010 Lege
1327 3946 1501 3994 Clodia

481 4029 542 4077 de
570 4043 680 4075 meo
702 4026 875 4075 exsilio
907 4024 1157 4091 prohiberi
1172 4061 1188 4087 ,
1222 4041 1323 4089 quo
1341 4014 1501 4073 minus

478 4108 542 4157 nd
560 4118 778 4157 senatum
801 4105 864 4154 de
883 4122 992 4154 meo
1011 4104 1171 4153 reditu
1191 4104 1442 4153 referretis.

1665 2379 1715 2423 7.
1736 2363 1859 2409 Eue
1886 2361 1986 2409 Iex.
2011 2362 2102 2410 MS
2131 2359 2263 2409 Gud.
2289 2374 2317 2407 2
2341 2375 2445 2408 non
2462 2375 2615 2423 agno-

1591 2440 1682 2488 scit
1720 2439 1864 2487 verba
1882 2473 1900 2500 ,
1937 2456 2038 2487 esse
2072 2438 2154 2486 lex
2172 2473 2188 2499 ,
2216 2437 2454 2503 probante
2478 2438 2612 2488 Goer.

1591 2519 1655 2568 ed
1682 2521 1912 2569 Academ.
1942 2521 1999 2580 1,
2027 2522 2077 2569 8.
2098 2521 2233 2570 J.V.
2260 2522 2318 2569 L.

1666 2600 1715 2647 8.
1747 2602 1919 2647 Inusea
1950 2614 2046 2663 per·
2081 2612 2253 2647 servos.
2292 2598 2449 2660 Quasi
2480 2598 2612 2645 ferro

1593 2676 1818 2733 candenti
1845 2679 1896 2725 in
1923 2675 2203 2740 reipublicae
2231 2676 2391 2724 fronte
2412 2674 2475 2723 ad
2502 2692 2613 2740 per·

1592 2768 1787 2821 petuam
1824 2756 2137 2821 ignominiam
2174 2755 2425 2820 impressa.
2455 2756 2615 2804 Servis
2710 2824 2713 2829 Ι

1594 2838 1725 2884 enim
1745 2834 1963 2901 fugitivis
1989 2846 2037 2883 et
2065 2834 2494 2883 calumnintoribns
2521 2850 2613 2883 no·

1594 2924 1667 2963 tas
1684 2915 1941 2964 inurebant
1958 2950 1970 2973 ,
1987 2914 2197 2979 ideoque
2219 2914 2341 2962 «licit
2362 2914 2514 2978 legem
2532 2915 2613 2961 in-

1596 3004 1752 3043 ustam
1773 3011 1861 3059 per
1886 3010 2051 3042 servos
2065 3030 2079 3055 ,
2105 3005 2161 3041 ut
2182 2995 2251 3041 rei
2274 2993 2611 3057 indignitatem

1594 3087 1885 3138 exaggeret:
1916 3076 2075 3135 servi,
2112 3074 2294 3137 inquit,
2320 3074 2517 3119 immissi
2548 3089 2611 3119 ex

1595 3154 1847 3219 ergastulis
1862 3187 1877 3213 ‚
1922 3142 2068 3217 atque
2112 3153 2237 3200 adeo
2282 3152 2413 3199 notis
2464 3150 2611 3198 inusti

1593 3232 1719 3281 hanc
1736 3218 2017 3298 reipublicae
2036 3248 2135 3280 non
2158 3230 2332 3295 legem,
2350 3228 2438 3279 sed
2453 3229 2610 3278 labem

1594 3312 1881 3361 intulerunt.

1667 3408 1718 3454 9.
1744 3392 1929 3440 Contra
1954 3406 2121 3438 omnes
2150 3388 2299 3455 leges.
2334 3387 2519 3437 Contra
2544 3388 2612 3435 le-

1596 3486 1678 3535 ges
1700 3480 1905 3518 sacratas
1936 3480 1983 3517 et
2014 3469 2143 3531 leges
2167 3468 2271 3516 ΧΠ
2296 3465 2608 3514 Tabularum.

1593 3552 1689 3597 Pro
1735 3552 1894 3598 Domo
1941 3564 2031 3596 m
2058 3562 2073 3596 ε
2126 3548 2282 3609 «Quo
2316 3548 2427 3607 jure
2446 3547 2469 3593 Ρ
2512 3560 2613 3609 qno

1592 3643 1726 3677 more
1742 3624 1767 3676 P
1784 3644 1885 3692 qno
1904 3625 2129 3691 exemplo
2152 3627 2303 3689 legem
2324 3625 2609 3673 nominatim

1593 3707 1653 3756 de
1680 3706 1837 3772 capite
1866 3706 1990 3754 civis
2011 3704 2278 3753 indemmti
2306 3703 2501 3753 tulisti?
2538 3720 2611 3752 ve—

1592 3796 1699 3833 tant
1733 3786 1865 3849 leges
1888 3795 2123 3846 saeratae,
2154 3794 2321 3831 vetant
2350 3782 2609 3831 duodecim

1592 3863 1794 3920 tabula,
1820 3864 1947 3927 leges
1964 3863 2165 3928 privatis
2184 3860 2465 3909 hominibus
2476 3865 2609 3910 *irro-

1590 3943 1691 4007 gnri
1704 3977 1718 4002 ,
1738 3942 1790 3990 id
1808 3954 1881 3991 est
1901 3944 2027 3991 enim
2047 3942 2354 4007 privilegium
2370 3964 2409 3988 ιι.

1670 4038 1745 4071 to.
1774 4024 1925 4071 Nullo
1960 4022 2140 4087 set-ipae
2176 4036 2323 4068 more.
2364 4021 2481 4069 Non
2507 4036 2608 4067 ser-

1588 4113 1704 4151 vato
1728 4100 2016 4151 trinundino
2029 4136 2046 4158 ,
2073 4098 2209 4164 quod
2232 4100 2286 4147 in
2304 4098 2412 4147 aliis
2429 4098 2607 4146 nervat-i
