2996 4694
843 357 1229 428 oRA‘rlo
1277 309 1475 433 rso
1524 367 1602 434 L.
1640 370 1718 438 c
1763 372 2128 444 BALBO.
2403 379 2544 454 303

430 473 697 548 nullius
739 474 1177 552 obsessionis
1207 491 1261 570 .²,
1293 485 1566 558 nullius
1588 488 1856 585 praelii³
1895 511 2266 594 expertem
2293 499 2532 577 fuisse.

424 589 591 656 Haec
618 601 787 657 sunt
818 589 1059 658 omnia
1084 613 1313 685 quum
1346 593 1562 690 plena
1580 596 1810 670 laudis
1826 651 1846 686 ,
1873 615 2030 674 tum
2049 610 2344 704 propria
2369 617 2542 686 Cor-

424 693 599 764 nelii
630 723 647 765 :
690 719 825 766 uec
856 698 932 767 in
973 697 1083 768 his
1120 697 1341 772 rebus
1392 704 1663 776 crimen
1711 723 1822 780 est
1860 709 2114 787 ullum.
2154 717 2296 788 Ubi
2335 723 2550 818 igitur

425 818 535 874 est
575 807 956 876 crimem?
1005 808 1219 897 Quod
1269 835 1439 882 eum
1479 818 1868 914 Pompeius
1909 823 2194 897 civitate
2235 828 2548 904 donavit.

422 915 940 1010 Hujuscemodi
978 919 1297 992 crimen?
1324 925 1622 997 Minime
1653 953 1669 996 ε
1709 929 1850 1000 nisi
1881 929 2118 1004 honos
2154 939 2548 1033 ignominia

424 1031 745 1126 putanda
788 1046 917 1103 est.
960 1034 1185 1127 Cujus
1227 1037 1504 1132 igitur?
1540 1044 1646 1111 Re
1688 1065 1854 1114 vera
1907 1049 2222 1122 nullius:
2265 1057 2548 1130 actione

422 1148 887 1232 accusatoriS,
928 1147 1083 1240 ejus
1108 1148 1359 1234 unius,
1389 1152 1517 1246 qui
1545 1152 1860 1226 donavit.
1907 1160 2054 1248 Qui
2089 1166 2148 1233 si
2194 1166 2547 1244 adductus

421 1253 687 1346 gratia,
738 1255 979 1325 minus
1012 1254 1357 1329 idoneum
1398 1257 1778 1334 hominem·
1811 1274 2108 1362 praemio
2159 1273 2548 1372 affecisset3

422 1361 556 1458 qui
589 1362 863 1435 etiamsi
908 1365 1141 1434 virum
1194 1363 1512 1457 bonum,
1548 1373 1673 1442 sed
1718 1400 1868 1447 non
1893 1379 1998 1450 -ita
2041 1387 2421 1477 meritum3
2489 1395 2550 1462 si

420 1467 737 1567 denique
762 1473 1031 1570 aliquid
1052 1529 1071 1562 ,
1110 1474 1497 1571 quod-non
1533 1495 1823 1574 contra,
1854 1512 1938 1559 ac
1968 1490 2250 1584 liceret,
2281 1496 2546 1572 factum

422 1577 813 1669 diceretur,
852 1581 977 1662 sed
1022 1598 1273 1655 contra
1292 1636 1311 1671 ‚
1352 1602 1573 1684 atque
1611 1611 2025 1689 oporteret:
2063 1617 2306 1676 tamen
2366 1627 2552 1683 esset

421 1690 661 1760 omnis
696 1691 1048 1787 ejusmodi
1080 1692 1552 1789 reprehensio
1587 1723 1628 1770 a
1667 1702 1875 1780 vohis
1897 1761 1916 1795 ‚
1961 1710 2278 1804 judices,
2329 1741 2550 1816 repu-

420 1796 702 1870 dianda.
732 1805 943 1874 Nunc
986 1826 1160 1873 vero
1196 1803 1375 1899 quid
1406 1801 1770 1880 dicitur-⁵?
1799 1817 1977 1911 quid
2011 1821 2108 1890 ait
2132 1832 2548 1900 accusator?

422 1911 695 1982 Fecisse
723 1913 1142 2010 Pompeium
1162 1965 1182 2000 ‚
1217 1912 1419 2009 quod
1446 1917 1513 1986 ei
1541 1915 1772 1992 facere
1809 1949 1962 1996 non
1993 1917 2320 2004 licuerit?
2347 1940 2546 2034 quod

422 2021 707 2116 gravius
744 2035 889 2109 est,
930 2043 1147 2118 quam
1198 2025 1257 2092 si
1300 2023 1373 2092 id
1414 2025 1684 2098 factum
1731 2030 1824 2102 ab
1869 2059 1960 2106 eo
1991 2036 2302 2132 diceret,
2345 2050 2544 2144 quod

420 2153 569 2202 non
594 2131 1052 2227 oportuisset.
1080 2136 1205 2202 Est
1223 2126 1417 2203 enim
1438 2133 1711 2232 aliquid
1729 2193 1748 2227 ,
1778 2143 1981 2238 quod
2007 2171 2160 2220 non
2188 2171 2545 2250 oporteat,

418 2241 699 2311 etiamsi
752 2241 920 2312 licet
952 2269 971 2330 ;
1018 2241 1380 2339 quidquid
1439 2269 1615 2318 vero
1677 2273 1826 2321 non
1889 2253 2086 2346 licet,
2144 2277 2363 2336 certe·
2389 2279 2543 2338 'non

417 2364 727 2448 oportet.
770 2378 779 2385 ⁴
2003 2389 2010 2397 '

511 2463 631 2530 IV.
676 2461 809 2532 Hic
852 2484 985 2555 ego
1022 2484 1223 2531 nunc
1255 2478 1558 2537 cuncter
1605 2470 1708 2541 sic
1756 2496 2004 2570 agere,
2028 2475 2345 2572 judices,
2387 2510 2539 2559 nou

415 2578 565 2639 esse
592 2566 697 2639 fas
729 2567 1060 2639 dubitare
1080 2579 1103 2612 ¹
1129 2623 1149 2655 ,
1186 2572 1403 2666 quin,
1437 2575 1639 2669 quod
1670 2582 1802 2651 Cn.
1834 2587 2256 2684 Pompeium
2287 2590 2538 2668 fecisse

415 2691 735 2765 constet,
773 2677 847 2748 id
888 2704 1040 2749 non
1072 2679 1307 2751 solum
1346 2680 1671 2758 decuisse
1694 2702 1745 2772 ²,
1783 2692 1908 2764 sed
1955 2698 2165 2768 etiam
2205 2700 2536 2777 debuisse

422 2784 814 2859 fateamur?
868 2788 1064 2879 Quid
1122 2790 1315 2885 enim
1374 2790 1578 2865 abest
1631 2796 1799 2872 huic
1851 2802 2168 2893 homini,
2217 2814 2420 2907 quod
2473 2821 2532 2887 si

416 2899 719 2986 adesset,
732 2902 897 3001 jure
927 2901 1069 2974 hoc
1096 2901 1319 2974 tribui
1344 2918 1417 2975 et
1434 2912 1734 2983 concedi
1758 2926 2228 3012 putaremus?
2251 2930 2534 3001 Ususne

408 3012 703 3081 rerum?
734 3012 863 3107 qui
884 3014 1206 3109 pueritiae
1233 3026 1520 3111 tempus
1545 3036 1952 3095 extremum
1976 3024 2030 3117 ³,
2087 3032 2528 3132 principium

478 3232 529 3266 2.
556 3219 639 3265 Al.
662 3217 947 3267 obsidionis.

476 3297 527 3345 3.
546 3296 723 3344 haelii.
746 3298 837 3345 MS
855 3295 1080 3362 periculi.

477 3382 526 3429 4.
547 3376 642 3421 Est
658 3375 835 3424 crimen
846 3382 875 3423 ι’
896 3377 1295 3426 luculentissima
1313 3393 1421 3427 ora-

408 3453 542 3500 tioue
574 3470 675 3501 rem
700 3466 869 3503 orator
902 3458 1135 3522 exponit;
1169 3468 1220 3506 et
1252 3460 1421 3523 paucis

404 3532 566 3580 verbis
606 3534 784 3583 factum
814 3534 973 3583 oculis
993 3537 1287 3585 adstantium
1312 3538 1421 3586 suh-

396 3610 505 3671 iieit
523 3646 541 3671 ,
564 3612 631 3660 ita
653 3623 845 3671 umen,
874 3625 931 3662 ut
948 3615 1184 3679 probrum
1202 3632 1347 3665 omne
1368 3626 1419 3666 et

399 3688 585 3738 invidia
608 3692 665 3738 iu
683 3703 985 3742 accusatores
1004 3694 1241 3743 recidant.

472 3770 519 3817 5.
550 3770 684 3833 Quid
713 3770 909 3821 dicieur.
944 3773 995 3821 Si
1039 3774 1300 3837 Pompeius
1340 3762 1419 3821 «ιι-ὲ

397 3858 576 3904 tanet,
595 3848 639 3897 si
687 3850 937 3897 homiuem
974 3850 1135 3900 minus
1182 3852 1417 3901 idoneum

394 3925 679 3990 reipublice
698 3926 867 3975 studio
888 3938 1057 3992 raptus
1092 3929 1291 3979 civitate
1318 3929 1411 3979 do·

394 4014 559 4053 uasat
576 4038 592 4063 ,
646 4004 911 4066 rejicienda
958 4018 1083 4055 esset
1136 4010 1411 4069 accusatio,

396 4084 583 4149 quippo
624 4096 791 4134 tantus
828 4086 905 4134 vir
948 4086 1101 4135 nimio
1148 4088 1321 4151 patria
1365 4100 1415 4138 et

1515 3218 1636 3265 recti
1669 3235 1835 3269 amore
1859 3226 2165 3289 peccaveritg
2203 3245 2338 3280 nunc
2371 3246 2531 3285 antem

1511 3314 1660 3361 quum
1687 3300 1846 3347 virum
1882 3302 1942 3350 de
1977 3306 2165 3369 populo
2197 3323 2321 3359 rom.
2345 3314 2532 3377 optime

1510 3377 1745 3425 meritum·
1763 3379 1960 3429 civitate
1993 3382 2252 3436 donaverit
2269 3423 2283 3447 ,
2321 3391 2443 3453 quid
2468 3394 2530 3443 de

1508 3460 1869 3509 accusatoribus
1887 3463 2458 3531 cogitandum‚quidnam
2476 3474 2528 3521 in

1507 3553 1592 3586 eos
1615 3549 1690 3587 est
1713 3540 2043 3592 statuendum.

1577 3618 1669 3665 lv.
1697 3634 1742 3666 1.
1771 3618 1852 3667 Al.
1877 3620 2108 3671 dubitari.

1578 3712 1628 3743 α.
1651 3697 1896 3747 Deeuiue.
1927 3700 2144 3749 [aubin.
2179 3702 2349 3755 invitis
2385 3706 2525 3757 libris

1506 3776 1738 3824 omnibus
1763 3779 1972 3841 pessime
1999 3779 2184 3839 edidit,
2211 3782 2419 3836 licuisse.

1579 3855 1628 3902 3.
1657 3853 1755 3919 Qui
1776 3856 2006 3917 pueritia
2035 3868 2218 3923 tempus
2239 3873 2526 3913 extremum.

1503 3934 1653 3981 Anno
1675 3932 1833 3982 atatis
1856 3950 1992 3983 xxm
2024 3946 2121 3984 tres
2147 3937 2362 4001 legiones
2395 3956 2520 3989 eou-

1503 4010 1698 4075 seu-ipsit
1713 4046 1730 4071 ‚
1758 4008 1948 4075 aliquot
1966 4014 2208 4061 exercitus
2224 4015 2374 4079 fudit,
2390 4034 2522 4068 exer·

1503 4091 1756 4151 citumque
1775 4088 2012 4138 victorem
2047 4092 2110 4140 ad
2137 4094 2318 4143 Sullam
2341 4098 2521 4162 perdu-
