2996 4694
777 408 1171 479 ORATIO
1220 408 1335 481 IN
1384 410 1463 477 L.
1503 411 1580 479 c.
1631 410 2124 511 PisoNEM.
2375 408 2506 485 381

384 546 533 622 que
568 521 853 595 silentio
892 546 1029 593 suo
1068 524 1545 594 temeritatem
1597 536 1818 622 atque
1853 520 2266 595 audaciam³
2307 538 2508 597 tuam

386 631 961 705 condemnarint.
1003 635 1239 728 Atque
1283 630 1481 703 haud
1521 634 1671 703 scio
1695 686 1716 717 ‚
1753 658 1845 703 an
1887 632 2130 705 malim
2163 648 2236 705 te
2272 634 2506 709 videri

386 744 590 816 nullo
611 740 889 840 pudore
925 740 1144 813 fuisse
1175 746 1250 812 in
1287 742 1508 813 literis
1537 742 1946 830 mittendiS‚
1981 742 2306 838 amicos4
2346 759 2512 820 tuos

386 854 551 952 plus
564 850 917 923 habuisse·
936 866 1011 923 et
1023 851 1354 949 pudoriS‚
1374 866 1449 923 et
1469 851 1776 938 consilii,
1800 876 2021 949 quam
2044 866 2169 924 aut
2187 867 2256 923 te
2275 852 2505 926 videri

384 954 932 1061 pudentiorem⁵
976 959 1231 1049 fuisse,
1286 984 1510 1059 quam
1561 962 1787 1047 soles,
1829 977 1956 1033 aut
1991 976 2200 1033 tuum
2235 960 2509 1035 factum

384 1096 535 1142 non
581 1094 737 1143 esse
776 1069 1341 1142 condemnatum
1392 1069 1672 1165 judicio
1719 1076 2142 1143 amicorum.
2191 1073 2410 1165 Quod
2455 1078 2516 1147 si

382 1206 535 1253 non
568 1183 709 1252 tuis
730 1179 1019 1253 nefariis
1054 1181 1129 1251 in
1159 1179 1359 1251 hunc
1395 1180 1728 1253 ordinem
1761 1180 2222 1255 contumeliis
2249 1185 2326 1255 in
2349 1210 2516 1283 per-

381 1308 685 1391 petuum
730 1290 863 1363 tibi
912 1292 1187 1363 curiam
1229 1290 1744 1389 praeclusisse53
1801 1290 1983 1389 quid
2027 1291 2320 1365 tandem
2362 1310 2515 1372 erat

376 1415 617 1472 actum
642 1454 663 1489 ‚
694 1414 820 1473 aut
842 1414 1127 1498 gestum
1162 1400 1237 1471 in
1269 1400 1389 1470 ina
1424 1402 1829 1498 provincia,
1865 1400 1958 1473 de
1994 1427 2147 1500 quo
2175 1403 2265 1475 ad
2305 1428 2516 1478 sena-

377 1524 531 1583 tum
574 1536 741 1585 cum
768 1511 1247 1609 gratulatione
1282 1512 1524 1609 aliqua
1561 1510 1780 1584 scribi
1823 1510 1954 1583 abs
1987 1526 2060 1585 te
2089 1517 2514 1611 oporteret?

374 1632 658 1699 vexatio
682 1626 1165 1699 Macedoniae?
1190 1650 1281 1697 an
1315 1625 1756 1724 oppidorum
1786 1630 2016 1725 turpis
2051 1628 2384 1701 amissio?
2416 1655 2510 1703 an

372 1739 736 1808 sociorum
776 1734 1133 1835 direptio?
1167 1760 1258 1806 an
1292 1758 1630 1833 agrorum
1663 1736 2184 1835 depopulatio?
2221 1764 2316 1811 an
2343 1764 2511 1811 mu-

374 1846 554 1917 nitio
570 1845 1088 1917 Thessalonicae
1100 1841 1165 1915 ⁶?
1188 1869 1281 1917 an
1300 1843 1626 1919 obsessio
1643 1847 1974 1918 militaris
1997 1849 2170 1919 viae?
2187 1874 2278 1921 an
2305 1876 2514 1923 exer-

374 1956 561 2026 citus
592 1958 818 2027 nostri
844 1956 1179 2026 interitus
1197 2008 1217 2042 ,
1238 1951 1431 2027 ferro
1447 2008 1467 2038 ‚
1498 1953 1688 2026 fame
1700 2008 1722 2041 ,
1751 1951 2044 2051 frigore,
2065 1957 2513 2054 pestilentia?

372 2068 481 2134 Tu
516 2088 718 2150 vero,
761 2066 887 2162 qui
926 2062 1015 2135 ad
1046 2078 1373 2135 senatum
1415 2063 1597 2135 nihil
1643 2065 2050 2163 scripseris»,
2088 2080 2170 2137 ut
2207 2068 2286 2137 in
2323 2068 2506 2145 urbe

372 2178 685 2271 nequior
702 2176 1043 2245 inventus
1072 2198 1185 2259 οε,
1222 2198 1445 2270 quam
1467 2171 1857 2262 Gabinius;
1887 2174 1990 2246 sic
2023 2178 2100 2247 in
2136 2178 2506 2273 provincia

372 2286 615 2386 paullo
641 2301 881 2359 tamen
900 2340 920 2374 ‚
957 2310 1175 2385 quam
1208 2287 1363 2370 ille,
1390 2285 1788 2360 demissior.
1827 2291 2010 2362 Nam
2041 2286 2162 2360 ille
2181 2298 2207 2343 ⁷
2241 2313 2508 2391 gurges

369 2410 587 2494 atque
632 2395 911 2485 helluo,
948 2395 1578 2470 natusabdomini
1629 2421 1806 2485 suo,
1847 2423 2002 2470 non
2041 2397 2240 2470 laudi
2277 2415 2502 2500 atque

368 2509 643 2608 gloriae,
692 2533 921 2606 quum
976 2513 1251 2607 equites
1294 2533 1636 2580 romanos
1687 2511 1762 2580 in
1804 2510 2174 2607 provincia
2199 2563 2226 2600 ,
2269 2536 2498 2608 quum

367 2618 833 2717 publicanOS,
874 2619 1257 2692 nobiscum
1300 2634 1373 2693 et
1414 2618 1788 2692 voluntate
1818 2633 1896 2690 et
1919 2612 2300 2717 dignitate8
2319 2647 2500 2696 con-

360 2727 695 2822 junctos,
755 2753 1009 2801 omnes
1058 2728 1403 2817 fortunis,
1446 2729 1716 2801 multos
1765 2725 1956 2800 fama
2013 2730 2302 2827 vitaque
2345 2737 2500 2830 pri-

365 2853 631 2929 vasset,
674 2864 905 2937 quum
945 2842 1202 2939 egisset
1239 2831 1434 2912 aliud
1470 2839 1654 2912 nihil
1696 2843 1774 2910 in
1805 2838 1934 2922 illo
1959 2845 2280 2914 exercitu
2301 2895 2322 2931 ‚
2360 2845 2498 2918 nisi
2547 2943 2554 2950 ο

434 3042 484 3090 3.
534 3044 863 3093 Temeritaoem
906 3055 1054 3109 atque
1101 3044 1383 3094 andaciam.
1473 3061 1622 3108 quere
1670 3043 1909 3108 oppidum
1928 3077 1944 3103 ,
1994 3053 2044 3092 et
2094 3041 2253 3092 arcem
2305 3048 2496 3098 munite

362 3119 528 3181 Quum
552 3137 695 3171 susus
720 3127 787 3172 sis
805 3123 869 3172 sd
901 3136 1119 3173 senatum
1140 3124 1348 3172 scribere
1364 3156 1382 3183 ,
1473 3123 1622 3170 fnisse
1645 3131 1862 3170 coactos.

362 3210 619 3264 postqum
664 3203 1013 3269 impedimento
1069 3203 1241 3251 fuisses
1257 3237 1272 3263 ,
1320 3217 1383 3250 ns
1546 3217 1598 3262 7.
1625 3201 1760 3248 Nam
1781 3200 1864 3248 ille
1874 3215 2074 3266 gurges.
2103 3202 2342 3252 Gabim‘us
2369 3207 2495 3270 gulo

362 3277 565 3328 decretis
590 3297 619 3329 a
644 3298 697 3330 ss
719 3283 830 3330 latis
858 3281 1225 3347 obtemperaret.
1470 3291 1522 3328 et
1537 3279 1744 3326 luxuria
1762 3277 1955 3327 deditus
1969 3316 1986 3342 ,
2005 3291 2062 3328 ut
2082 3279 2145 3328 nd
2173 3282 2326 3330 solnm
2353 3284 2494 3334 volu·-

435 3365 485 3413 4.
504 3357 581 3405 ΑΙ.
596 3376 691 3419 an,
714 3378 813 3408 am.
1466 3368 1652 3423 putem
1677 3367 1822 3405 ustus
1845 3373 1950 3406 esse
1975 3357 2226 3421 videatur,
2258 3364 2344 3425 qui
2367 3373 2494 3412 tam·

432 3431 481 3486 5.
519 3438 879 3490 Pudentiomm.
909 3443 969 3490 In
984 3437 1137 3488 literis
1154 3439 1257 3488 scil.
1274 3438 1384 3486 mit·
1467 3453 1613 3502 quam
1640 3453 1813 3502 gurges
1842 3449 1892 3485 st
1921 3452 2106 3502 vorago
2139 3439 2362 3503 quadam
2385 3459 2488 3492 non

358 3514 519 3562 tendis
532 3531 593 3563 ex
606 3527 809 3581 utraque
826 3530 964 3582 parte
982 3521 1095 3568 Piso
1108 3517 1171 3567 ab
1188 3528 1381 3568 oratore
1466 3516 1625 3565 solum
1647 3515 1990 3580 patrimonium
2009 3549 2026 3576 ,
2045 3515 2132 3565 sed
2159 3519 2302 3566 etism
2321 3521 2488 3586 reipu-

358 3593 671 3642 vehsmenter
688 3607 918 3659 urgetur-3
951 3599 993 3645 si
1017 3598 1181 3646 literas
1218 3597 1380 3657 misit,
1465 3596 1610 3644 blico
1625 3596 1757 3644 bona
1771 3594 2048 3644 absorbuit.

354 3670 612 3736 impudens
630 3683 733 3736 σείς
753 3675 796 3721 si
820 3685 987 3722 eontra
1005 3675 1131 3724 nihil
1150 3675 1372 3740 scripsit,
1537 3675 1588 3724 8.
1615 3674 1878 3747 Nobiscum
1899 3685 1948 3722 ee
1967 3676 2224 3724 voluntate
2247 3689 2298 3725 ee
2321 3679 2486 3746 digna·-

352 3749 451 3798 hoc
488 3751 682 3798 silentio
717 3751 1000 3813 confltetur,
1030 3769 1081 3801 se
1106 3754 1169 3802 de
1205 3765 1375 3802 senatu
1462 3765 1564 3802 taes
1589 3752 1896 3820 conjunctos.
1925 3754 2220 3804 Publio-no·
2255 3773 2366 3806 eum
2407 3777 2484 3808 se·

354 3829 477 3876 male
502 3831 649 3878 fuisse
673 3833 922 3890 meritum,
940 3848 1089 3896 quum
1106 3849 1209 3882 non
1226 3833 1370 3881 susti·
1462 3844 1580 3880 netu
1623 3833 1874 3881 voluntate
1911 3835 2204 3896 conjunctos
2245 3839 2484 3900 impellat,

352 3909 517 3958 nuerit
540 3909 605 3958 sd
628 3925 740 3958 eum
764 3909 931 3958 literas
950 3912 1159 3960 mittere.
1459 3913 1574 3975 quin
1595 3914 1700 3977 ipse
1720 3912 1912 3960 Tullius
1927 3913 1982 3960 in
2001 3913 2258 3961 consulatu
2277 3917 2480 3978 equites,

422 3989 475 4036 6.
504 3989 873 4038 Thessalonicen.
900 3991 959 4037 In
985 4000 1111 4038 orat.
1142 3989 1204 4039 ds
1228 3991 1370 4038 Prov.
1458 4002 1604 4055 atque
1625 3991 1750 4040 adso
1776 3990 2067 4057 publicanos
2091 4008 2121 4041 a
2146 4004 2317 4040 senatu
2345 3995 2486 4045 dissi-

352 4068 595 4118 eousulsr.
622 4069 749 4119 dicit
778 4068 1252 4128 Thessalonicenses,
1279 4084 1377 4133 po·
1461 4067 1630 4119 dentes
1663 4071 1726 4119 ad
1762 4071 2074 4120 concordiam
2105 4087 2373 4136 pacemque
2403 4091 2479 4124 re-

350 4145 471 4194 sitos
494 4146 542 4194 in
575 4150 761 4212 gremio
781 4149 969 4212 imperii
1006 4147 1191 4206 nostri,
1226 4148 1374 4196 relin—
1462 4159 1672 4196 vocarat.
