2996 4694
453 369 594 466 398
1045 361 1188 430 ·M.
1240 363 1318 428 Τ.
1369 357 1951 429 CICERONIS

447 496 674 566 simus
697 493 700 498 ’
725 500 985 558 nostrae
1033 483 1372 568 civitatis,
1427 480 1724 579 spiculis
1770 502 2001 577 prope
2056 495 2415 553 scrutatus
2472 497 2583 556 est

453 603 736 703 Alpes⁴·‚
763 613 882 684 ut,
910 594 1041 667 ubi
1072 594 1300 664 hostis
1343 617 1492 662 non
1540 605 1724 675 erat,
1767 588 1869 659 ibi
1915 589 2269 688 triumphi
2297 615 2582 664 causam

459 716 768 809 aliquam
819 717 1170 804 quaereret
1207 731 1221 772 :
1264 701 1517 774 eadem
1559 699 1949 798 cupiditate
1991 701 2102 769 vir
2144 725 2433 774 summo
2468 707 2581 774 in-

455 825 671 924 genio
697 817 1082 919 praeditus,
1109 817 1188 884 C.
1223 819 1470 898 Cotta,
1518 810 1724 882 nullo
1768 823 1967 882 certo
2016 807 2291 899 hoste⁵‚
2336 811 2584 910 flagra-

451 939 572 1007 vit.
611 938 882 1004 Eorum
913 939 1174 998 neuter
1205 921 1711 1021 triumphavit3
1743 919 1939 1016 quod
1973 919 2181 992 alteri
2214 920 2417 992 illum
2452 920 2583 991 ho-

451 1067 706 1118 norem
737 1037 1008 1134 collega
1025 1089 1046 1124 ,
1079 1035 1282 1106 alteri
1308 1057 1507 1103 mors
1534 1031 1820 1102 ademit.
1848 1033 2059 1101 Irrisa
2086 1028 2217 1102 abs
2240 1045 2312 1102 te
2338 1033 2585 1130 paullo

451 1170 620 1230 ante
675 1156 772 1225 Μ.
833 1141 1145 1220 Pisonis⁶
1205 1141 1563 1241 cupiditas
1618 1140 2158 1238 triumphandi,
2216 1166 2257 1212 a
2305 1167 2452 1241 qua
2516 1158 2585 1215 te

451 1269 668 1362 longe
711 1260 948 1333 dixisti
983 1255 1374 1326 abhorrere
1419 1278 1436 1320 z
1480 1253 1606 1348 qui
1652 1251 1927 1322 etiamsi
1962 1253 2203 1322 minus
2238 1275 2581 1351 magnum

452 1375 724 1448 bellum
762 1379 1113 1468 gesserat,
1170 1377 1252 1434 ut
1296 1361 1424 1434 abs
1461 1377 1533 1432 te
1572 1362 1847 1432 dictum
1893 1376 2039 1450 est,
2080 1376 2320 1434 tamen
2366 1365 2582 1434 istum

458 1489 812 1558 honorem
851 1472 1468 1550 contemnendum
1512 1497 1662 1543 non
1700 1472 1999 1569 putavit.
2055 1475 2164 1543 Tu
2217 1473 2589 1561 eruditior,

455 1617 678 1694 quam
725 1593 931 1674 Piso;
993 1584 1442 1684 prudentior,
1512 1605 1731 1678 quam
1788 1586 2034 1670 Cotta;
2102 1581 2589 1654 abundantior

455 1703 794 1787 consili0,
835 1698 1169 1794 ingenio,
1210 1694 1557 1792 sapientia
1576 1746 1595 1780 ,
1650 1717 1869 1790 quam
1908 1698 2203 1766 Crassus
2222 1747 2243 1782 ,
2280 1718 2364 1766 ea
2412 1719 2589 1766 con-

451 1817 738 1900 temnis,
760 1834 920 1908 quae
960 1807 1062 1878 illi
1093 1806 1365 1894 idiotae,
1400 1820 1479 1876 ut
1511 1817 1593 1874 tu
1621 1803 1972 1901 appellas,
2003 1806 2340 1902 praeclara
2367 1805 2591 1878 duxe-

453 1940 650 1997 runt.
691 1919 912 2014 Quod
947 1920 1008 1992 si
1041 1914 1551 2015 reprehendiS,
1594 1913 1795 2011 quod
1834 1915 2083 2013 cupidi
2132 1916 2391 1988 laureae
2428 1914 2587 1988 fue-

455 2039 640 2124 rint,
673 2055 904 2132 quum
931 2026 1122 2100 bella
1171 2039 1296 2096 aut
1332 2047 1578 2122 parva,
1620 2037 1745 2094 aut
1776 2024 1973 2095 nulla
2012 2025 2430 2121 gessissent3
2468 2041 2589 2112 tu,

457 2147 676 2219 tantis
717 2137 1140 2214 nationibus
1184 2135 1569 2219 subactis-³⁷,
1627 2133 1845 2204 tantis
1884 2131 2105 2204 rebus
2152 2139 2403 2232 gestiS,
2454 2138 2590 2206 mi..

458 2261 654 2330 nime
679 2252 992 2325 fructum
1023 2246 1356 2320 laborum
1378 2258 1677 2315 tuorum
1695 2297 1715 2330 ‚
1746 2247 2035 2339 praemia
2064 2245 2588 2344 periculorum,

455 2366 739 2442 virtutis
765 2364 1068 2459 insignia
1095 2372 1559 2429 contemnere
1584 2354 1920 2427 debuisti.
1948 2360 2203 2454 Neque
2230 2382 2403 2429 vero
2428 2383 2595 2429 con-

463 2476 854 2576 tempsisti,
893 2472 1057 2543 licet
1084 2462 1488 2541 Themista⁸
1538 2466 1951 2563 sapientior,
1992 2470 2049 2537 si
2088 2493 2168 2540 os
2207 2484 2414 2540 tuum
2445 2467 2588 2541 fer-

457 2612 664 2663 reum
711 2596 1000 2656 senatus
1040 2579 1364 2651 convicio
1399 2573 1762 2647 verberari
1808 2578 2123 2648 noluisti.

553 2708 709 2775 Jam
735 2696 956 2786 vides,
982 2689 1574 2793 quandoquidem
1605 2693 1703 2759 ita
1734 2690 2060 2763 mihimet
2094 2690 2199 2763 fui
2227 2696 2593 2783 inimicus,

467 2830 545 2885 ut
579 2836 699 2883 me
747 2823 986 2880 tecum
1032 2824 1563 2902 compararem,
1608 2814 1681 2871 et
1731 2801 2143 2898 degressum
2181 2828 2463 2895 meum,
2520 2821 2593 2877 et

465 2993 693 3061 piemior,
719 2990 994 3054 negaveris.
1019 2998 1068 3034 te
1089 2984 1324 3049 triumphi
1346 2984 1485 3047 eupi-

465 3076 582 3123 dum
603 3086 832 3134 umquam
859 3069 1020 3115 fuisse.

537 3162 585 3210 4.
630 3151 798 3215 Alpes.
846 3152 1010 3211 Quum
1054 3146 1270 3194 citeriori
1314 3145 1486 3195 Gallius

463 3241 704 3299 praeesset.
1043 3266 1048 3275 .

537 3312 588 3359 5.
617 3308 766 3357 Nullo
785 3316 913 3353 certo
934 3303 1086 3355 hoste.
1114 3304 1284 3353 Gallos
1303 3304 1488 3368 opinor

465 3391 732 3439 devicerat:
751 3398 863 3432 uam
883 3386 1080 3432 Marcus
1096 3384 1286 3431 Tullius
1304 3396 1413 3431 eum
1429 3384 1484 3431 in

466 3472 622 3517 Bruto
647 3462 816 3511 scribit
835 3478 897 3510 ex
915 3462 1174 3511 consulatu
1199 3462 1252 3508 in
1279 3460 1484 3509 Galliam

465 3563 568 3595 esse
587 3543 878 3609 profectum.

533 3626 583 3672 6.
611 3620 764 3671 Iro-isa
784 3621 870 3669 abs
897 3632 946 3668 te
969 3620 1139 3685 paullo
1163 3630 1281 3667 ante
1307 3622 1377 3667 M.
1405 3619 1482 3667 Pi-

459 3705 607 3754 sonis.
630 3702 703 3750 Μ.
730 3701 906 3765 Pupii:
933 3714 1044 3746 nam
1067 3698 1182 3745 lieet
1207 3698 1321 3745 Piso
1349 3698 1484 3747 dica·

465 3796 562 3847 tur,
589 3782 865 3849 Calpurniae
891 3791 1052 3829 tamen
1080 3778 1238 3841 gentis
1263 3795 1368 3827 esse
1401 3780 1486 3828 ‹le-

465 3867 548 3915 siit
564 3901 578 3925 ‚
611 3874 660 3911 et
683 3864 737 3909 in
755 3861 958 3925 Pupiam
980 3856 1201 3919 transiit,
1225 3859 1486 3922 adoptatus

463 3962 491 3993 a
512 3946 584 3993 M.
601 3940 786 4005 Pupio;
805 3950 860 3986 ut
879 3939 930 3986 in
953 3934 1172 3984 oratione
1189 3952 1283 4001 pro
1298 3941 1483 3989 Domo,

463 4022 654 4073 Pisonis
679 4030 990 4082 cognomen,
1023 4014 1192 4063 amissa
1225 4030 1390 4082 geme,
1413 4036 1486 4067 η.

467 4103 640 4161 tinuit,
665 4100 852 4158 jus-eet
879 4109 1016 4142 more
1053 4095 1361 4160 adoptionisg
1403 4101 1484 4149 hic

1571 2984 1646 3033 Μ.
1679 2984 1792 3032 Piso
1833 2985 2213 3050 triumphaverat
2247 3002 2309 3033 ex
2342 2988 2590 3052 Hispania.

1648 3080 1693 3125 7.
1738 3066 1806 3113 Tu
1825 3097 1840 3124 ,
1870 3064 2023 3112 tantis
2054 3065 2327 3114 nationibus
2358 3068 2597 3118 subactis.

1572 3147 1660 3193 Est
1687 3144 1844 3193 hunt·
1865 3160 1879 3193 ε
1906 3161 2010 3193 nou
2038 3146 2167 3193 euim
2195 3147 2447 3211 subegerat
2464 3182 2480 3207 ‚
2506 3148 2593 3196 sed

1572 3224 1803 3272 barbaros
1844 3226 1895 3272 in
1942 3226 2281 3273 Macedoniam
2326 3214 2592 3291 grassantes

1573 3304 1795 3367 subigere
1808 3305 2063 3367 debuerat;
2078 3316 2142 3365 et,
2158 3316 2217 3354 ut
2229 3322 2339 3355 eum
2352 3316 2593 3371 spectasse

1575 3384 1791 3433 dieamus
1803 3420 1817 3445 ,
1835 3386 1970 3450 quod
1988 3402 2253 3449 numquam
2274 3386 2435 3434 forsan
2452 3390 2593 3451 eogi-

1574 3464 1725 3523 tavit,
1767 3464 1961 3512 videtur
1995 3464 2211 3513 alludere
2257 3467 2321 3513 ad
2360 3466 2592 3515 Achaiam

1572 3560 1716 3608 quam
1736 3546 1844 3608 lege
1860 3544 1990 3593 Julia
2018 3544 2243 3607 liberam,
2278 3558 2439 3595 tamen
2465 3548 2592 3596 intra

1570 3623 1836 3687 provinciae
1872 3640 1971 3672 suae
2002 3623 2124 3673 fines
2164 3626 2401 3675 inclusam
2424 3628 2595 3676 misera

1572 3704 1803 3752 servitute
1840 3715 2179 3767 oppresserat,
2219 3716 2305 3753 aut
2341 3706 2487 3755 etiam
2528 3706 2593 3754 ad

1572 3784 1725 3845 urbes¹
1738 3796 1784 3832 et
1806 3794 1971 3849 gentes
1988 3800 2109 3849 quas
2130 3786 2377 3850 expilavit.

1647 3864 1695 3913 8.
1733 3862 1986 3911 Themista.
2018 3864 2166 3913 Multi.
2196 3868 2246 3912 in
2274 3865 2371 3913 hoc
2397 3866 2595 3913 nomine

1574 3957 1817 4004 erravere;
1852 3942 2101 3997 mulierem
2146 3942 2387 4008 significat
2425 3944 2595 4011 philo·

1572 4020 1761 4087 sophiae
1780 4021 1945 4071 studio
1965 4023 2183 4071 nobilem
2196 4058 2211 4085 ,
2232 4024 2293 4071 ad
2313 4041 2457 4088 quam
2476 4026 2595 4089 Epi·

1572 4116 1717 4149 curus
1742 4103 1999 4166 sepissime
2023 4101 2187 4151 literas
2213 4104 2485 4169 scripserat.
