2996 4694
557 392 690 475 ¹40
1197 391 1294 458 M.
1344 390 1421 457 T.
1475 387 2051 459 CICERONIS

542 511 824 583 Scilicet
871 532 1124 608 aspera
1167 532 1330 581 mea
1371 524 1671 597 natura3
1726 505 2035 581 difficilis
2080 503 2407 597 aditus-‚⁷3
2449 510 2685 605 gravis

541 622 822 709 vultus3
845 619 1160 721 superba
1177 644 1559 721 responsa;
1588 620 1910 692 insolens
1930 619 2075 689 vita
2089 611 2123 665 ⁸
2140 644 2161 707 ;
2192 642 2411 690 nemo
2428 618 2683 691 huma-

541 734 842 805 nitatem
891 756 1126 803 meam
1145 784 1165 821 ‚
1226 756 1446 803 nemo
1502 729 2101 803 consuetudinem
2122 784 2143 819 ‚
2184 754 2403 801 nemo
2440 733 2680 803 consi·

541 842 757 932 lium,
789 867 1008 915 nemo
1046 842 1392 913 auxilium
1429 841 1891 939 requirebat:
1927 842 2133 937 cujus
2166 839 2529 913 desiderio
2556 840 2681 936 (ut

539 954 692 1027 hae'c
723 955 1020 1025 minima
1043 952 1314 1051 dicam)
1345 952 1583 1025 forum
1612 966 1987 1037 moestum,
2022 966 2223 1023 muta
2257 955 2457 1023 curia
2476 1005 2495 1037 ‚
2522 975 2679 1022 om-

541 1068 660 1137 nia
709 1065 1028 1164 denique
1075 1063 1440 1163 bonarum
1500 1063 1763 1133 artium
1818 1060 2051 1133 studia
2094 1062 2473 1133 siluerunt.
2540 1061 2679 1135 Sed

541 1174 726 1248 nihil
749 1180 842 1247 sit
857 1174 1126 1247 sactum
1149 1198 1314 1245 mea
1341 1196 1556 1244 causa
1581 1199 1597 1242 ε
1627 1174 1871 1243 omnia
1896 1172 2015 1243 illa
2034 1170 2680 1257 senatusconsulta,

538 1286 794 1385 populi
811 1286 1040 1381 jussa,
1068 1283 1290 1356 Italiae
1319 1283 1578 1370 totius,
1606 1296 2027 1354 cunctarum
2055 1283 2471 1354 societatum
2488 1334 2509 1370 ‚
2542 1281 2683 1353 col-

538 1396 892 1494 legiorum
934 1394 1312 1466 omnium9
1351 1392 1646 1465 decreta
1682 1392 1773 1463 de
1814 1416 1967 1479 me,
2003 1390 2421 1489 reipublicae
2470 1413 2683 1463 causa

541 1528 696 1577 esse
721 1502 934 1577 ‘facta
965 1503 1339 1575 fateamur.
1387 1501 1583 1593 Quid
1620 1526 1793 1599 ergo
1813 1556 1834 1589 ‚
1878 1501 2103 1573 homo
2146 1501 2681 1602 imperitissime

538 1614 784 1688 solidae
819 1613 1052 1686 laudis
1071 1668 1090 1700 ‚
1121 1638 1205 1686 ac
1235 1638 1417 1684 verae
1445 1610 1839 1711 dignitati5‚
1868 1614 2321 1710 praestantius
2348 1613 2525 1685 mihi
2556 1639 2681 1713 po-

535 1727 680 1795 tuit
715 1723 1081 1796 accidere?
1117 1721 1294 1820 quid
1333 1721 1724 1820 optabilius
1752 1721 1845 1793 ad
1873 1724 2489 1797 immortalitatem
2522 1725 2681 1822 glo-

541 1836 706 1923 riae,
745 1848 966 1931 atque
1003 1833 1097 1905 ad
1129 1835 1555 1905 memoriam
1592 1835 1733 1905 mei
1780 1838 2098 1906 nominis
2136 1837 2679 1935 sempiternam,

544 1969 765 2043 quam
799 1968 1054 2016 omnes
1098 1942 1238 2016 hoc
1275 1944 1466 2016 cives
1511 1968 1710 2015 meos
1736 1943 2062 2040 judicare
2089 2000 2110 2035 ‚
2148 1948 2449 2019 civitatis
2490 1947 2680 2019 salu-

545 2069 694 2126 tem
741 2077 909 2125 cum
950 2078 1110 2125 mea
1155 2054 1373 2125 unius
1409 2053 1637 2125 salute
1676 2078 1829 2127 esse
1872 2056 2387 2151 conjunctam?
2460 2056 2682 2147 Quod

543 2162 842 2264 quidem
880 2188 1016 2263 ego
1049 2162 1185 2235 tibi
1214 2161 1446 2236 reddo
1487 2179 1692 2235 tuum
1714 2173 1799 2235 ¹⁰.
1821 2168 2045 2255 Nam,
2068 2180 2153 2238 ut
2179 2182 2261 2239 tu
2295 2191 2413 2239 me
2434 2192 2677 2240 carum

541 2300 696 2351 esse
723 2276 963 2347 dixisti
991 2277 1316 2365 senatui,
1339 2274 1763 2375 populoque
1791 2298 2092 2347 romano
2109 2332 2129 2366 ‚
2168 2302 2319 2350 non
2348 2292 2491 2350 tam
2515 2302 2681 2352 ¹mea

540 2412 785 2474 causa,
838 2411 1060 2485 quam
1103 2385 1567 2484 reipublicae:
1617 2387 1717 2456 sic
1758 2409 1895 2484 ego
1932 2402 2003 2458 te
2026 2441 2047 2477 ‚
2098 2413 2541 2487 quamquam
2584 2391 2682 2461 sis

535 2500 737 2570 omni
798 2496 1083 2568 diritate
1139 2511 1362 2592 atque
1429 2498 1903 2568 immanitate.
1940 2503 2387 2587 teterrimus,
2436 2514 2679 2577 tam'en

539 2607 704 2679 dico
745 2630 896 2678 esse
943 2603 1116 2677 odio
1163 2605 1538 2694 civitati1¹‚
1586 2631 1733 2678 non
1788 2620 1935 2678 tam
1972 2623 2140 2698 tuo,
2180 2633 2395 2706 quam
2442 2610 2683 2706 reipu-

536 2714 745 2792 hlicae
784 2716 1104 2786 nomine.

539 2872 1019 2936 obsistere,ejusque
1039 2881 1146 2920 acta
1163 2871 1312 2920 vellet
1329 2843 1574 2920 rescinde·
1597 2867 1607 2914 ί
1742 2889 1760 2921 1
1775 2889 1795 2922 ι
1812 2909 1825 2922 .
1864 2874 1993 2922 Odia
2020 2857 2220 2924 civitati.
2262 2872 2445 2924 Odium
2480 2872 2603 2924 illud
2630 2875 2681 2922 in

542 2969 622 3012 re,
653 2951 946 3008 Ciceronem
964 2961 1300 3015 arcesserunt,
1315 2951 1401 3015 qui
1428 2950 1579 3000 latius
1662 2951 1911 3002 Vatinium
1932 2954 2055 3003 adeo
2083 2970 2229 3020 grave
2251 2946 2383 3010 erat,
2407 2964 2464 3002 nt
2490 2955 2542 3002 in
2568 2969 2685 3019 pro-

544 3032 778 3098 grassanti
799 3030 979 3082 Clodio
999 3033 1128 3079 viam
1146 3029 1484 3095 praecluderet.

617 3129 669 3176 7.
713 3108 942 3180 Dffct‘lae's
985 3110 1166 3158 adicus.
1208 3112 1368 3175 Quam
1411 3109 1573 3159 faciles

545 3193 727 3241 fuerint
752 3189 817 3238 ad
843 3190 1135 3240 Ciceronem
1161 3188 1321 3237 aditus
1349 3188 1464 3238 inde
1488 3206 1574 3254 pa·-

541 3282 612 3322 tet
629 3307 645 3332 ‚
667 3271 809 3338 quod
831 3281 1054 3334 tempore
1073 3269 1209 3317 omni
1228 3285 1330 3332 quo
1349 3268 1573 3318 Ciliciam

541 3349 934 3413 administravit,
970 3348 1145 3398 domus
1174 3349 1436 3410 janitorem
1467 3363 1575 3397 non

541 3430 781 3488 haiatham
828 3445 986 3492 neque
1020 3429 1128 3495 ipse
1153 3428 1382 3492 cuiquam
1409 3428 1573 3490 jacere

541 3511 594 3558 in
617 3509 747 3558 lecto
779 3519 1072 3572 conspectus
1096 3518 1172 3556 est
1190 3541 1206 3567 ,
1244 3507 1331 3564 sed
1357 3523 1385 3555 a
1407 3507 1573 3572 primo

541 3587 660 3638 solis
681 3597 792 3636 ortu
811 3597 944 3635 stans
961 3595 1046 3634 aut
1064 3585 1318 3635 ambulans
1333 3621 1348 3645 ,
1383 3602 1469 3635 eos
1496 3601 1575 3636 ex-

541 3665 778 3733 cipiebat,
800 3665 886 3730 qui
904 3665 1166 3714 salutatum
1185 3665 1461 3713 veniebant.

615 3749 668 3796 8.
692 3745 916 3794 Insolens
930 3743 1058 3795 vita.
1076 3744 1389 3808 Arrogantioe
1406 3743 1567 3808 plena.

615 3845 668 3892 9.
708 3824 1039 3891 collegiorum
1073 3822 1310 3872 omnium.
1351 3823 1470 3872 Non
1497 3823 1571 3871 di-

543 3917 722 3958 cuntur
758 3903 920 3954 solum
961 3901 1255 3968 pontificum
1272 3936 1291 3964 ,
1317 3904 1570 3966 magistra·

541 3999 684 4036 tumn
704 4021 719 4044 ‚
779 3999 1024 4049 augurum
1043 4015 1060 4042 ‚
1105 3981 1190 4030 sed
1233 3991 1284 4029 et
1327 3979 1569 4030 artificum

545 4065 770 4130 collegia.

619 4157 695 4194 ιο.
715 4141 882 4190 Reddo
899 4152 1053 4191 tuum.
1073 4139 1166 4186 Par
1186 4140 1292 4205 pari
1313 4141 1531 4190 reseram.

1662 3032 1887 3081 vet-bium
1919 3043 2089 3097 postea
2126 3033 2677 3092 traheretur-Catullus,

1663 3113 1808 3175 xlv,
1836 3113 1885 3172 3,
1915 3113 2008 3162 ait:
2033 3135 2059 3155 α
2078 3112 2285 3161 odissem
2316 3125 2363 3162 te
2398 3113 2519 3162 odio
2551 3113 2686 3162 vati-

1659 3189 1812 3239 niano
1828 3213 1872 3239 ι.
1898 3189 2050 3262 Cujus
2076 3191 2243 3242 hostes
2282 3195 2464 3242 Seneca
2489 3193 2685 3257 scripsit

1658 3273 2011 3320 numerosiores
2064 3288 2210 3335 quam
2257 3283 2465 3320 strumas
2532 3272 2685 3339 ipsius

1660 3367 1779 3400 esse.
1798 3351 2108 3414 Macrobius,
2130 3353 2322 3400 Satur-n.
2340 3355 2417 3412 11,
2436 3355 2469 3402 6
2482 3387 2497 3412 ‚
2532 3351 2685 3416 quod-

1664 3429 1775 3478 dam
1802 3431 1977 3490 refert,
2017 3431 2155 3495 quod
2181 3429 2353 3480 odium
2388 3431 2513 3480 illud
2538 3433 2684 3480 fixisse

1660 3508 1993 3574 gravissimum
2042 3522 2090 3558 ct
2144 3511 2376 3560 omnibus
2426 3527 2683 3560 commune

1660 3586 1937 3639 confirmat.
1964 3591 2191 3638 Vatinius
2219 3592 2435 3656 lapidum
2464 3590 2591 3639 mole
2608 3591 2686 3637 in-

1654 3667 1783 3728 jecta
1824 3659 1877 3715 in
1920 3684 2033 3717 eum
2072 3685 2210 3734 pane
2250 3671 2409 3719 fuerat
2448 3669 2684 3726 obrutus,

1656 3760 1809 3808 quum
1836 3745 1981 3795 ludos
2000 3748 2168 3797 daret:
2194 3749 2359 3814 itaque
2378 3747 2441 3797 ab
2461 3747 2685 3796 aedilibus

1656 3825 1957 3888 impetravit,
2003 3838 2060 3875 ut
2092 3827 2255 3876 edIcto
2306 3830 2580 3886 sancirent,
2620 3844 2683 3876 ne

1658 3905 1768 3968 quis
1794 3903 1926 3952 aliud
1953 3922 2099 3970 quam
2123 3906 2247 3955 mala
2273 3907 2327 3955 in
2356 3909 2540 3956 circum
2568 3907 2683 3955 mit-

1658 3993 1796 4032 teret.
1836 3987 2107 4049 Qua-sitnm
2150 3987 2249 4033 iere
2290 3987 2487 4052 quidam
2524 4004 2550 4035 a
2597 3988 2689 4036 ca-

1656 4063 1797 4113 sellio
1834 4065 1959 4127 Juris
2001 4066 2324 4132 peritissimo,
2382 4084 2498 4115 num
2543 4067 2685 4132 pinea

1659 4141 1781 4190 mala
1804 4143 1923 4193 mala
1944 4161 2141 4210 quoquc
2166 4156 2340 4194 esseut.
2364 4147 2461 4196 uic.
2488 4163 2685 4212 respou-
