2996 4694
485 370 627 442 280
1061 370 1159 437 M.
1211 372 1291 437 T.
1347 370 1936 441 CICERONIS

481 516 651 567 cum
694 490 1054 563 acerrimis
1093 488 1511 562 nationibus
1558 504 1633 561 et
1678 492 2003 562 maximis
2022 544 2043 578 ‚
2078 494 2611 567 Germanorum

481 618 558 675 et
605 602 1094 675 Helvetiorum
1123 654 1142 688 ,
1207 600 1464 697 praeliis
1516 598 1917 671 felicissime
1976 597 2365 673 decertavit
2412 628 2430 673 ε
2488 628 2609 676 ce·
2668 654 2675 657 -

479 728 670 784 teras
725 710 1066 782 contrivit
1085 764 1105 797 ‚
1161 708 1484 800 domuit,
1544 709 1895 807 compulit
1916 764 1936 795 ‚
1996 712 2303 808 imperio
2356 714 2609 810 populi

477 822 763 895 romani
819 844 1071 919 parere
1127 819 1547 907 assuefecit,
1592 833 1667 891 et
1686 874 1705 906 ‚
1754 844 1933 917 quas
1986 824 2349 918 regioneS,
2390 848 2607 920 quas·

479 956 626 1029 que
659 943 910 1029 gentes
937 930 1154 1001 nullae
1187 929 1402 1000 nobis
1431 944 1643 1000 antea
1673 929 1930 1016 literae,
1966 930 2165 1002 nulla
2194 956 2369 1021 vox,
2408 934 2609 1005 nulla

473 1040 667 1113 fama
709 1055 918 1112 notas
954 1036 1257 1125 fecerat,
1303 1039 1434 1111 has
1471 1054 1719 1111 noster
1760 1043 2174 1139 imperator,
2214 1056 2607 1141 nosterque

477 1154 836 1224 exercitus
862 1204 883 1237 ‚
935 1165 1011 1223 et
1057 1150 1312 1249 populi
1360 1151 1645 1221 romani
1696 1174 1893 1221 arma
1940 1168 2431 1249 peragrarunt.
2478 1160 2605 1227 Se·

475 1262 728 1331 mitam
759 1273 1042 1331 tantum
1071 1259 1320 1331 Gallias
1336 1256 1370 1302 ⁶
1405 1260 1833 1333 tenebamus
1862 1275 2073 1334 antea
2099 1316 2120 1349 ‚
2158 1277 2397 1360 patres
2434 1288 2605 1335 con-

433 1457 440 1468 ·
478 1372 724 1470 scripti
761 1398 777 1443 ε
828 1385 1080 1442 ceterae
1129 1384 1371 1467 partes
1423 1394 1463 1441 a
1515 1368 1853 1467 gentibus
1904 1386 2031 1443 aut
2080 1373 2385 1444 inimicis
2434 1372 2605 1446 huic

477 1482 823 1579 imperio,
863 1494 988 1551 aut
1025 1478 1316 1571 infidis,
1343 1494 1468 1551 aut
1503 1481 1924 1578 incognitis,
1966 1497 2095 1553 aut
2123 1498 2319 1555 certe
2352 1485 2605 1555 imma-

475 1588 725 1677 nibuS,
767 1602 844 1661 et
875 1586 1230 1676 barbaris»,
1259 1604 1336 1661 et
1366 1588 1725 1662 bellicosis
1758 1589 2227 1679 tenebantur-3
2263 1616 2443 1690 quas
2478 1598 2605 1665 na-

477 1702 712 1771 tiones
747 1724 963 1771 nemo
999 1724 1348 1798 umquam
1383 1698 1525 1771 fuit
1551 1702 1683 1797 qui
1722 1726 1873 1773 non
1916 1700 2149 1799 frangi
2180 1701 2603 1800 domarique

475 1825 814 1908 cuperct;
871 1834 1089 1881 nemo
1141 1813 1501 1909 sapienter
1552 1811 1642 1881 de
1691 1810 2065 1909 republica
2112 1828 2359 1885 nostra
2406 1816 2601 1911 cogi-

473 1924 652 1993 tavit
688 1922 834 2017 jam
885 1921 1056 1991 inde
1111 1944 1152 1990 a
1203 1922 1565 2019 principio
1614 1920 1833 2018 hujus
1866 1925 2189 2021 imperii,
2222 1926 2403 2021 quin
2438 1926 2606 1997 Gal-

391 2046 404 2065 *
469 2032 638 2103 liam
695 2032 1006 2102 maxime
1063 2032 1458 2103 timendam
1517 2030 1688 2105 huic
1736 2034 2043 2130 imperio
2094 2048 2431 2131 putaret:
2474 2034 2603 2108 sed

471 2155 776 2241 propter
806 2142 952 2212 vim
989 2166 1072 2212 ac
1107 2140 1645 2213 multitudinem
1681 2147 2005 2239 gentium
2033 2142 2356 2228 illarum,
2392 2168 2602 2215 num-

471 2277 692 2351 quam
725 2266 834 2324 est
871 2265 1080 2323 antea
1115 2275 1282 2321 cum
1319 2249 1659 2323 omnibus
1700 2251 2138 2323 dimicatum.
2182 2254 2601 2324 Restitimus

467 2387 754 2462 semper
787 2362 1112 2433 lacessiti.
1151 2364 1364 2434 Nunc
1397 2362 1714 2460 denique
1751 2376 1858 2435 est
1886 2361 2317 2461 perfectum,
2354 2379 2437 2434 ut
2464 2365 2599 2434 im-

465 2473 648 2570 perii
672 2470 904 2542 nostri
925 2485 1422 2568 terrarumque
1445 2471 1730 2544 illarum
1748 2473 1936 2544 idem
1964 2488 2149 2545 esset
2166 2487 2597 2546 extremum.

557 2580 1086 2678 XIV.‚Alpibus
1118 2580 1394 2660 Italiam
1425 2592 1445 2624 ¹
1495 2584 1856 2660 munierat
1896 2598 2065 2655 ante
2106 2597 2403 2673 natura,
2442 2610 2594 2655 non

461 2695 614 2762 sine
662 2690 906 2787 aliquo
950 2689 1194 2760 divino
1238 2693 1605 2761 numine².
1648 2695 1865 2782 Nam,
1910 2693 1969 2764 si
2008 2693 2126 2764 ille
2163 2691 2397 2764 aditus
2434 2692 2598 2764 Gal-

457 2801 696 2874 lorum
747 2799 1172 2872 immanitati
1227 2799 1825 2899 multitudinique
1883 2803 2230 2900 patuisset
2256 2798 2326 2890 ³,
2376 2827 2592 2873 num-

523 3029 573 3077 6.
595 3026 823 3076 Semitas„
843 3035 1032 3073 tantum
1053 3023 1248 3075 Gallice.
1270 3025 1476 3075 Galliam

454 3107 818 3157 Narbonensem
835 3103 1057 3167 intelligit
1070 3104 1212 3168 ,quai
1232 3105 1282 3152 in
1303 3105 1476 3170 populi

1567 3027 1727 3076 tiauus
1740 3028 1980 3078 Itinerarii
1988 3028 2025 3078 l.
2042 3031 2113 3087 11,
2128 3029 2157 3078 3
2166 3029 2217 3094 5,
2227 3029 2372 3079 etiam
2386 3029 2439 3078 in
2452 3030 2592 3080 Italia

1564 3107 1765 3172 Alpium
1800 3106 1930 3155 vallo
1959 3107 2187 3173 sepienda
2224 3109 2437 3157 divinam
2466 3126 2592 3174 pro-

450 3187 640 3236 romani
655 3185 896 3232 ditionem
913 3194 1231 3234 concesserat.
1247 3183 1476 3232 semitam

449 3267 620 3316 Gauia-
639 3275 782 3313 vocat
798 3297 813 3322 ‚
840 3261 976 3327 quod
998 3277 1052 3310 ea
1075 3262 1326 3326 provincia
1351 3272 1476 3312 esset

448 3346 585 3394 velut
607 3343 769 3392 aditus
795 3340 992 3406 quidam
1013 3341 1281 3405 patefactus
1306 3341 1369 3388 ad
1393 3357 1472 3389 ce·

453 3434 578 3471 teras
599 3421 770 3468 Gallie
792 3419 1030 3482 regiones.

520 3503 661 3549 xlv·
691 3516 736 3548 1.
762 3496 968 3562 Alpibus
1010 3496 1235 3544 Italiam.
1281 3495 1472 3559 Nempe

451 3579 536 3628 illa
563 3595 627 3628 ex
667 3587 804 3643 parte
837 3587 942 3624 tuta
984 3587 1033 3624 et
1073 3573 1332 3638 tranquilla
1370 3575 1471 3621 Ita-

445 3659 543 3716 lia,
578 3649 678 3723 qua
700 3673 729 3705 ι
763 3655 921 3706 Gaui·
944 3653 1268 3709 dividebatur,
1297 3653 1468 3699 ceteris

446 3737 704 3786 domandis
726 3736 952 3800 gentibus
971 3748 1136 3780 vacare
1153 3733 1333 3795 potuit.
1344 3731 1467 3778 Inde

445 3815 733 3882 magnificus
761 3815 843 3862 ille
879 3811 1057 3860 clarius
1082 3810 1238 3858 elucet
1269 3808 1465 3873 virgilii

443 3913 638 3953 versus,
668 3909 820 3958 quum
855 3888 1176 3938 Hannibalem
1203 3887 1332 3938 dixit
1355 3891 1462 3936 Ro..

445 3977 599 4022 manis
635 3971 786 4036 Alpes
812 3968 1068 4015 immittere
1089 3977 1298 4029 sperum
1323 3964 1462 4030 quasi

445 4052 555 4099 illos
585 4051 676 4097 hac
708 4050 814 4112 ipsa
845 4044 920 4091 sui
955 4045 1310 4108 propugnaculi
1333 4045 1462 4092 mole

445 4129 647 4178 obrutos
671 4127 984 4192 opprimeret.
1007 4124 1221 4173 Rutilius
1243 4127 1456 4178 Numan.

1564 3186 1828 3234 videntiam
1846 3187 2100 3251 agnoscit:
2124 3210 2150 3230 οι
2169 3187 2408 3237 Invidiam
2428 3192 2593 3238 timuit

1564 3275 1731 3316 natura
1747 3300 1762 3322 ‚
1786 3281 2054 3342 parumque
2069 3268 2263 3332 putavit
2287 3271 2484 3318 Arctois
2501 3269 2593 3318 ΑΙ-

1561 3359 1649 3407 pes
1684 3345 1970 3408 opposuisse
2010 3347 2155 3394 minis
2184 3361 2200 3396 :
2224 3347 2365 3396 Sicut
2390 3347 2591 3396 vallavit

1562 3421 1726 3470 multis
1747 3423 1910 3471 vitalia
1934 3425 2161 3472 membris
2176 3459 2193 3486 ,
2216 3425 2324 3474 Nec
2345 3427 2495 3474 semel
2520 3427 2593 3475 iu·

1559 3500 1735 3560 clusit,
1772 3517 1882 3566 quoe
1916 3503 2129 3566 pretIosa
2164 3503 2294 3553 tulit.
2332 3505 2444 3553 Jam
2480 3517 2588 3554 tum

1558 3579 1817 3644 multiplici
1832 3570 2008 3629 meruit
2020 3581 2287 3629 munimine
2316 3583 2461 3647 cingi,
2480 3583 2587 3631 Sol-

1556 3655 1812 3720 licitosquc
1828 3657 2001 3706 habuit
2022 3661 2184 3708 Roma
2211 3661 2373 3708 futura
2397 3660 2518 3709 deos
2538 3683 2586 3712 -.

1554 3735 1684 3783 Vide
1725 3736 2057 3786 Herodianum
2099 3737 2190 3786 lib.
2236 3741 2317 3798 113
2358 3741 2585 3802 Servium

1553 3813 1641 3861 lib.
1664 3815 1715 3861 X
1736 3831 1749 3872 ;
1772 3815 1983 3863 Plinium
2004 3815 2092 3866 lib.
2122 3819 2223 3864 ΧΠ
2236 3853 2253 3879 ,
2270 3833 2379 3882 cap.
2406 3835 2453 3866 ι.

1625 3909 1677 3941 2.
1696 3893 2064 3960 Nume'mNirg.
2078 3897 2186 3944 Βῆ.
2202 3897 2273 3954 11,
2292 3913 2389 3958 777
2408 3912 2422 3945 :
2438 3896 2585 3946 «Non

1551 3971 1656 4018 haec
1682 3973 1788 4021 sine
1812 3973 2009 4021 numine
2034 3973 2204 4021 divum
2231 3977 2477 4024 Eveniunt
2498 3997 2541 4023 ιι.

1627 4051 1677 4097 3.
1711 4049 2016 4099 Immam'tan'
2050 4049 2449 4117 multitudinique
2482 4069 2581 4117 pa·

1550 4129 1727 4178 ruisset.
1750 4131 1845 4178 Pro
1869 4129 2102 4180 Marcello
2124 4145 2137 4181 :
2163 4151 2185 4175 ι
2205 4131 2438 4182 domuisti
2464 4147 2581 4198 gen-
