2996 4694
517 383 609 454 82
1160 381 1257 449 Μ.
1311 381 1386 446 Τ.
1439 380 2000 450 CICERONIS

512 505 689 576 toris
730 503 1079 574 comitatu
1113 499 1623 597 comprehensi
1644 549 1666 590 ‚
1713 500 1790 572 in
1835 514 2162 574 senatum
2212 501 2652 593 introducti,

516 612 865 702 confessi,
903 612 979 682 in
1024 609 1313 682 vincula
1364 610 1674 706 conjecti
1709 635 1750 680 a
1785 611 2098 700 Milone,
2135 613 2372 684 emissi
2409 639 2452 684 a
2485 618 2648 685 Ser-

514 747 695 798 rano
726 751 743 794 ε
777 723 1051 794 mentio
1088 719 1309 792 nulla.
1348 725 1618 792 Forum
1661 720 2096 820 corporibus
2129 722 2396 794 civium
2429 747 2648 794 roma·

514 857 781 908 norum
824 846 1273 904 constratum
1316 829 1508 902 caede
1552 847 1934 904 nocturna.
1981 836 2148 905 Non
2189 833 2412 906 modo
2451 834 2646 906 nulla

512 970 703 1020 nova
770 945 1185 1042 quaestio¹⁴‚
1256 939 1383 1014 sed
1442 947 1659 1014 etiam
1718 959 1964 1016 vetera
2020 943 2290 1041 judicia
2343 943 2646 1017 sublata.

508 1056 911 1130 Tribunum
958 1052 1195 1152 plebis
1232 1052 1395 1150 plus
1439 1055 1698 1152 viginti
1733 1053 2160 1127 vulneribus
2200 1059 2513 1154 acceptis
2542 1057 2643 1152 ja·

511 1183 799 1240 centem
868 1162 1543 1261 moribundumque
1604 1164 1934 1254 vidistis;
2013 1165 2302 1237 alterius
2371 1163 2644 1236 tribuni

509 1273 855 1378 plebis¹⁵‚
906 1275 1129 1346 divini
1187 1273 1504 1346 hominis
1551 1273 1830 1370 (dicam
1881 1276 2072 1346 enim
2123 1273 2324 1371 quod
2373 1276 2645 1361 sentio,

508 1405 583 1462 et
648 1385 849 1484 quod
926 1409 1207 1456 mecum
1276 1387 1600 1456 sentiunt
1657 1409 1910 1457 omnes
1933 1385 1960 1481 )
1983 1440 2005 1475 ,
2063 1384 2328 1470 divini,
2386 1383 2648 1510 insigni

509 1499 861 1598 quadam,
907 1495 1271 1584 inaudita,
1320 1521 1508 1568 nova
1559 1496 2058 1594 magnitudine
2101 1497 2362 1586 animi,
2412 1499 2644 1595 gravi-

509 1623 695 1694 tate,
732 1606 875 1679 fide
923 1606 1254 1705 praediti,
1298 1605 1561 1680 domus
1598 1621 1706 1679 est
1749 1621 2172 1706 oppugnata
2212 1607 2443 1696 ferro,
2487 1606 2650 1679 faci·

506 1720 686 1803 bus»,
727 1719 1049 1790 exercitu
1085 1716 1456 1788 Clodiano.

606 1834 753 1902 XL.
784 1831 875 1898 Et
906 1841 987 1898 tu
1026 1826 1169 1898 hoc
1197 1828 1361 1899 loco
1390 1827 1640 1900 laudas
1665 1830 2050 1916 Milonem,
2083 1845 2154 1900 et
2175 1829 2338 1924 jure
2365 1827 2646 1900 laudas:

509 1963 731 2037 quem
787 1939 977 2008 enim
1042 1961 1387 2035 umquam
1444 1941 1684 2010 virum
1741 1955 1884 2011 tam
1939 1941 2332 2012 immortali
2383 1941 2648 2012 virtute

506 2041 1055 2146 vidimus?qui‚
1102 2048 1307 2129 nullo
1351 2053 1652 2148 praemio
1700 2053 2110 2150 proposito,
2161 2063 2426 2151 praeter·
2471 2050 2647 2134 hoc,

510 2160 711 2259 quod
762 2161 907 2266 jam
950 2161 1388 2231 contritum¹
1430 2175 1504 2232 et
1543 2173 2046 2256 contemptum
2095 2176 2430 2259 putatur,
2468 2160 2650 2258 judi

509 2272 703 2342 cium
757 2255 1171 2355 bonorum,
1232 2272 1476 2340 omnia
1532 2271 1900 2395 pericula,
1959 2291 2280 2341 summos
2327 2270 2650 2357 labores⁹

512 2383 962 2479 gravissimas
998 2382 1507 2451 contentiones
1545 2382 2097 2478 inimicitiasque
2133 2384 2489 2479 suscepit;
2521 2381 2648 2478 qui

506 2492 686 2565 mihi
728 2514 921 2561 unus
972 2512 1061 2559 ex
1108 2488 1450 2560 omnibus
1488 2490 1772 2564 civibus
1815 2490 2103 2563 videtur
2147 2516 2224 2561 re
2267 2491 2602 2562 docuisse
2627 2540 2650 2577 ‚

510 2628 663 2675 non
706 2598 986 2684 verbis,
1019 2597 1197 2693 quid
1237 2614 1614 2696 oporteret
1647 2625 1692 2671 a
1724 2602 2324 2699 praestantissimis
2363 2600 2536 2691 viris
2573 2600 2647 2669 in

510 2707 881 2809 republica
944 2704 1146 2793 fieri,
1209 2721 1283 2778 et
1352 2706 1530 2806 quid
1596 2734 1888 2783 necesse
1960 2724 2206 2781 esset:
2254 2718 2646 2807 oportere²

512 2815 890 2888 hominum
949 2814 1371 2901 audacium,
1414 2842 1830 2891 eversorum
1869 2819 2280 2919 reipublicae
2322 2819 2574 2891 sceleri
2593 2816 2648 2902 ³,

514 2924 795 3021 legibus
848 2938 921 2995 et
966 2924 1255 3023 judiciis
1307 2930 1674 3019 resistere3
1731 2932 1790 3001 si
1849 2928 2043 3028 leges
2094 2952 2244 3001 non
2283 2930 2646 3015 valer-ent,

511 3030 777 3132 judicia
846 3060 999 3106 non
1055 3050 1333 3126 essent,
1396 3038 1455 3109 si
1509 3036 1920 3139 respublica
1975 3041 2084 3127 vi,
2141 3064 2650 3137 consensuque

516 3144 937 3234 audacium,
972 3138 1189 3218 armis
1224 3169 1572 3247 oppressa
1611 3166 2012 3241 teneretur,
2060 3150 2384 3248 praesidio
2417 3166 2490 3221 et
2525 3172 2648 3221 co·

516 3258 651 3355 piis
711 3254 1002 3329 defendi
1066 3260 1282 3330 vitam
1338 3273 1409 3332 et
1466 3258 1873 3335 libertatem
1928 3280 2218 3335 necesse
2273 3286 2449 3337 esse.
2497 3262 2650 3331 Hoc

590 3490 671 3537 ιι.
714 3482 853 3529 Nom
886 3482 1106 3546 quoesoe'o.
1150 3484 1289 3533 Nov-
1326 3486 1534 3549 quoestio
1623 3487 1746 3535 miti
1773 3486 1926 3548 facit,
1956 3498 2009 3535 ut
2029 3488 2127 3537 hoe
2149 3485 2211 3535 ad
2243 3497 2374 3534 recte
2409 3486 2650 3551 agendum

514 3573 617 3621 est,
654 3579 802 3627 quum
843 3561 912 3611 ob
947 3563 1167 3611 crimini}
1204 3564 1533 3627 atrocitatum,
1623 3564 1826 3630 proenlo
1850 3566 2076 3615 ducatur.

514 3658 641 3691 nove
676 3643 783 3705 lege
811 3642 935 3701 hta,
971 3642 1033 3690 de
1060 3638 1235 3706 aliquo
1268 3645 1532 3707 queritur:
1699 3658 1746 3693 a.
1783 3642 2033 3709 Opomre.
2061 3644 2149 3693 m·
2174 3661 2226 3692 ne
2250 3640 2487 3692 diffimmt
2509 3654 2653 3707 ορονυ

510 3722 647 3785 quod
678 3720 733 3767 in
764 3731 905 3768 causa
944 3720 1145 3769 Milonis
1174 3722 1243 3769 ob
1278 3732 1443 3771 neum
1476 3725 1532 3772 Ρ.
1622 3734 1724 3771 me
1749 3735 1798 3771 et
1818 3736 2010 3772 memo
2031 3740 2134 3773 esee
2150 3757 2167 3783 ‚
2194 3724 2332 3788 quod
2360 3724 2650 3788 pierumque
2733 3780 2741 3789 .

512 3800 673 3851 Clodii
688 3802 867 3847 factum
886 3810 977 3847 ost
1470 3812 1479 3823 ⁸
1620 3802 1830 3865 legitima
1871 3804 2020 3867 priori
2037 3838 2055 3865 ‚
2094 3802 2356 3851 necessaria
2390 3813 2552 3850 nutem
2593 3810 2656 3849 ae

586 3879 899 3927 15.A1oen·a
918 3877 1272 3943 tn'bum'plobfs.
1296 3876 1535 3929 Milonem
1623 3880 1766 3929 etiam
1798 3892 1979 3947 pmter
2019 3884 2150 3948 leges
2193 3882 2456 3947 posteriori
2501 3880 2652 3929 verbo

512 3956 768 4021 significat.
1624 3958 1976 4024 algnificnntnr.

582 4037 689 4085 11..
730 4050 775 4083 x.
816 4037 931 4081 lam
956 4034 1215 4082 coner-icum
1241 4045 1291 4082 ot
1312 4044 1534 4083 mcum-
1696 4041 1748 4088 3.
1789 4042 1984 4090 Sceleri.
2020 4038 2280 4089 sceleribu
2325 4038 2447 4089 dant
2489 4038 2652 4089 θην.

496 4127 656 4179 ptum.
684 4112 843 4163 Nemo
868 4112 996 4160 enim
1019 4112 1261 4177 judicium
1284 4110 1542 4171 bonon-um¹
1622 4116 1770 4165 codd.
1791 4129 1842 4167 et
1861 4121 1998 4182 regii.
2023 4120 2075 4169 J.
2094 4116 2157 4166 V.
2185 4120 2240 4167 Ῑ.
