2996 4694
485 367 624 439 238
1123 360 1219 434 Μ.
1275 362 1354 433 Τ.
1409 360 1987 435 CICERONIS

483 495 678 562 enim
709 486 808 557 illi
834 486 1134 557 crimine
1161 502 1609 584 peccatoque
1636 488 2055 585 perierunt?
2084 510 2347 586 nempe
2364 542 2385 576 ‚
2413 488 2615 586 quod

479 602 802 698 ejusdem
855 599 1174 671 mulieris
1225 598 1555 671 dolorem
1598 606 1674 671 et'
1728 601 2063 696 injuriam
2100 606 2437 673 Vettiano
2482 628 2615 673 ne-

483 713 660 785 fario
685 723 856 783 sunt
890 724 1143 807 stupro
1171 710 1611 807 persequuti.
1630 714 1852 808 ErgO‚
1884 725 1969 783 ut
2002 710 2377 783 audiretur
2404 713 2615 784 Vettii

485 846 756 899 nomen
791 823 868 891 iu
901 844 1152 908 causa,
1187 834 1272 892 ut
1299 820 1420 891 illa
1449 834 1659 893 vetus
1684 820 1971 893 Afrania
2002 820 2245 893 fabula
2266 820 2297 865 3
2337 820 2617 894 refrica-

480 949 716 1020 retur,
759 930 1032 1003 idcirco
1075 934 1400 1003 Camurti
1436 944 1510 1002 et
1546 932 1797 1002 Eserni
1836 956 2049 1005 causa
2084 948 2193 1005 est
2228 932 2619 1005 renovata?

481 1044 610 1141 qui
643 1064 1085 1140 quamquam
1132 1041 1287 1138 lege
1323 1040 1418 1113 de
1457 1042 1527 1111 vi
1562 1043 1759 1113 cet-'te
1794 1066 1947 1113 non
1982 1041 2488 1128 tenebantur⁴‚
2526 1068 2617 1113 eo

485 1151 842 1225 maleficio
901 1167 1138 1222 tamen
1193 1164 1402 1222 erant
1447 1151 1830 1250 implicati,
1874 1165 1959 1223 ut
2006 1176 2093 1223 ex
2132 1153 2403 1225 nullius
2442 1153 2619 1249 legis

485 1264 764 1360 laqueis
803 1260 1182 1333 emittendi
1220 1260 1664 1333 viderentur.
1710 1266 1809 1331 M.
1854 1286 2031 1333 vero
2070 1263 2337 1335 Coelius
2372 1288 2505 1335 cur
2540 1264 2618 1333 in

488 1374 632 1445 hoc
663 1371 1020 1467 judicium
1055 1372 1402 1442 vocatur?
1440 1374 1559 1443 cui
1602 1395 1843 1468 neque
1880 1376 2257 1470 proprium
2294 1374 2624 1469 quaestio-

487 1485 600 1555 nis
623 1485 894 1554 crimen
923 1480 1289 1576 objicitur,
1320 1506 1458 1553 nec
1487 1506 1665 1553 vero
1690 1480 1964 1580 aliquid
1990 1481 2381 1577 ejusmodi,
2418 1480 2622 1578 quod

487 1596 578 1666 sit
625 1620 666 1664 a
710 1592 868 1689 lege
902 1592 1312 1687 sejunctum
1336 1589 1392 1680 ⁵,
1433 1606 1507 1663 at
1546 1615 1716 1663 cum
1758 1604 1993 1662 vestra
2030 1592 2409 1663 severitate
2441 1616 2623 1663 con-

481 1704 842 1799 junctum.
879 1704 1102 1798 Cujus
1138 1704 1370 1801 prima
1403 1716 1571 1773 aetas
1608 1688 1863 1773 dedita·
1882 1700 2273 1799 disciplinis
2302 1698 2475 1789 fuit,
2510 1702 2625 1771 iis-

489 1838 636 1912 que
671 1811 990 1897 artibu3‚
1033 1811 1300 1910 quibus
1335 1813 1765 1883 instruimur
1796 1810 1889 1881 ad
1924 1810 2123 1881 hunc
2150 1835 2357 1883 usum
2387 1809 2624 1883 foren-

491 1950 642 1998 sem
665 1980 686 2016 ‚
743 1926 833 1997 ad
891 1924 1397 2024 capessendam
1453 1924 1979 2024 rempublicam
1992 1922 2051 2011 ⁶,
2093 1925 2183 1996 ad
2228 1924 2579 1997 honorem
2602 1978 2623 2011 ‚

563 2204 612 2256 3.
635 2202 736 2253 ma
751 2215 890 2253 vetas
906 2198 1332 2269 Afraniafabala.
1345 2194 1515 2250 Lamb·

493 2286 698 2350 conjicit
713 2280 1011 2350 Asram‘ana.
1027 2282 1178 2346 Quod
1197 2292 1401 2339 rectum,
1421 2280 1517 2329 uisi

489 2368 628 2417 malis
665 2362 874 2430 Afranii
906 2373 992 2412 aut
1033 2359 1300 2425 Aftanioe5
1339 2377 1517 2425 nempe

489 2463 592 2495 nou
614 2445 758 2493 datur
779 2456 1073 2504 cognoscere
1095 2451 1259 2488 utrum
1287 2437 1351 2486 ad
1377 2439 1519 2486 Afra·

489 2525 624 2571 nium
647 2529 712 2570 au
746 2519 806 2568 ad
833 2519 1084 2568 Ast-auiam
1112 2513 1296 2564 alludat
1323 2519 1509 2565 orator.

490 2599 723 2652 Afranius
736 2607 884 2663 poeta
896 2631 912 2655 ‚
937 2595 999 2644 de
1017 2611 1118 2660 quo
1141 2594 1315 2642 Fabius
1329 2593 1420 2642 lib.
1434 2595 1512 2655 X,

489 2695 599 2744 cap.
627 2693 646 2725 t
674 2690 686 2727 ε
727 2675 968 2738 «Togatis
1008 2671 1204 2721 excellit
1247 2673 1513 2734 Afranius,

489 2759 774 2818 utinamque
801 2768 904 2799 nou
916 2751 1215 2814 inquinasset
1233 2762 1515 2814 argumenta

489 2849 756 2902 puerorum
774 2829 918 2878 soedis
933 2829 1179 2876 amoribus
1189 2863 1206 2889 ,
1225 2845 1384 2878 mores
1400 2845 1515 2878 suos

491 2917 644 2962 fassus
661 2933 704 2961 ιο.
736 2909 934 2960 Afrania
967 2907 1382 2974 impudentissima
1407 2925 1517 2957 mue

492 2995 596 3053 lier,
617 2999 666 3040 et
681 3001 738 3038 ut
763 2988 956 3037 credere
975 3004 1063 3052 par
1079 2998 1150 3035 est
1162 3021 1179 3049 ‚
1199 2987 1515 3054 plurimarum

491 3072 758 3122 fabularum
783 3068 968 3134 poetria
983 3103 999 3127 ‚
1029 3082 1174 3132 qnam
1203 3067 1374 3117 Clodia
1399 3067 1514 3115 imi-

495 3154 584 3202 tari
605 3149 834 3200 voluerit.
855 3146 1080 3196 'Valerius
1106 3147 1243 3195 Max.
1261 3145 1351 3195 lib.
1365 3147 1514 3205 vm,

493 3249 598 3297 cap.
615 3233 671 3281 3:
693 3249 716 3272 α
735 3229 850 3277 Caia
871 3227 1085 3287 Afrania,
1103 3227 1273 3274 Licinii
1288 3227 1515 3274 Bructio-

493 3313 569 3360 nis
597 3324 749 3367 uxor,
796 3315 1022 3372 prompta
1057 3305 1122 3354 ad
1163 3305 1274 3353 lites
1319 3315 1517 3352 coutra-

493 3389 678 3439 bendas
689 3423 703 3447 ‚
722 3401 815 3450 pro
833 3400 884 3432 se
901 3399 1090 3447 semper
1107 3383 1240 3446 apud
1257 3393 1519 3446 pretorem

491 3469 639 3517 verba
666 3465 783 3512 fecit
798 3497 815 3521 ‚
839 3477 940 3509 uon
962 3460 1102 3525 quod
1138 3460 1364 3508 advocati
1390 3459 1519 3507 defi-

492 3553 684 3600 eet-ent,
712 3540 797 3589 sed
819 3537 956 3602 quod
975 3531 1278 3599 impudentia
1299 3537 1521 3584 abunda-

497 3625 602 3672 bat.
643 3623 814 3681 Itaque
846 3617 1086 3663 inusitatis
1118 3616 1229 3663 foro
1263 3614 1520 3663 latratibus

497 3700 686 3750 assidue
719 3693 978 3744 tribunalia
1012 3692 1310 3752 exercendo,
1345 3693 1519 3741 mulie-

496 3782 598 3830 bris
661 3773 913 3823 calumuioe
991 3771 1292 3818 notissimum
1364 3773 1519 3822 evasit

495 3854 796 3919 emplum3
823 3849 944 3898 adeo
981 3859 1034 3896 ut
1066 3865 1160 3914 pro
1187 3851 1388 3898 crimine
1424 3853 1517 3898 im·

497 3935 667 4002 probis
687 3930 970 3978 feminarum
991 3927 1210 3976 moribus
1228 3927 1358 3976 Caioe
1371 3930 1514 3976 Afra-

415 4019 426 4028 '
495 4016 590 4064 niae
634 4023 814 4060 nomen
857 4006 1184 4066 objicimur...-
1219 4008 1517 4072 Prorogavit

495 4103 655 4142 autem
683 4087 906 4152 spiritum
930 4101 1068 4133 suum
1101 4083 1164 4132 ad
1196 4085 1254 4134 C.
1275 4087 1513 4137 Caesarem

1604 2194 1825 2263 tertium,
1845 2202 2060 2264 itemque
2078 2190 2152 2248 Μ.
2174 2198 2430 2249 Servilium
2446 2215 2626 2249 consu-

1602 2278 1726 2335 lem;
1752 2278 1847 2327 tale
1876 2280 2007 2327 enim
2040 2288 2311 2327 monstrum
2344 2282 2499 2344 magis
2522 2292 2626 2343 quo

1604 2369 1823 2424 tempore
1866 2359 2185 2416 exstinctum,
2229 2375 2377 2424 quain
2418 2375 2520 2424 quo
2562 2358 2629 2408 sit

1604 2449 1767 2487 ortum
1788 2440 2033 2486 memorioe
2060 2437 2347 2486 tradendum
2366 2449 2439 2486 est
2454 2459 2497 2486 ιι.

1676 2525 1724 2574 4.
1741 2519 1866 2583 Lege
1884 2529 2013 2566 certe
2034 2519 2097 2566 de
2117 2511 2177 2566 υἱ
2198 2529 2295 2566 non
2321 2519 2626 2571 tenebantur.

1600 2599 1702 2645 Lex
1728 2596 1787 2645 de
1808 2597 1859 2644 vi
1879 2597 1942 2646 ad
1969 2597 2190 2661 publica,
2218 2613 2319 2646 nou
2345 2597 2409 2646 ad
2435 2600 2627 2663 privata

1600 2674 1778 2739 flagitia
1804 2675 2086 2740 spectabam
2128 2675 2241 2736 sed,
2266 2693 2375 2742 cap.
2404 2693 2426 2725 1
2465 2675 2528 2726 de
2552 2695 2627 2726 se·

1604 2753 1795 2802 ditiosis
1822 2752 2257 2818 consceleratisque
2282 2756 2471 2804 civibus
2489 2791 2505 2816 ,
2542 2757 2631 2821 qui

1603 2832 1775 2881 armati
1793 2843 2013 2881 senatum
2031 2833 2333 2883 obsedissent
2344 2869 2359 2894 ,
2380 2835 2633 2900 magistra·

1604 2911 1736 2960 tibus
1776 2913 1877 2958 vim
1928 2912 2203 2962 attulissent
2220 2947 2236 2971 ,
2280 2915 2630 2979 rempublicam

1602 2991 2020 3055 oppugnavissent
2043 2991 2195 3055 quari
2212 2991 2632 3053 jubebat.Tamen

1602 3085 1715 3117 reus
1726 3104 1741 3129 ‚
1771 3070 1854 3132 qui
1876 3069 1984 3134 lege
2011 3069 2073 3118 de
2089 3071 2141 3118 vi
2159 3069 2485 3121 absolvendus
2502 3074 2633 3123 vide-

1602 3148 1761 3206 batur,
1782 3147 2101 3197 nihilominus
2128 3151 2558 3212 condemnabatur,
2586 3153 2633 3200 si

1604 3225 1839 3291 flagitium
1872 3228 2114 3296 ejusmodi
2146 3241 2295 3291 esset,
2321 3243 2377 3280 ut
2413 3231 2634 3281 damnari

1607 3322 1719 3353 eum
1758 3321 1951 3354 necesse
1991 3307 2236 3357 videretur
2251 3344 2266 3370 ,
2323 3321 2633 3376 quacumque

1605 3385 1715 3448 lege
1732 3395 1855 3434 esset
1873 3396 2145 3435 accusatus.

1678 3463 1731 3512 5.
1761 3464 1913 3527 Quod
1931 3463 1997 3511 sie
2020 3481 2055 3511 a
2073 3465 2183 3530 Iege
2200 3465 2487 3531 sejunctum.
2510 3471 2552 3518 1.
2582 3486 2629 3518 e.

1608 3542 1827 3605 quamvis
1848 3543 1910 3589 ab
1934 3544 2041 3606 ipsa
2062 3542 2169 3608 lege
2196 3555 2249 3593 et
2272 3547 2541 3610 questione
2570 3548 2634 3598 de

1608 3619 1657 3666 vi
1704 3620 1975 3680 sejunctum
1990 3657 2005 3682 ,
2054 3631 2214 3670 tamen
2266 3637 2473 3691 propter
2514 3623 2633 3676 sacti

1605 3697 1911 3746 atrocitatem
1936 3699 2252 3761 puniendum.

1676 3776 1727 3824 6.
1762 3776 1847 3824 Ad
1870 3779 2218 3841 capessendam
2252 3777 2599 3844 rempanIcam
2612 3818 2629 3840 ,

1606 3863 1705 3902 etc.
1740 3853 1822 3902 Ad
1853 3855 2065 3905 honores
2098 3857 2281 3906 aditum
2307 3859 2631 3924 patefaciebat

1604 3932 1895 3996 eloquentia.
1916 3936 2011 3982 Pro
2029 3936 2225 3986 Sextio:
2247 3959 2273 3978 σ-
2288 3939 2407 3986 Hoec
2435 3941 2507 3987 c'st
2530 3957 2629 3989 una

1602 4013 1705 4066 via,
1734 4011 1853 4058 mihi
1878 4012 2061 4061 credite
2076 4049 2092 4074 ,
2118 4025 2170 4062 et
2190 4014 2345 4064 laudis
2363 4051 2379 4073 ,
2406 4027 2455 4064 et
2475 4017 2629 4082 digni-

1603 4089 1742 4151 tatis,
1761 4101 1807 4136 et
1826 4089 2030 4138 honoris
2050 4113 2091 4140 ι.
2115 4093 2177 4140 Et
2196 4093 2310 4141 alibi
2336 4095 2628 4160 steqnenter.
