2996 4694
834 398 1239 466 ORATIO
1292 399 1497 466 PRO
1548 397 1623 463 P.
1679 397 2097 464 SEXTIO.
2397 397 2528 467 125

410 543 663 591 omnes
710 515 858 588 fere
896 515 1311 614 reipublicae
1366 541 1650 613 poenas,
1698 533 1822 588 aut
1865 517 2231 615 praesenti⁶
2265 535 2530 602 morte,

410 645 535 702 aut
570 629 763 726 turpi
792 627 1073 712 exsilic,
1104 627 1628 725 dependerunt.

503 737 722 831 Quod
748 741 803 809 si
835 736 1031 836 apud
1061 738 1567 826 AthenienseS,
1593 737 1928 808 homines
1955 740 2244 808 Graecos
2261 791 2280 826 ,
2309 738 2526 836 longe

410 875 453 920 a
496 863 905 920 nostrorum
948 847 1331 918 hominum
1368 848 1710 944 gravitate
1747 847 2178 943 disjunctos,
2213 872 2366 918 non
2404 847 2533 919 de—

410 974 615 1032 erant
632 1014 652 1048 ,
710 962 839 1057 qui
892 955 1412 1053 rempublicam
1452 971 1706 1026 contra
1755 955 2008 1055 populi
2063 958 2536 1028 temeritatem

409 1065 879 1140 defenderent
897 1122 917 1155 ,
942 1090 1173 1164 quum
1198 1089 1451 1137 omnes
1471 1119 1490 1152 ,
1511 1067 1638 1164 qui
1657 1067 1756 1137 ita
1793 1064 2146 1153 fecerant,
2175 1088 2216 1135 e
2252 1067 2536 1138 civitate

410 1176 877 1270 ejicerentur3
928 1177 987 1246 si
1043 1174 1594 1246 Themistoclem
1651 1174 1854 1245 illum
1873 1229 1894 1261 ,
1957 1175 2536 1249 conservatorem

407 1290 653 1384 patriae
678 1299 735 1374 ⁷,
796 1310 947 1357 non
998 1285 1347 1357 deterruit
1397 1309 1437 1356 a
1490 1282 1863 1383 republica
1909 1282 2360 1357 defendenda
2401 1311 2540 1358 nec

407 1396 744 1469 Miltiadis
795 1395 1157 1468 calamitas
1176 1391 1231 1482 ⁸,
1278 1394 1405 1492 qui
1447 1394 1644 1466 illam
1695 1394 2050 1464 civitatem
2090 1393 2334 1491 paullo
2377 1410 2543 1466 ante

408 1521 721 1580 servarat
742 1518 801 1595 9,
828 1531 965 1578 nec
991 1504 1317 1577 Aristidis
1334 1502 1506 1601 fuga
1525 1559 1545 1592 ,
1575 1505 1704 1600 qui
1729 1527 1920 1573 unus
1944 1506 2272 1574 omnium
2300 1504 2537 1598 justis-

410 1621 631 1690 simus
671 1615 891 1689 fuisse
925 1614 1265 1703 traditur3
1306 1617 1364 1686 si
1410 1630 1660 1713 postea
1703 1615 1970 1685 summi
2006 1613 2330 1707 ejusdem
2366 1616 2535 1685 civi-

410 1730 573 1800 tatis
599 1729 771 1816 viri,
806 1750 994 1825 quos
1028 1726 1457 1797 nominatim
1494 1724 1838 1822 appellari
1878 1737 2177 1796 nonest
2211 1747 2536 1808 necesse,

410 1839 797 1935 propositis
843 1851 950 1908 tot
1001 1834 1345 1932 exemplis
1369 1843 1435 1879 ¹⁰
1471 1833 1855 1905 iracundiae
1898 1833 2353 1929 levitatisque
2405 1858 2538 1931 po-

413 1947 680 2042 pularis
696 1999 716 2032 ,
740 1962 981 2016 tamen
1009 1967 1213 2015 suam
1238 1943 1759 2040 rempublicam
1790 1943 1984 2014 illam
2013 1941 2494 2015 defenderunt
2517 1972 2538 2029 3

412 2052 593 2151 quid
617 2079 754 2125 nos
778 2053 1069 2124 tandem
1107 2052 1339 2125 facere
1366 2052 1714 2125 debemus
1735 2108 1754 2141 ,
1801 2057 2118 2150 primum
2145 2056 2336 2125 inea
2376 2055 2538 2126 civi-

416 2177 559 2233 tate
589 2165 781 2250 nati,
818 2161 1017 2234 unde
1044 2176 1205 2233 orta
1238 2162 1754 2258 mihigravitas
1780 2177 1854 2234 et
1877 2162 2298 2261 magnitudo
2321 2167 2540 2236 animi

413 2270 739 2344 videtur?
775 2286 933 2343 tum
955 2273 1031 2343 in
1063 2285 1263 2343 tanta
1289 2272 1514 2369 gloria
1546 2274 1990 2361 insistenteS‚
2023 2289 2108 2344 ut
2136 2277 2376 2345 omnia
2401 2275 2538 2345 hu·-

416 2407 627 2455 mana
668 2382 937 2453 leviora
970 2381 1193 2453 videri
1232 2381 1592 2455 debeant?
1623 2380 1884 2456 deinde
1925 2382 2016 2455 ad
2059 2408 2216 2456 eam
2253 2409 2540 2482 rempu-

414 2492 675 2567 blicam
716 2490 1059 2563 tuendam
1099 2493 1431 2589 aggressi,
1464 2518 1626 2589 quae
1665 2508 1860 2564 tanta
1891 2492 2232 2591 dignitate
2269 2509 2414 2579 est,
2458 2511 2543 2565 ut

416 2626 571 2675 eam
617 2600 1127 2673 defendentem
1177 2599 1506 2673 occidere
1543 2626 1693 2675 non
1739 2600 1937 2673 aliud
1977 2605 2066 2675 sit
2088 2656 2107 2691 ,
2143 2628 2361 2701 quam
2405 2629 2541 2703 op-

416 2725 853 2812 pugnantem
889 2734 1133 2783 rerum
1172 2711 1431 2809 potiri?

510 2826 825 2893 LXVIII.
901 2824 1247 2894 Homines
1300 2824 1532 2893 Graeci
1552 2875 1573 2907 ‚
1627 2845 1814 2919 quos
1865 2836 2076 2894 antea
2129 2825 2539 2911 nominavi,

416 2934 667 3030 inique
700 2956 743 3003 a
782 2933 935 3004 suis
968 2932 1243 3004 civibus
1285 2931 1606 3004 damnati
1641 2947 1855 3030 atque
1890 2932 2212 3030 expulsi,
2253 2947 2498 3005 tamen
2521 2988 2541 3021 ,

489 3164 539 3212 6.
566 3161 801 3211 Praesenti
820 3174 995 3211 morte.
1018 3164 1090 3213 Ut
1112 3163 1201 3226 Sp.
1226 3161 1431 3220 Melius,

419 3243 496 3290 M.
512 3242 725 3291 Manlius
740 3241 1046 3306 Capitolinus
1058 3278 1074 3303 ,
1090 3241 1193 3289 duo
1210 3241 1433 3300 Gracchi,

421 3320 477 3365 L.
500 3320 738 3383 Apuleius
762 3321 1048 3368 Saturninus
1062 3354 1079 3377 ,
1112 3329 1161 3367 et
1185 3320 1239 3367 P.
1272 3318 1437 3383 Sulpi-

422 3396 544 3445 cius.
570 3424 653 3467 -χ
671 3398 819 3463 Turpi
839 3398 1033 3449 exsilio.
1056 3400 1127 3447 Ut
1148 3398 1287 3447 Caeeo
1300 3432 1315 3459 ,
1340 3399 1436 3449 c·-

422 3475 583 3523 minu·
600 3486 653 3525 et
676 3477 923 3528 Servilius.

496 3571 543 3614 7.
584 3554 971 3605 conservatorem
988 3556 1187 3621 patria.
1222 3559 1280 3605 In
1304 3555 1436 3606 bello

422 3644 595 3681 eontra
610 3634 823 3682 Xerxem
840 3636 1089 3683 rer-arum
1108 3651 1278 3699 regem.

493 3712 541 3759 8.
568 3710 853 3759 Gatamicas.
878 3714 1143 3762 Accusatus
1166 3714 1293 3763 enim
1314 3729 1435 3778 pro-

421 3790 621 3841 ditionis
632 3824 649 3849 ,
667 3790 824 3854 quod,
842 3807 993 3853 quum
1008 3794 1177 3841 Parum
1196 3808 1442 3856 expugua-

422 3885 473 3917 re
497 3882 691 3934 ponet,
716 3884 745 3917 ι
772 3884 883 3931 rege
906 3871 1152 3917 Persarum
1180 3882 1440 3936 corruptus

422 3948 612 3996 infectis
628 3948 773 3997 rebus
794 3964 821 3995 a
841 3964 1003 4012 pugna
1022 3949 1309 3999 discessisset
1324 3986 1341 4011 ,
1362 3966 1439 3999 eu-

423 4026 539 4091 pitis
574 4026 773 4090 quidem
808 4026 1057 4076 absolutus
1098 4039 1173 4075 est
1188 4065 1201 4087 ,
1236 4030 1438 4093 pecuina

425 4120 539 4154 vero
574 4116 703 4155 taut·
740 4106 1003 4171 multatus,
1030 4118 1255 4172 quantam
1288 4124 1437 4171 quum

1522 3160 1708 3209 solvere
1726 3174 1828 3207 non
1851 3170 2012 3223 posset
2025 3192 2042 3219 ,
2063 3161 2116 3207 iu
2135 3160 2329 3209 vincula
2347 3160 2545 3225 publica

1521 3239 1769 3300 conjectus
1783 3274 1798 3298 ,
1820 3239 2083 3286 miserrima
2105 3248 2250 3303 atque
2267 3224 2550 3303 indignissi-

1523 3334 1602 3365 ma
1623 3328 1778 3366 morte
1799 3318 1927 3365 diem
1945 3317 2089 3366 obiit.

1597 3411 1645 3460 9.
1674 3398 1919 3445 Servat-ae.
1955 3396 2339 3445 In'Marathonia
2365 3414 2548 3463 pugna.

1527 3502 1588 3514 -ι
1627 3474 1855 3523 Aristidis
1875 3472 2039 3537 firgo.
2070 3476 2168 3523 Hie
2179 3472 2318 3539 fiaga
2337 3492 2366 3523 a
2391 3492 2546 3540 φησι

1523 3568 1646 3601 voce
1659 3550 1784 3622 φυγὴ
1797 3551 2020 3611 defluxit,
2037 3570 2145 3617 quoe
2162 3554 2383 3602 exsilium
2398 3556 2547 3620 nigni-

1523 3630 1652 3681 flcat.
1697 3636 1805 3681 Hoc
1851 3632 1980 3679 enim
2019 3648 2160 3681 semu
2193 3632 2276 3679 hic
2311 3644 2384 3681 eet
2419 3636 2546 3683 ucci-

1524 3711 1718 3776 pientia.

1603 3808 1684 3840 xo.
1715 3790 1982 3856 Proposita}
2011 3801 2083 3838 tot
2117 3790 2372 3853 exemplis.
2415 3790 2540 3839 Nam

1527 3872 1820 3937 quicumque
1843 3870 1922 3919 vel
1944 3870 2013 3919 rei
2031 3868 2254 3921 militarie
2271 3868 2442 3927 laude,
2467 3873 2545 3919 vel

1527 3948 1798 4014 eloquentia
1822 3986 1839 4012 ,
1883 3960 2072 3997 eeteros
2123 3948 2329 3995 anteiret
2344 3979 2359 4004 ,
2411 3947 2544 3998 hunc

1525 4030 1843 4078 Atheniense·
1857 4062 1872 4085 ‚
1917 4028 2090 4077 testula
2133 4026 2412 4075 demnatum
2427 4062 2444 4087 ,
2485 4046 2548 4081 ex

1527 4108 1648 4155 urbe
1677 4106 1948 4167 ejiciebant.
