2996 4694
503 374 648 449 630
1151 378 1248 447 M.
1297 378 1374 445 T.
1427 376 1997 447 CICERONIS

503 502 578 571 in
635 522 727 571 eo
777 517 996 571 senex
1050 512 1292 595 posset
1313 550 1336 585 ,
1373 496 1707 569 admirari
1754 494 2159 567 solebamus
2176 490 2234 565 ⁶.
2280 497 2415 567 Hic
2446 518 2619 568 vero

501 607 918 683 adolescens
932 619 987 693 ⁷,
1025 608 1152 705 qui
1180 632 1384 679 meus
1409 610 1485 679 in
1510 607 1753 681 Cilicia
1780 606 2011 691 miles,
2034 608 2110 677 in
2134 608 2405 679 Graecia
2430 630 2621 679 eom·-

505 718 730 791 milito
782 715 954 805 fuit,
1003 741 1230 814 quum
1289 718 1366 789 in
1419 717 1549 789 illo
1598 731 1851 787 nostro
1896 718 2217 789 exercitu
2268 716 2623 811 equitaret

501 852 668 901 cum
721 828 870 899 suis
915 826 1208 900 delectis
1257 825 1625 924 equitibus
1644 875 1665 913 ‚
1720 850 1907 923 quos
1964 850 2107 897 uua
2164 848 2333 897 cum
2392 848 2483 897 eo
2530 824 2619 897 ad

503 939 928 1034 Pompeium
951 948 1154 1035 pater
1167 927 1200 979 ⁸
1223 938 1511 1009 miserat
1526 984 1547 1022 ‚
1576 952 1765 1032 quos
1788 958 2182 1007 concursus
2194 933 2431 1007 facere
2444 935 2621 1007 sole·

501 1042 670 1116 bat?
716 1069 932 1142 quam
974 1070 1054 1119 se
1096 1045 1409 1141 jactare?
1461 1069 1681 1141 quam
1700 1056 1733 1105 ⁹
1780 1046 2189 1116 ostentare?
2230 1068 2447 1141 quam
2490 1069 2623 1115 ne-

503 1154 680 1224 mini
729 1156 806 1225 in
855 1154 976 1225 illa
1029 1178 1243 1227 causa
1299 1154 1543 1229 studio
1602 1168 1677 1225 et
1726 1153 2121 1252 cupiditate
2174 1153 2623 1247 concedere?

501 1266 752 1353 Quum
785 1288 960 1336 vero
979 1319 1000 1354 ,
1030 1266 1348 1337 exercitu
1374 1264 1731 1351 amissow,
1768 1288 1943 1360 ego,
1978 1265 2109 1360 qui
2146 1267 2339 1362 pacis
2370 1278 2623 1335 auctor

501 1392 786 1470 semper
811 1372 1010 1461 suin,
1048 1390 1214 1472 post
1228 1374 1709 1445 Pharsalicum
1750 1388 1989 1445 autem
2024 1373 2345 1471 praelium
2376 1395 2623 1445 suasor

499 1478 790 1553 fuissem
835 1502 1203 1555 armorum
1243 1508 1396 1555 non
1433 1482 2037 1581 deponendorum
2056 1536 2077 1572 ‚
2116 1484 2239 1557 sed
2277 1482 2620 1577 abjicien-

501 1589 804 1680 dorum‚
837 1591 1038 1669 hunc
1069 1592 1158 1663 ad
1197 1616 1428 1665 meam
1459 1595 1955 1665 auctoritatem
1986 1619 2137 1665 non
2168 1595 2377 1691 potui
2402 1592 2626 1665 addu-

499 1702 970 1799 cere¹²,quod
1003 1718 1078 1777 et
1107 1705 1260 1803 ipse
1295 1703 1595 1777 ardebat
1610 1703 1851 1775 studio
1876 1707 2099 1802 ipsius
2124 1702 2321 1789 belli,
2338 1720 2415 1775 et
2440 1705 2621 1799 patri

501 1810 1080 1887 satisfaciendum
1117 1838 1271 1887 esse
1319 1812 1821 1885 arbitrabatur.
1860 1814 2055 1884 Felix
2082 1808 2289 1886 ista¹³
2322 1812 2583 1883 domus
2604 1866 2625 1899 ,

501 1944 660 2018 quae
688 1946 836 1993 non
867 1923 1373 2021 impunitatem
1402 1924 1639 1995 solum
1664 1924 1923 2021 adepta
1956 1924 2047 1995 sit
2064 1976 2085 2009 ‚
2118 1922 2245 1995 sed
2272 1924 2484 1995 etiam
2512 1946 2623 1993 ac-

503 2032 799 2105 cusandi
836 2032 1198 2107 licentiam
1235 2060 1252 2102 :
1299 2034 1753 2105 calamitosus
1792 2035 2207 2129 Dejotarus,
2253 2036 2377 2129 qui
2420 2047 2493 2105 et
2528 2030 2623 2103 ab

503 2162 624 2229 eo,
655 2144 782 2238 qui
825 2144 900 2213 in
951 2141 1204 2214 iisdem
1242 2147 1494 2215 castris
1529 2144 1787 2231 fuerit,
1822 2166 1973 2215 non
2016 2142 2236 2215 modo
2272 2142 2465 2240 apud
2511 2156 2621 2227 te,

503 2248 630 2323 sed
664 2256 884 2323 etiam
926 2276 968 2322 a
999 2252 1148 2323 suis
1186 2267 1580 2325 accusetur.
1618 2258 1765 2354 yos
1796 2268 2031 2325 vestra
2056 2250 2437 2325 secunda²⁴
2475 2249 2623 2323 for-

571 2433 626 2483 6.
646 2429 902 2482 Admirati
915 2433 1198 2484 solebamus.
1211 2433 1270 2482 In
1288 2430 1521 2483 Pharsali-

1607 2435 1787 2485 delevit
1796 2432 1901 2501 fui,
1928 2433 2079 2500 Quod
2104 2429 2295 2500 sequuti
2330 2444 2443 2483 sunt
2463 2432 2623 2483 multi.

1684 2530 1765 2564 ια.
1806 2515 1919 2562 Non
1951 2513 2095 2578 potui
2129 2513 2388 2561 adducere.
2437 2512 2626 2562 Castori

571 2605 622 2658 7.
647 2591 738 2639 mc
763 2607 886 2640 vem
911 2591 1210 2639 adolescens.
1235 2592 1425 2642 cantor.
1451 2618 1523 2629 —

503 2675 564 2718 In
599 2669 788 2721 Cilicia.
837 2669 1003 2733 Quum
1043 2669 1215 2720 Cicero
1257 2671 1523 2734 proconsul

505 2765 608 2797 eam
637 2749 940 2814 provinciam
970 2749 1230 2798 obtineret.
1271 2775 1343 2784 —
1378 2749 1521 2797 Com·
1546 2801 1563 2812 ..

503 2827 673 2877 milito.
713 2827 840 2892 Quia
879 2828 1054 2878 Cicero
1097 2837 1148 2875 et
1184 2828 1356 2876 Castor
1391 2827 1522 2877 bello

503 2907 634 2956 civili
661 2907 882 2957 eumdem
923 2908 1096 2956 ducem
1129 2906 1402 2956 habuerunt
1428 2907 1521 2958 Cn.

504 2987 804 3052 Pompeium.
821 2987 972 3049 Quasi
990 2983 1126 3034 alind
1150 3001 1294 3049 agens
1313 2985 1365 3034 in
1388 2987 1520 3035 invi-

506 3065 634 3114 diam
678 3068 930 3116 Castorem
969 3065 1126 3131 ipsum
1169 3065 1400 3125 adducit,
1434 3067 1522 3130 qui

504 3145 790 3210 Pompeium
839 3155 913 3192 est
966 3153 1200 3208 sequutus
1218 3180 1232 3204 ,
1287 3159 1444 3208 neque
1491 3157 1519 3192 a

501 3220 633 3272 bello
671 3221 1006 3274 continuando
1049 3222 1308 3271 deterritus
1321 3259 1336 3280 ‚
1369 3239 1521 3288 quum

506 3318 672 3351 omues
706 3300 804 3365 iam
842 3303 1141 3352 deditionem
1178 3301 1522 3374 circumspice·

497 3391 627 3429 mt-

571 3459 622 3510 8.
647 3461 811 3511 Pater.
829 3455 1207 3520 &mendax-ius,
1225 3471 1372 3524 gener
1396 3459 1522 3524 regis

503 3536 740 3600 Deiotari.

573 3633 626 3681 9.
654 3615 737 3666 Al.
767 3615 954 3664 addunt
970 3631 1037 3665 se.
1064 3618 1114 3665 J.
1133 3618 1201 3665 V.
1227 3617 1283 3663 L.

575 3709 652 3744 ιο.
689 3691 913 3742 Exercitu
941 3693 1132 3742 amt'sso.
1159 3691 1280 3742 Caes.
1309 3691 1370 3739 de
1393 3691 1518 3743 Bell.

498 3775 606 3828 civ.
641 3775 730 3824 lib.
767 3775 842 3821 111
865 3807 881 3834 ,
922 3788 1033 3837 cap.
1069 3786 1172 3835 99:
1213 3795 1238 3814 «-
1261 3773 1338 3821 Ex
1378 3771 1527 3820 Pom-

497 3857 672 3922 peiano
699 3851 914 3903 exercitu
933 3849 1125 3899 circiter
1142 3849 1292 3899 mima
1315 3851 1525 3916 quinde-

497 3935 589 3986 cim
612 3933 844 3982 cecidisse
868 3929 1183 3990 videbantur-3
1203 3929 1290 3979 sed
1307 3931 1362 3978 in
1383 3929 1522 3979 dedi-

494 4013 676 4063 tionem
695 4021 934 4061 veueruut
952 4007 1157 4074 amplius
1174 4025 1298 4058 xxxv
1315 4011 1484 4058 millia.

570 4108 591 4139 1
608 4109 650 4140 1.
679 4093 872 4156 Semper
881 4087 985 4156 fui.
1011 4088 1272 4138 Lambinus
1301 4103 1363 4136 ex
1396 4089 1521 4136 Mss

1608 2592 1895 2658 persuadere
1928 2609 2031 2641 non
2055 2593 2197 2658 potui
2212 2628 2226 2653 ,
2266 2603 2325 2640 ut
2358 2607 2513 2639 meam
2544 2604 2625 2638 att-

1609 2671 1909 2733 ctoritatem,
1951 2681 2003 2720 et
2046 2681 2147 2719 tum
2194 2671 2476 2732 eonsilium,
2524 2681 2622 2719 tum

1609 2767 1745 2808 exem
1748 2750 1885 2814 plum
1903 2761 2134 2813 sequutus
2155 2767 2182 2798 a
2202 2751 2335 2799 bello
2356 2749 2625 2811 desisteret,

1609 2827 1745 2892 quod
1784 2827 1866 2876 ille
1900 2837 2128 2876 statuerat
2168 2843 2343 2891 magno
2379 2826 2529 2875 animi
2554 2845 2627 2875 ar-

1611 2905 1729 2954 dore
1763 2920 2021 2954 extremam
2056 2904 2173 2955 belli
2201 2907 2352 2954 aleam
2386 2908 2625 2972 experiri,

1606 2997 1659 3035 et
1701 2987 1839 3050 quod
1879 2989 2007 3053 patri
2050 2985 2383 3034 Saocondario
2422 3003 2473 3035 se
2512 2987 2627 3036 satis

1606 3083 1709 3115 esse
1736 3067 1975 3115 facturum
1997 3082 2102 3114 non
2125 3075 2339 3130 putaret.

1683 3145 1764 3194 13.
1796 3145 1937 3194 Fene:
1958 3143 2050 3192 isca
2070 3143 2254 3193 domus.
2290 3141 2538 3193 Invidiose
2572 3145 2627 3192 in

1608 3225 1854 3273 Castorem
1902 3236 1953 3273 et
2002 3235 2187 3288 patrem
2225 3224 2625 3274 Saocondarimn.

1612 3302 1789 3351 Felices
1824 3293 1941 3350 sane
1978 3301 2119 3362 illos,
2150 3303 2237 3366 qui
2286 3315 2436 3366 quum
2478 3303 2625 3350 Pom-

1608 3381 1772 3445 peium
1802 3379 1856 3429 in
1880 3379 2015 3428 civili
2041 3379 2171 3428 bello
2196 3377 2499 3443 adjuverint,
2524 3393 2629 3428 non

1607 3459 1764 3506 solum
1798 3456 1985 3507 veniam
2012 3470 2062 3507 et
2091 3457 2429 3524 impunitatem
2456 3473 2485 3506 a
2520 3459 2625 3507 Cae·

1606 3551 1711 3586 sare
1736 3537 2085 3603 impetrarunt,
2112 3537 2197 3587 sed
2220 3539 2366 3587 etiam
2392 3553 2493 3586 eam
2516 3546 2628 3586 sunt

1534 3655 1548 3664 .
1606 3613 1769 3681 adepti
1790 3617 1991 3680 gratiam
2004 3651 2019 3676 ‚
2038 3629 2093 3666 ut
2112 3617 2233 3665 alios
2251 3617 2463 3666 audeant
2489 3631 2628 3664 acen·

1616 3698 1749 3744 aare!
1779 3697 2025 3745 Infelicem
2048 3698 2327 3759 Deiotarum
2344 3733 2359 3758 ‚
2386 3695 2471 3762 qui
2495 3707 2543 3742 et
2568 3693 2631 3744 ab

1615 3791 1675 3824 eo
1694 3786 1967 3836 accusatur,
1995 3779 2081 3841 qui
2106 3777 2157 3824 in
2186 3775 2353 3825 eadem
2376 3791 2519 3823 cauas
2536 3787 2633 3823 ste-

1611 3857 1669 3901 tst
1680 3887 1695 3912 ,
1714 3869 1805 3901 nec
1820 3855 1881 3902 ab
1898 3855 2065 3904 alienis
2078 3867 2347 3914 accusatur,
2358 3853 2493 3920 quod
2511 3865 2635 3902 esset

1606 3933 1809 3982 fortasse
1836 3933 2086 3984 ferendum
2101 3969 2115 3994 ,
2145 3931 2230 3982 sed
2272 3951 2299 3982 a
2342 3949 2433 3982 suo
2480 3922 2633 3999 ipsius

1610 4023 1786 4076 nepote
1812 4019 1859 4058 et
1885 4013 2016 4076 apud
2044 4029 2155 4061 eum
2186 4029 2328 4077 quem
2360 4011 2585 4061 offendit.

1688 4099 1765 4147 ιιι.
1812 4093 1984 4140 Vestra
2025 4091 2233 4140 secunda
2256 4091 2497 4157 fortuna.
2518 4089 2632 4142 ‘ribi
