2996 4694
448 377 589 448 310
1104 384 1203 449 M.
1260 384 1335 449 T.
1375 384 1924 453 CICERONIS

448 500 767 571 lbrtunae
798 500 1027 597 gradu
1064 526 1215 573 non
1257 503 1478 575 modo
1515 505 1891 589 amicitiam,
1919 518 1994 575 et
2029 502 2184 575 rei⁵
2217 503 2584 580 familiaris

446 614 693 708 copias
716 627 1171 707 consequuta
1196 628 1325 700 est,
1341 614 1469 685 sed
1504 639 1860 687 summam
1885 613 2170 685 laudem
2189 670 2211 703 ‚
2241 615 2582 705 honores,

448 720 751 817 glon'am
775 776 799 809 ‚
830 722 1252 819 dignitatem
1275 750 1297 809 ;
1326 750 1481 795 non
1507 725 1862 821 intelligo,
1887 750 2020 796 cur
2047 726 2292 822 potius
2317 728 2582 799 invidia

448 832 809 903 violatura
850 834 1195 905 virtutem
1236 839 1313 905 L.
1350 835 1701 921 Cornelii,
1729 858 1950 931 quam
2001 838 2302 932 aequitas
2351 832 2580 908 vestra

448 942 805 1039 pudorem
826 945 979 1040 ejus
1006 944 1343 1038 adjutura
1367 945 1718 1017 videatur.
1745 950 2034 1042 ltaque,
2051 946 2256 1041 quod
2273 949 2580 1018 maxime

446 1053 845 1151 petendum
874 1068 1023 1136 est,
1057 1079 1099 1124 a
1139 1053 1343 1125 vobis
1376 1054 1649 1127 idcirco
1691 1079 1840 1125 non
1875 1070 2092 1153 peto,
2122 1055 2436 1150 judiceS,
2485 1082 2579 1128 ne

448 1162 539 1235 de
576 1180 807 1235 vestra
836 1165 1181 1262 sapientia
1202 1218 1223 1251 ‚
1258 1178 1477 1261 atque
1505 1164 1598 1236 de
1615 1179 1850 1235 vestra
1885 1164 2335 1235 humanitate
2365 1164 2574 1235 dubi-

446 1289 603 1346 tare
635 1273 901 1347 videar.
954 1278 1080 1345 Est
1127 1290 1369 1346 antem
1412 1275 1810 1372 petendum
1831 1328 1852 1361 ,
1889 1300 1986 1345 ne
2037 1273 2336 1345 oderitis
2375 1275 2578 1371 inge-

448 1388 688 1473 nium,
724 1409 816 1456 ne
840 1386 1111 1455 inimici
1144 1386 1301 1456 sitis
1328 1384 1738 1474 industriae,
1767 1410 1860 1455 ne
1903 1385 2424 1457 humanitatem
2453 1409 2580 1484 op-

448 1494 945 1591 primendam,
983 1520 1079 1566 ne
1134 1498 1475 1566 virtutem
1537 1496 1978 1593 puniendam
2035 1496 2326 1593 putetis.
2387 1494 2576 1565 Illud

446 1618 619 1703 peto
639 1660 660 1695 ‚
696 1620 781 1676 ut
806 1660 827 1691 ‚
870 1608 929 1675 si
960 1630 1247 1677 causam
1277 1608 1507 1705 ipsam
1541 1630 1676 1704 per
1711 1630 1788 1677 se
1827 1604 2113 1676 firmam
2139 1629 2294 1676 esse
2333 1618 2408 1675 et
2442 1620 2578 1675 sta-

450 1714 671 1786 bilem
707 1714 1065 1805 videritis‚
1102 1714 1419 1787 hominis
1450 1718 1677 1814 ipsius
1703 1730 2129 1789 ornamenta
2159 1716 2576 1811 adjumento

448 1848 681 1896 causae
717 1827 996 1923 potius,
1042 1850 1261 1922 quam
1304 1827 1829 1925 impedimento
1859 1852 2014 1899 esse
2052 1826 2310 1899 malitis
2322 1824 2379 1897 ⁶.

544 1941 733 2007 VIII.
780 1939 1137 2021 Nascitur,
1161 1936 1445 2032 jndices
1466 1992 1486 2026 ,
1537 1962 1748 2010 causa
1775 1938 2094 2010 Cornelii
2129 1963 2222 2009 ex
2259 1962 2341 2008 ea
2377 1937 2572 2033 lege,

446 2070 668 2143 quam
690 2051 771 2117 L.
794 2046 1071 2118 Gellius
1091 2100 1112 2135 ,
1150 2052 1281 2117 Cn.
1302 2048 1682 2119 Cornelius
1711 2058 1734 2133 ξ
1786 2074 1876 2120 ex
1907 2063 2198 2121 senatus
2217 2050 2572 2120 sententia

450 2156 795 2229 tulerunt.
838 2160 1001 2248 Qua
1036 2157 1193 2257 lege
1246 2157 1574 2229 videmus
1623 2164 1792 2231 satis
1821 2184 1974 2231 esse
2017 2175 2346 2231 sanctum
2369 2169 2426 2247 ²,
2463 2158 2566 2227 uti

442 2270 635 2341 cives
658 2271 941 2340 romani
986 2270 1261 2358 sintii,
1310 2293 1498 2367 quos
1543 2273 1680 2341 Cn.
1720 2274 2110 2370 Pompeius
2157 2268 2250 2340 de
2295 2265 2573 2339 consilii

444 2381 799 2452 sententia
816 2377 845 2424 3
873 2380 1233 2477 sigillatim
1254 2382 1584 2452 civitate4
1603 2375 2001 2454 donaverit.
2016 2385 2386 2452 Donatum
2417 2402 2570 2450 esse

440 2495 521 2562 L.
568 2489 987 2563 Cornelium
1036 2515 1349 2588 proesens
1394 2495 1782 2591 Pompeius
1817 2490 2029 2579 dicit;
2077 2491 2400 2562 indicant
2435 2513 2566 2587 pu-

440 2599 647 2672 hlicae
679 2597 983 2688 tabulae3
1018 2616 1391 2672 accusator
1422 2599 1710 2673 fatetur.
1753 2601 1895 2674 Sed
1931 2616 2185 2698 negat,
2217 2627 2310 2672 ex
2345 2598 2568 2671 foedo-

438 2726 598 2783 r'ato
633 2710 911 2810 populo
941 2735 1382 2808 quemquam
1410 2715 1732 2811 potuisse
1751 2769 1772 2800 ‚
1807 2714 1940 2784 nisi
1969 2715 2028 2784 is
2061 2711 2378 2811 populus
2404 2709 2566 2780 fun-

438 2821 575 2895 dus
593 2819 825 2894 factus
844 2819 1177 2912 esset⁵‚in
1203 2823 1395 2896 hanc
1410 2825 1766 2896 civitatem
1785 2825 2046 2896 venire.
2066 2822 2564 2922 Opraeclarum

431 3017 535 3068 lio:
566 3037 593 3060 αι
610 3015 701 3066 Illa
734 3015 1035 3068 humanitate
1058 3017 1318 3084 preditus,
1354 3018 1453 3068 illis

429 3095 605 3146 studii}
622 3119 664 3144 »-

500 3177 556 3226 5.
578 3173 945 3239 Beifamt‘le‘an's
971 3174 1154 3241 copias.
1181 3178 1281 3224 Rea
1307 3176 1449 3226 fami·

427 3256 584 3316 liaris,
610 3255 713 3304 aive
740 3255 1029 3315 domestica,
1056 3267 1171 3304 aunt
1196 3255 1379 3305 divitie
1398 3267 1451 3306 et

426 3335 677 3384 facultates
702 3335 921 3398 private.

496 3413 547 3462 6.
571 3412 773 3463 nolitis.
796 3414 915 3461 Brit.
936 3429 1065 3460 unua
1080 3410 1247 3461 velit-‘s
1264 3430 1286 3460 .·
1312 3413 1449 3477 quod

425 3493 741 3553 rejiciendum
760 3494 963 3539 omnino
980 3500 1071 3539 eat.

491 3572 634 3620 vm.
662 3585 709 3619 x.
740 3573 797 3620 ἱ..
824 3569 1031 3624 Gellius.
1064 3569 1150 3616 Gn.
1178 3569 1440 3622 Cornelius.

424 3648 659 3698 (zonula
692 3649 889 3697 fuerunt
926 3663 1055 3695 anno
1080 3647 1143 3695 ab
1170 3647 1291 3696 urbe
1318 3665 1443 3697 con·

422 3731 525 3778 dita
542 3729 663 3787 682,
682 3728 809 3788 aive,
826 3739 884 3776 nt
904 3725 991 3774 alii
1011 3737 1296 3790 supputant,
1318 3729 1441 3778 683.

490 3827 542 3858 2.
596 3809 708 3872 Qua
760 3807 871 3872 Iege
913 3805 1139 3854 videmus
1179 3808 1297 3856 satis
1341 3825 1441 3858 esse

418 3901 658 3938 sanetum.
714 3887 1041 3951 Pantagathus
1060 3923 1076 3949 ‚
1128 3909 1153 3928 α
1190 3889 1440 3938 videamus

416 3970 631 4018 sanxisse
660 3980 881 4018 senatum
902 3989 941 4016 ι.
972 3995 1035 4004 --
1066 3969 1270 4018 Codices
1300 3973 1439 4018 Lam-

414 4049 645 4100 binianus
680 4059 730 4098 et
750 4048 893 4096 narb.
926 4063 1192 4112 omnesque
1218 4051 1436 4098 Britann.

416 4143 519 4181 tum
562 4145 729 4182 omnes
766 4139 878 4178 ame
920 4127 1086 4179 Lami».
1128 4129 1273 4193 editi,
1310 4145 1437 4196 quos

1539 3017 1700 3068 habeo
1713 3053 1728 3078 ‚
1748 3019 1996 3078 aet-ibunt,
2021 3041 2048 3062 α
2066 3031 2162 3084 qua
2185 3018 2290 3082 lege
2311 3017 2566 3066 videamus

1539 3097 1656 3148 aatia
1674 3115 1777 3146 ease
1793 3099 1951 3146 saneti
1965 3123 1992 3142 ιι
2011 3113 2025 3146 :
2051 3107 2238 3146 tantum
2260 3098 2374 3147 Car.
2395 3097 2562 3162 steph.

1538 3187 1697 3235 reete,
1745 3176 1988 3227 videmus.
2041 3175 2368 3240 Pantagathus
2382 3212 2398 3239 ,
2443 3176 2562 3224 dum

1537 3271 1750 3304 emt-em
1789 3256 1930 3304 illum
1959 3255 2216 3303 emendare
2245 3255 2431 3315 voluit,
2463 3254 2562 3303 alio

1535 3335 1688 3384 modo
1713 3335 1879 3384 locum
1905 3335 2144 3399 corrupit.

1610 3415 1662 3462 3.
1693 3417 1766 3462 De
1785 3413 1980 3462 consilii
2001 3413 2262 3462 semeaetia.
2287 3413 2557 3462 Consili—

1535 3493 1742 3542 militare
1761 3494 2013 3557 intelligit.

1608 3577 1658 3634 4.
1725 3572 1990 3637 sigillatim
2037 3571 2234 3622 civim
2281 3571 2554 3622 &nava-ie.

1534 3651 1662 3714 Quia
1686 3651 1778 3700 alia
1807 3663 1948 3700 autea
1973 3650 2154 3700 multoe
2179 3650 2378 3698 civitate
2399 3650 2558 3698 dona·

1530 3741 1721 3778 verant.

1603 3811 1652 3858 5.
1703 3809 1817 3858 Nisa·
1849 3809 1894 3858 is
1930 3811 2142 3874 populus
2158 3807 2354 3874 fiendae
2383 3806 2556 3870 saetae

1529 3899 1662 3938 essee.
1699 3909 1726 3931 ιι
1747 3889 1974 3938 Fundam
2007 3887 2250 3954 populum
2279 3887 2386 3936 fieri
2405 3909 2460 3947 n,
2497 3889 2574 3936 ut‘

1527 3969 1594 4016 ait
1633 3972 1827 4026 Festus,
1865 3979 1984 4017 «est
2027 3967 2272 4032 populum
2309 3969 2414 4027 ejus
2447 3965 2550 4026 rei,

1527 4063 1674 4110 quam
1707 4048 1914 4108 alienat,
1941 4045 2046 4094 fieri
2081 4057 2332 4094 aneton-em
2356 4060 2417 4094 n:
2449 4061 2553 4110 quo

1527 4143 1669 4176 sensu
1689 4127 1959 4192 accipiebat
1985 4125 2122 4176 Balbi
2149 4135 2432 4174 acenaator:
2459 4124 2552 4174 Vel
