2996 4694
552 370 693 442 338
1180 370 1275 437 M.
1332 372 1409 438 T.
1464 366 2045 443 CICERONIS

543 508 653 565 tes
673 545 693 581 ,
722 506 797 562 et
828 494 1071 562 Graeca
1113 490 1356 561 omnia
1388 492 1778 563 nominata.
1821 490 1964 563 Sed
1989 516 2222 591 quum
2253 493 2483 583 illam,
2511 517 2674 596 quae

543 607 873 675 Graecum
900 597 1079 671 illud
1114 623 1395 674 sacrum
1430 615 1866 675 monstraret
1899 618 1972 674 et
2007 602 2272 677 faceret
2293 660 2314 695 ,
2354 631 2444 677 ex
2481 611 2673 679 Grae-

536 717 645 787 cia
680 709 1116 807 deligerent,
1168 725 1411 781 tamen
1448 736 1646 783 sacra
1683 736 1821 811 pro
1862 712 2138 787 civibus
2171 720 2400 789 civem
2435 717 2670 791 facere

538 822 927 895 voluerunt
952 874 971 905 ,
1010 834 1093 891 ut
1132 818 1305 892 deos
1348 822 1792 895 immortales
1839 825 2140 896 scientia
2177 829 2556 924 peregrina
2597 842 2672 899 et

538 948 831 1006 externa
854 986 873 1017 ,
920 946 1163 1003 mente
1212 930 1608 1003 domestica
1663 948 1736 1003 et
1787 932 1978 1005 civili
2029 950 2470 1033 precaretur.
2527 942 2668 1011 Has

536 1041 945 1115 sacerdotes
981 1038 1195 1111 video
1244 1038 1395 1111 fere
1434 1056 1560 1112 aut
1613 1042 2125 1141 Neapolitanas
2143 1100 2163 1133 ‚
2215 1062 2344 1119 aut
2385 1049 2668 1121 Velien-

534 1164 691 1227 ses9
730 1152 947 1224 fuisse
966 1206 987 1241 ,
1022 1151 1544 1223 'foederatarum
1581 1153 1738 1224 sine
1767 1153 1996 1227 dubio
2027 1160 2426 1230 civitatum.
2457 1160 2666 1231 Mitto

531 1279 810 1349 vetera3
848 1266 1177 1360 proxima
1212 1260 1381 1333 dico
1419 1288 1436 1329 :
1476 1276 1644 1333 ante
1675 1265 2032 1337 civitatem
2061 1265 2518 1341 Veliensibus
2543 1266 2666 1339 da·-

532 1390 677 1449 tam
701 1428 721 1464 ,
761 1372 855 1445 de
878 1388 1169 1445 senatus
1194 1373 1552 1445 sententia
1585 1374 1662 1444 C.
1684 1374 2048 1450 Valerium
2087 1376 2414 1449 Flaccum
2434 1430 2456 1465 ,
2487 1400 2665 1475 prae-

530 1472 769 1558 'torem
790 1482 1179 1569 urbanum,
1193 1483 1623 1555 nominatim
1643 1484 1734 1555 ad
1760 1484 2116 1583 populum
2135 1484 2228 1559 de
2247 1486 2667 1584 Calliphana

534 1596 899 1681 Veliense,
938 1611 1020 1667 ut
1049 1619 1131 1678 ea
1154 1594 1325 1664 civis
1350 1617 1650 1665 romana
1683 1608 1869 1667 esset
1887 1648 1907 1681 ,
1942 1596 2206 1667 tulisse.
2233 1600 2422 1669 Num
2449 1598 2667 1695 igitur

530 1720 655 1777 aut
681 1703 951 1777 fundos
978 1702 1207 1775 factos
1234 1702 1607 1775 Velienses
1623 1756 1645 1790 ,
1675 1718 1801 1775 aut
1829 1703 2276 1779 sacerdotem
2303 1706 2498 1777 illam
2515 1759 2537 1793 ,
2561 1708 2664 1779 ci-

528 1840 691 1886 vem
720 1838 1093 1887 romanam
1121 1812 1383 1885 factam
1408 1838 1560 1884 non
1590 1837 1776 1895 esse,
1803 1829 1930 1885 aut
1950 1813 2190 1887 foedus
2211 1831 2286 1886 et
2313 1840 2358 1888 a
2387 1832 2664 1905 senatu,

528 1941 603 1999 et
628 1950 671 1997 a
704 1926 982 2024 populo
1008 1948 1315 1997 romano
1348 1922 1696 1995 violatum
1733 1922 2298 1997 arbitrabimur?

622 2040 843 2109 XXV.
884 2034 1217 2131 Intelligo
1238 2088 1257 2119 ‚
1307 2032 1622 2130 judices,
1662 2035 1738 2104 in
1777 2059 1990 2109 causa
2023 2051 2306 2135 aperta,
2337 2039 2666 2130 minime-

528 2172 674 2246 que
718 2144 977 2236 dubia,
1011 2144 1245 2216 multo
1286 2158 1363 2216 et
1398 2145 1645 2242 plura,
1677 2159 1750 2216 et
1781 2168 1822 2215 a
1857 2146 2194 2243 pluribus
2220 2148 2663 2246 peritissimis

525 2282 681 2331 esse
701 2256 927 2345 dicta,
963 2278 1187 2354 quam
1206 2277 1323 2325 res
1349 2254 1768 2352 postularet.
1793 2253 1934 2327 Sed
1957 2256 2027 2327 id
2054 2254 2326 2329 factum
2347 2270 2488 2343 est,
2514 2282 2661 2327 non

526 2387 609 2444 ut
649 2369 863 2444 vobis
906 2393 1063 2441 rem
1108 2383 1255 2438 tam
1290 2363 1750 2463 perspicuam
1779 2363 2110 2470 ¹dicendo
2151 2365 2658 2467 probaremus,

526 2507 781 2553 verum
809 2495 894 2551 ut
928 2479 1259 2549 omnium
1298 2475 1804 2549 malivolorum
1831 2530 1852 2566 ‚
1895 2478 2317 2575 iniquorum
2338 2532 2358 2565 ‚
2391 2477 2662 2549 invido-

524 2617 689 2664 rum
732 2592 1009 2661 animos
1046 2586 1581 2685 frangeremus;
1625 2611 1814 2684 quos
1861 2603 1945 2658 ut
1992 2605 2364 2662 accusator
2403 2590 2660 2659 incen-

524 2699 765 2784 deret,
802 2713 884 2769 ut
935 2695 1159 2794 aliqui
1191 2705 1211 2738 ‘
1267 2719 1642 2767 sermones
1683 2695 2064 2770 hominum
2090 2753 2112 2788 ,
2157 2699 2404 2771 alienis
2451 2695 2660 2769 bonis

525 2810 990 2882 moerentium
1011 2859 1032 2894 ‚
1075 2810 1291 2878 etiam
1324 2805 1413 2878 ad
1456 2821 1728 2878 vestras
1769 2833 1978 2882 aures
2017 2823 2552 2909 permanarent,
2587 2823 2662 2881 et

524 2925 598 2993 in
622 2919 897 3020 judicio
927 2919 1090 3016 ipso
1116 2915 1652 3006 redundarent,
1679 2915 1952 2990 idcirco
1971 2920 2090 2990 illa
2123 2922 2198 2991 in
2229 2920 2423 2992 omni
2457 2931 2660 3018 parte

524 3031 871 3106 orationis
913 3052 1196 3100 summa
1238 3042 1389 3100 arte
1430 3025 1765 3125 adspergi
1808 3027 2203 3102 videbatis:
2244 3045 2398 3100 tum
2438 3052 2659 3126 pecu-

525 3145 718 3216 niam
747 3146 824 3213 L.
854 3138 1171 3212 Cornelii
1190 3193 1209 3226 ,
1236 3163 1396 3237 quae
1419 3161 1662 3235 neque
1693 3138 2086 3211 invidiosa²
2117 3155 2226 3211 est
2245 3195 2263 3225 ,
2291 3153 2364 3211 et
2385 3192 2404 3224 ,
2434 3161 2662 3234 quan·

526 3269 919 3350 tacumque
974 3265 1123 3337 est,
1161 3245 1521 3346 ejusmodi
1567 3261 1713 3334 est,
1754 3262 1838 3319 ut
1883 3243 2348 3320 conservata³
2396 3246 2659 3344 magis,

597 3485 646 3532 9.
680 3467 937 3518 Velienses.
964 3465 1107 3514 'Velia
1132 3463 1251 3512 urbs
1274 3477 1429 3527 grec·
1450 3471 1554 3510 erat
1640 3455 1874 3506 invidiam
1895 3458 2156 3508 conciliare
2171 3457 2244 3506 illi
2263 3455 2463 3514 debeat,
2485 3451 2662 3504 deindo

524 3549 843 3599 Phocaeorum
867 3545 1093 3603 colonia,
1120 3543 1209 3607 qni
1238 3541 1413 3590 eo?-
1431 3551 1554 3589 tem-
1639 3553 1742 3587 ene
1785 3539 1850 3586 ab
1896 3539 2040 3587 initio
2075 3536 2336 3602 locupleti·
2377 3533 2662 3599 patrimonii

524 3643 647 3694 pore
663 3625 929 3676 Mamiliam
951 3621 1295 3672 condiderant.
1639 3617 1908 3680 profectam
1926 3651 1942 3676 ,
1990 3617 2288 3680 honesteque
2335 3625 2558 3672 auctarum
2607 3621 2665 3662 ut

596 3709 765 3761 XXV,
819 3723 861 3755 1.
908 3706 1099 3752 Ernest-
1138 3700 1270 3761 conj.
1316 3697 1550 3763 maligni,
1637 3695 1924 3759 profusione
1953 3705 2232 3761 sumptuum
2263 3709 2368 3742 non
2399 3692 2632 3756 ‹³5⁸de
2649 3723 2666 3748 ,

525 3787 766 3852 probante
782 3783 1005 3833 Weskio.
1032 3781 1083 3828 J.
1103 3779 1167 3824 V·
1194 3779 1249 3824 L·
1639 3775 2028 3840 negligentiaque
2075 3791 2175 3822 non
2219 3773 2436 3837 dilnpoa,
2469 3771 2542 3820 nie
2581 3785 2668 3819 no-

598 3881 650 3915 a.
694 3867 817 3928 ραι
842 3875 999 3925 neque
1023 3854 1263 3905 inv-'diosa
1302 3865 1389 3903 est.
1434 3855 1551 3905 Non
1639 3869 1736 3918 qne
1760 3853 1901 3902 malis
1934 3853 2120 3902 artibus
2154 3862 2436 3900 coacervata
2453 3884 2471 3908 ,
2499 3848 2664 3898 vidn—
2753 3881 2766 3894 .

524 3956 661 3994 tama
678 3981 693 4006 ,
718 3955 775 3992 ut
792 3939 1025 3990 invidiam
1044 3947 1213 4000 parere
1232 3931 1427 3982 debeat.
1637 3943 1736 3980 tur.
1759 3931 1855 3982 Sed
1870 3931 2005 3980 hune
2021 3946 2216 3980 nen-nm
2229 3945 2334 3978 esse
2349 3927 2666 4004 commodum

597 4023 649 4070 3.
690 4022 983 4069 Gomemea
1010 4013 1189 4077 magis.
1225 4011 1365 4061 Balbi
1394 4028 1552 4077 pecu-
1637 4021 1790 4074 negut-
1819 4011 2067 4058 menius
2085 4045 2100 4069 ,
2143 4019 2194 4057 et
2233 4024 2330 4073 pro
2378 4017 2668 4057 comem

528 4099 659 4146 inam
684 4098 807 4146 dicit
836 4110 940 4143 non
975 4093 1041 4140 ita
1068 4106 1173 4139 esse
1204 4089 1465 4153 grandem,
1492 4103 1552 4140 nt
1638 4089 2158 4152 conjiciteompamea.
2181 4086 2370 4135 Vellem
2381 4087 2666 4151 cogitant,
