2996 4694
775 396 1162 468 onA‘rlo
1213 395 1422 464 PRO
1470 397 1546 464 P.
1599 396 1997 465 sEx‘rlo.
2362 393 2449 492 37

321 521 472 615 tet)
493 573 514 608 ‚
549 532 760 617 pacto
793 519 945 614 jam
980 515 1256 589 foedere
1274 525 1338 562 ¹⁰
1388 517 1961 614 provinciarum,
2004 516 2335 616 producti
2374 521 2451 588 in

319 633 516 703 circo
566 629 917 700 Flaminio
955 629 1034 698 in
1078 628 1507 699 concionem
1558 626 1651 699 ab
1699 626 1824 697 illa
1881 624 2068 698 furia
2119 650 2202 697 ac
2250 641 2453 726 peste

327 743 576 839 patriae
597 792 617 826 ,
653 741 969 810 maximo
997 761 1161 809 cum
1195 737 1467 834 gemitu
1503 750 1746 808 vestro
1768 791 1789 824 ‚
1827 735 1945 806 illa
1976 737 2256 822 omnia,
2295 761 2456 833 quae

323 865 482 922 tum
537 864 785 921 contra
837 874 993 938 me,
1045 861 1442 943 contraque
1496 845 2023 945 rempublicam
2048 857 2104 891 ¹¹
2148 845 2458 936 dixerat,

323 983 504 1032 voce
546 984 628 1031 ac
661 959 1018 1032 sententia
1051 981 1180 1029 sua
1220 955 1900 1055 comprobaverunt.

421 1074 578 1142 XV.
615 1068 882 1142 Iisdem
919 1053 1346 1140 consulibus
1377 1066 1797 1140 sedentibus
1824 1082 2041 1166 atque
2069 1071 2465 1166 inspectan-

327 1179 520 1254 tibus
543 1233 564 1268 ‚
598 1181 740 1252 lata
781 1179 899 1250 lex
926 1193 1034 1251 est
1053 1189 1106 1266 ¹,
1137 1202 1232 1249 ne
1259 1179 1578 1277 auspicia
1604 1179 1923 1251 valerent
1943 1232 1963 1266 ,
2001 1201 2095 1248 ne
2131 1179 2292 1275 quis
2324 1175 2460 1248 ob-

329 1292 699 1364 nuntiaret
715 1301 774 1377 2,
835 1313 930 1361 ne
978 1289 1143 1386 quis
1195 1289 1340 1386 legi
1392 1283 1949 1372 intercederet33
1994 1300 2079 1358 ut
2122 1283 2467 1358 omnibus

327 1399 574 1474 fastis⁴
637 1399 896 1473 diebus
947 1401 1176 1497 legem
1233 1395 1405 1470 ferri
1462 1399 1743 1485 liceret;
1801 1412 1887 1469 ut
1940 1397 2057 1470 lex
2102 1397 2310 1483 AElia,
2351 1395 2469 1468 lex

327 1509 584 1584 Fufia⁵
624 1537 716 1582 ne
763 1510 1034 1583 valeret
1064 1534 1081 1578 z
1111 1533 1257 1606 qua
1301 1533 1449 1580 una
1481 1509 1899 1606 rogatione,
1940 1509 2106 1605 quis
2152 1521 2297 1594 est,
2341 1510 2467 1604 qui

329 1647 482 1695 non
519 1619 907 1717 intelligat,
943 1621 1356 1692 universam
1381 1616 1907 1718 rempublicam
1939 1642 2091 1691 esse
2120 1615 2471 1689 deletam?

333 1731 602 1806 Iisdem
633 1729 1052 1803 consulibus
1085 1729 1661 1827 inspectantibus
1681 1783 1702 1817 ‚
1736 1753 2105 1800 servorum
2148 1725 2473 1798 delectus

331 1839 738 1914 habebatur
797 1849 935 1938 p'ro
993 1837 1337 1911 tribunali
1391 1837 1723 1927 Aurelio,
1779 1838 2077 1908 nomine
2131 1835 2469 1931 collegio-

330 1976 498 2023 rum
513 1949 572 2040 ⁶,
623 1975 852 2048 quum
900 1951 1188 2021 vicatim
1239 1948 1577 2022 homines
1633 1945 2288 2035 conscriberentur,
2340 1944 2471 2016 de·-

409 2158 488 2192 xo.
507 2139 1354 2208 Paetojamfoedereprovineiarum.

332 2223 406 2271 Ut
426 2220 706 2286 provincias
727 2221 1000 2285 acciperent
1021 2239 1048 2270 a
1069 2221 1246 2271 Clodio
1269 2222 1356 2270 tri-

1518 2145 1568 2192 3.
1589 2143 1708 2209 Legi
1722 2139 2051 2192 intercederet.
2068 2140 2147 2191 Ne
2166 2139 2255 2190 ulli
2270 2139 2476 2190 tribum

1443 2224 1517 2273 fas
1534 2233 1657 2274 esset
1677 2223 1771 2286 legi
1792 2222 2043 2271 obsistere.

333 2301 470 2351 buno
491 2297 564 2365 pl.
592 2314 712 2365 quas
735 2298 916 2347 vellent
932 2335 947 2361 ,
973 2316 1028 2349 ea
1046 2300 1178 2365 lege,
1200 2301 1241 2349 si
1263 2299 1356 2366 ipsi

333 2381 470 2447 prius
495 2380 538 2429 ei
561 2379 900 2444 permitterent
915 2414 930 2439 ,
955 2389 1166 2443 πεμψας
1191 2379 1358 2439 vellet,

332 2460 388 2508 in
409 2458 757 2524 rempublicam
775 2456 1028 2522 perficeret
1041 2493 1056 2519 ,
1075 2458 1173 2507 hoc
1197 2468 1287 2519 eet,
1303 2469 1359 2507 ut

331 2538 463 2604 leges
483 2538 768 2603 reipublice
791 2537 1222 2603 perniciosissimas
1246 2554 1358 2604 per·

333 2620 459 2668 ferre
479 2628 665 2684 posset.

413 2713 435 2747 1
450 2714 493 2747 1.
519 2699 640 2761 Quae
655 2708 758 2745 eum
773 2708 944 2745 eonem
962 2713 1064 2755 me,
1089 2708 1360 2761 coner-aque

334 2777 678 2842 nmpublicant
721 2776 934 2827 diter-at.
978 2777 1147 2840 Quum
1195 2775 1360 2825 edixe-

337 2866 452 2905 runt
461 2888 476 2913 ,
493 2866 550 2903 ut
561 2864 752 2903 senatus
762 2889 777 2914 ‚
791 2856 878 2918 qui
888 2866 1092 2920 propter
1104 2870 1362 2903 moerorem

337 2934 566 2984 vestitum
583 2943 850 2983 mutaverat
865 2966 881 2995 ,
907 2933 971 2982 ad
996 2935 1261 2998 pristinum
1279 2950 1362 2982 ve·

337 3014 508 3063 stitum
528 3011 723 3061 redIret.

410 3097 530 3143 XV.
557 3106 602 3143 t.
628 3095 756 3140 Lata
774 3092 856 3140 lex
877 3102 963 3140 ese.
991 3094 1220 3155 Quatuor
1235 3090 1365 3156 leges

341 3175 462 3237 reip.
497 3171 795 3238 perniciosas
827 3170 940 3219 tulit
978 3172 1034 3219 Ρ.
1073 3170 1278 3219 Clodius
1309 3169 1364 3217 in

341 3252 594 3301 trihunatu
629 3249 700 3315 pl.
739 3251 801 3299 de
830 3267 1022 3299 annona
1039 3285 1054 3311 ‚
1088 3260 1146 3299 ut
1175 3248 1365 3315 populo

341 3330 661 3389 frumentum,
689 3330 828 3394 quod
851 3341 992 3380 antea
1013 3329 1292 3378 semissibus
1316 3338 1368 3377 et

345 3411 602 3459 trientibus
654 3410 859 3459 dabatur
873 3448 890 3474 ,
933 3410 1080 3475 gratis
1133 3410 1328 3457 daretur
1348 3422 1364 3458 ε

344 3488 568 3550 alteram,
607 3500 668 3540 ut
720 3490 924 3555 collegia
965 3490 1365 3537 restituerentur:

346 3568 534 3616 tertiam
549 3604 565 3629 ,
592 3578 650 3617 ut
671 3568 862 3617 infirma
879 3583 1136 3617 censorum
1153 3576 1366 3632 potestas

346 3657 471 3696 esset
485 3662 498 3696 z
515 3658 732 3710 quartam
745 3647 872 3695 hanc
883 3681 898 3706 ,
916 3646 978 3694 de
991 3662 1086 3711 qua
1101 3645 1184 3693 hic
1197 3645 1370 3694 Cicero

346 3727 600 3791 loquitur:
623 3726 736 3775 vide
759 3728 911 3788 infra,
936 3727 986 3775 in
1009 3726 1261 3785 Pisonem,
1283 3725 1372 3772 Pe·

350 3805 548 3854 dianum
563 3840 578 3865 ‚
597 3805 808 3855 Dionem
823 3842 840 3868 ,
857 3805 946 3853 lib.
969 3804 1266 3853 xxxvm.

423 3900 472 3933 a.
511 3884 590 3933 Ne
623 3884 730 3949 quis
755 3884 1080 3933 obnuntiaret.
1115 3882 1194 3931 Ne
1223 3882 1378 3947 magi-

353 3974 530 4012 stratus
581 3965 908 4014 renuntiando
925 4002 942 4025 ,
998 3961 1120 4027 quid
1172 3978 1378 4027 augures

355 4054 600 4093 servantes
635 4045 696 4093 de
729 4044 850 4094 caelo
875 4044 1192 4094 advertissent
1205 4078 1222 4104 ,
1256 4058 1378 4091 eon·

361 4122 553 4173 cionem
571 4124 906 4175 dissolverent.

1520 2311 1546 2359 4
1560 2339 1575 2355 .
1604 2300 2007 2368 ΟηιηίῠιιεῙαειὺ.
2033 2300 2201 2364 Quum
2216 2297 2388 2349 diebus
2408 2299 2471 2349 fx·-

1444 2384 1535 2431 stis
1558 2382 1784 2431 omnibus
1810 2380 2007 2445 quidem
2033 2380 2139 2445 lege
2165 2394 2305 2443 agere
2324 2414 2339 2438 ,
2364 2394 2469 2428 non

1445 2462 1673 2511 omnibus
1719 2472 1879 2510 tamen
1936 2476 2047 2507 cum
2090 2458 2283 2523 popuh
2331 2471 2473 2521 agere

1445 2542 1613 2591 liceret
1628 2575 1643 2601 ‚
1666 2540 1867 2589 Clodius
1890 2539 2039 2587 fastos
2056 2552 2227 2585 omnes
2254 2537 2475 2587 comitia-

1445 2622 1518 2671 les
1538 2637 1641 2670 esse
1655 2620 1828 2681 iussit,
1846 2620 1943 2667 hoc
1971 2628 2068 2677 est,
2091 2626 2149 2664 ut
2164 2653 2179 2679 ,
2208 2615 2344 2681 quod
2366 2616 2477 2680 qui-

1445 2700 1653 2749 busdam
1699 2700 1831 2749 hstis
1882 2696 2061 2747 licebat
2077 2730 2095 2757 ,
2142 2694 2195 2743 id
2243 2695 2473 2744 omnibus

1447 2780 1634 2829 liceret.

1527 2860 1573 2909 5.
1602 2860 1709 2906 Lex
1733 2856 1898 2919 AElt'a,
1919 2854 2002 2903 Iex
2022 2852 2166 2923 Fufia
2186 2868 2249 2901 ne
2264 2852 2474 2901 valer-ee.

1449 2939 1587 2987 Dicit
1612 2947 1771 2985 autem
1786 2970 1802 2995 ,
1823 2934 1957 2999 quod
1979 2934 2203 3000 proxime
2223 2947 2238 2982 ε
2259 2948 2371 2980 nam
2390 2932 2474 2980 lex

1449 3017 1573 3066 Elia
1598 3028 1649 3065 et
1674 3012 1807 3064 Fufia
1840 3014 1903 3062 de
1926 3012 2155 3079 auspiciis
2192 3022 2239 3060 et
2272 3011 2474 3060 obnun-

1450 3096 1651 3145 tiatione
1678 3104 1808 3152 erat3
1836 3093 1922 3141 sed
1938 3092 2107 3157 legem
2136 3093 2358 3140 nominat
2376 3127 2392 3152 ,
2419 3100 2476 3139 ut

1451 3174 1684 3224 invidiam
1702 3174 1755 3219 in
1772 3170 2003 3222 Clodium
2022 3180 2209 3233 augeat.

1525 3254 1581 3301 6.
1618 3250 1831 3301 Nomine
1862 3249 2189 3315 collegiorum.
2229 3249 2444 3313 Collegia
2460 3284 2477 3309 ,

1453 3334 1551 3383 hoe
1586 3344 1681 3393 est,
1706 3330 1983 3379 infimorum
2002 3328 2255 3378 hominum
2272 3364 2288 3389 ,
2324 3340 2479 3377 certas

1455 3424 1583 3463 artes
1612 3412 1791 3477 pariter
1818 3410 2143 3459 exercentium
2171 3418 2443 3457 conventus
2464 3443 2480 3468 ,

1452 3494 1551 3555 jam
1574 3490 1689 3541 inde
1717 3507 1745 3540 a
1771 3490 1932 3538 Numa
1956 3504 2069 3553 rege
2094 3504 2196 3537 esse
2226 3488 2446 3536 instituta
2462 3522 2479 3545 ‚

1453 3574 1507 3621 in
1531 3572 1675 3620 Plinii
1700 3570 1920 3621 Naturali
1939 3569 2183 3627 Historia,
2210 3568 2332 3617 etin
2366 3568 2479 3616 Plu·

1453 3650 1626 3701 tarcho
1662 3652 1894 3716 scriptum
1935 3660 2050 3699 est:
2087 3660 2287 3714 postea,
2324 3664 2476 3713 quum

1456 3732 1633 3781 horum
1651 3728 1969 3794 collegiorum
1990 3744 2218 3777 numerus
2245 3738 2369 3777 esset
2394 3742 2482 3774 au-

1461 3820 1594 3869 ctus,
1614 3810 1800 3867 omnia,
1819 3818 1994 3873 praeter
2005 3822 2158 3873 pauca
2176 3819 2321 3872 atque
2333 3816 2484 3866 certa,

1462 3898 1519 3937 ut
1539 3888 1783 3936 fabrorum
1798 3923 1813 3945 ‚
1837 3886 2161 3951 fictorumque
2181 3902 2289 3951 quae
2310 3884 2486 3932 civita-

1467 3969 1532 4017 tis
1557 3968 1739 4016 utilitas
1767 3964 2089 4024 desiderabat,
2116 3963 2339 4029 pluribus
2364 3964 2484 4028 legi-

1465 4046 1563 4095 bus
1579 4045 1764 4095 sublata
1778 4056 1917 4105 sunt,
1932 4060 2089 4109 neque
2102 4044 2259 4091 solum
2276 4042 2481 4107 legibus,

1472 4125 1559 4173 sed
1582 4124 1727 4173 etiam
1751 4121 2205 4183 senatusconsultis,
2233 4131 2290 4169 ut
2310 4123 2365 4171 L.
2383 4124 2491 4171 Οε-
