2996 4694
450 368 869 388 “mmm
881 369 889 376 '
898 368 2564 395 “mmmmmmmummmmm

952 630 2045 734 ARGUMENTUM.

453 948 605 1001 Ann.
646 946 721 1003 U.
756 947 821 1003 C.
850 946 985 1021 697,
1019 947 1123 1003 Cn.
1156 944 1427 1003 Cornelio
1458 944 1707 1003 Lentulo
1733 944 2104 1016 Marcellino,
2150 957 2208 1002 et
2241 950 2308 1003 L.
2340 946 2562 1003 Marcio

530 1040 799 1119 Philippo
838 1060 983 1101 coss.
1030 1054 1326 1099 accusatus
1360 1054 1447 1100 est
1472 1046 1540 1100 L.
1585 1042 1886 1102 Cornelius
1924 1041 2166 1111 Balbus,
2214 1039 2474 1101 Gadibus
2502 1042 2562 1099 in

532 1137 591 1193 in
616 1138 893 1215 Hispania
908 1150 1077 1196 natus
1091 1179 1108 1207 ,
1128 1137 1229 1196 sed
1248 1150 1381 1215 post
1398 1137 1616 1197 bellum
1645 1140 2038 1197 Sertorianum
2055 1180 2073 1208 ,
2108 1149 2314 1214 rogatu
2334 1140 2398 1194 1..
2417 1141 2568 1195 Cor-

529 1231 667 1289 nelii
691 1232 955 1305 Lentuli,
989 1232 1163 1309 cujus'
1188 1252 1397 1293 nomen
1438 1234 1782 1313 assumpsit,
1811 1254 1844 1291 a
1874 1233 2184 1310 Pompeio,
2217 1232 2342 1309 lege
2381 1232 2564 1291 Gellia
2677 1300 2700 1321 ·

530 1329 795 1387 Cornelia
818 1328 1047 1387 civitate
1068 1348 1303 1387 romana
1326 1329 1590 1389 donatus..
1627 1334 1710 1389 Ea
1730 1330 1880 1387 enim
1906 1329 2027 1407 lege
2049 1348 2084 1387 a
2101 1348 2246 1387 coss.
2283 1334 2350 1387 L.
2379 1329 2566 1387 Gellio

528 1438 587 1483 et
621 1427 725 1487 Cn.
754 1426 1023 1485 Cornelio
1054 1446 1186 1485 ann.
1214 1430 1288 1487 U.
1315 1427 1422 1484 681
1460 1427 1576 1485 lata
1613 1440 1870 1485 sanctum
1907 1440 2022 1496 est,
2072 1439 2136 1483 ut
2159 1426 2310 1483 cives
2341 1427 2565 1483 romani

528 1533 715 1579 essent
742 1503 962 1600 optimo
985 1522 1149 1599 jure,
1192 1541 1338 1599 quos
1377 1525 1479 1581 Cn.
1520 1522 1824 1601 Pompeius
1861 1522 2180 1599 imperator
2223 1520 2296 1579 de
2343 1520 2566 1579 consilii

526 1616 719 1677 bellici
744 1620 1031 1677 sententia
1060 1618 1347 1699 sigillatim
1374 1620 1608 1678 civitate
1642 1619 1892 1678 donarit.
1927 1621 2176 1676 Exortus
2205 1632 2294 1675 est
2321 1617 2564 1677 Gadita-

526 1738 637 1775 nus
676 1718 883 1795 aliquis
907 1760 925 1788 ,
970 1718 1073 1795 qui
1108 1718 1367 1796 Pompeii
1404 1730 1465 1777 et
1497 1719 1744 1793 Caesaris,
1761 1717 1918 1797 apud
1947 1736 2094 1794 quos
2127 1716 2410 1795 gratiosus
2441 1728 2567 1774 erat

524 1798 734 1872 Balbus
758 1858 775 1888 ,
804 1814 1049 1873 inimicis
1078 1813 1506 1891 instigantibus,
1543 1813 1722 1874 Balbo
1748 1814 2201 1873 controversiam
2233 1813 2306 1871 de
2333 1812 2563 1871 civitate

524 1921 797 1969 moveret.
840 1910 1187 1969 Defensores
1218 1922 1419 1968 nactus
1454 1923 1544 1969 est
1573 1909 1786 1969 Balbus
1816 1915 1898 1967 Μ.
1931 1909 2215 1969 Licinium
2259 1913 2524 1967 Crassum
2547 1952 2562 1979 ,

525 2010 629 2064 Cn.
677 2008 1013 2085 Pompeium
1081 2012 1387 2085 Magnum,
1438 2020 1498 2065 et
1554 2008 1890 2066 Ciceronem
1922 2048 1940 2076 ,
1995 2026 2030 2064 a
2073 2025 2191 2083 quo
2245 2026 2414 2065 causa
2474 2019 2562 2064 est

526 2114 809 2178 perorata.

604 2202 671 2255 In
700 2198 941 2257 exordio
968 2200 1171 2259 Cicero
1195 2198 1453 2277 Pompeii
1476 2199 1796 2258 orationem
1826 2200 2096 2257 hesterno
2123 2199 2218 2257 die
2243 2217 2355 2277 pro
2381 2197 2560 2257 Balbo

524 2294 779 2355 habitam
812 2296 1049 2355 summis
1083 2294 1351 2355 laudibus
1392 2296 1590 2370 effert,
1630 2309 1690 2356 et
1727 2295 1982 2356 modeste
2025 2296 2238 2354 fatetur
2267 2293 2556 2354 difficilem

522 2391 633 2450 sibi
676 2412 797 2451 esse
836 2392 1145 2471 perorandi
1174 2395 1395 2466 locum,
1434 2393 1595 2470 quod
1623 2395 1679 2451 ei
1715 2393 1964 2452 orationi
1988 2391 2288 2462 succedat,
2331 2390 2495 2468 cujus
2525 2413 2558 2448 e

520 2490 917 2548 recordatione
944 2491 1234 2550 auditores
1262 2492 1395 2570 plus
1426 2491 1742 2569 voluptatis
1760 2534 1778 2562 ,
1813 2509 1988 2567 quam
2013 2508 2130 2548 non
2159 2490 2334 2548 modo
2361 2511 2394 2550 e
2421 2509 2520 2548 sua
2539 2531 2558 2560 ,

519 2587 619 2645 sed
642 2607 677 2645 e
698 2587 1037 2665 cujusquam
1063 2589 1327 2647 oratione
1356 2607 1564 2665 capere
1589 2588 1828 2665 possint.
1852 2591 2078 2645 Morem
2101 2599 2289 2646 tamen
2314 2607 2349 2644 a
2377 2607 2440 2645 se
2466 2607 2560 2666 ge-

520 2682 762 2742 rendum
788 2703 910 2742 esse
931 2703 1050 2741 non
1075 2682 1250 2742 modo
1274 2683 1528 2742 Cornelii
1553 2681 1743 2756 Balbi,
1771 2682 1874 2742 sed
1896 2683 2075 2761 ipsius
2097 2683 2268 2742 etiam
2295 2684 2556 2762 Pompeii

518 2780 829 2854 voluntati,
858 2799 985 2858 cap.
1022 2801 1073 2838 t.

594 2875 821 2936 Deinde
863 2878 1091 2936 initium
1134 2879 1271 2936 facit
1312 2878 1388 2938 ab
1428 2899 1536 2952 eo,
1573 2878 1732 2957 quod
1769 2880 1894 2958 ipse
1933 2891 2232 2938 accusator
2274 2879 2551 2948 fateatur,

519 2972 759 3031 Balbum
790 2973 867 3032 ob
900 2974 1171 3033 virtutem
1192 2974 1457 3034 bellicam
1483 2995 1521 3033 a
1545 2977 1822 3054 Pompeio
1849 2977 2080 3034 civitate
2106 2975 2384 3034 donatum
2404 2995 2551 3034 esse.

518 3069 693 3140 Quod
722 3081 910 3128 autem
938 3071 1251 3148 Pompeius
1282 3070 1515 3140 fecerit,
1563 3071 1626 3129 id
1662 3072 1716 3128 ei
1751 3071 1973 3129 licuisse
2003 3069 2077 3128 ab
2114 3069 2384 3128 omnibus
2415 3089 2558 3127 con-

520 3165 663 3222 cedi.
695 3169 829 3224 Non
858 3167 1033 3244 igitur
1059 3166 1133 3226 ab
1162 3179 1495 3226 accusatore
1521 3165 1736 3224 crimen
1764 3166 1999 3242 aliquod
2029 3165 2216 3237 Balbi,
2255 3166 2355 3224 sed
2391 3170 2554 3224 Pom-

518 3261 635 3338 peii
673 3262 882 3322 factum
910 3265 971 3322 in
999 3264 1279 3342 judicium
1316 3264 1554 3335 vocari3
1589 3263 1747 3340 quod
1773 3275 1963 3322 autem
1991 3265 2328 3342 Pompeium
2357 3263 2555 3322 fecisse

519 3371 767 3442 constet,
796 3360 857 3418 id
884 3380 1003 3420 non
1027 3362 1213 3420 solum
1240 3361 1518 3429 decuisse,
1543 3360 1644 3418 sed
1671 3363 1842 3420 etiam
1871 3359 2136 3420 debuisse
2163 3361 2303 3420 fieri.
2329 3362 2552 3420 Etenim

522 3467 701 3512 tantas
725 3455 845 3532 ejus
872 3477 995 3515 esse
1022 3459 1261 3516 virtutes
1284 3499 1301 3528 ,
1332 3469 1545 3514 tantam
1574 3456 1846 3534 gloriam,
1881 3469 2095 3514 tantam
2122 3457 2516 3516 auctoritatem
2533 3501 2552 3530 ,

518 3565 581 3608 ut
611 3550 797 3626 qualis
836 3551 895 3610 in
932 3553 1056 3630 ipsa
1086 3555 1361 3632 religione
1404 3567 1462 3612 et
1505 3555 1694 3632 legum
1737 3567 1796 3611 et
1834 3552 2115 3612 foederum
2157 3554 2552 3612 conservanda

518 3648 711 3716 suerit,
733 3647 985 3706 dubitari
998 3650 1159 3708 nullo
1186 3650 1361 3710 modo
1380 3650 1578 3728 possit.
1605 3655 1798 3724 Quum
1825 3651 1977 3708 enim
1993 3663 2290 3708 accusator
2316 3649 2552 3708 dixisset

516 3742 802 3801 civitatem
843 3741 1024 3803 Balbo
1069 3745 1289 3805 homini
1334 3747 1620 3807 Gaditano
1661 3759 1863 3805 contra
1901 3745 2118 3804 foedera
2159 3745 2350 3804 datam
2389 3763 2512 3802 esse
2532 3787 2551 3816 ,

514 3839 721 3915 quaerit
752 3853 945 3898 utrum
981 3858 1113 3898 eum
1152 3843 1487 3901 inscientem
1528 3844 1666 3902 velit
1711 3855 1914 3901 contra
1955 3841 2172 3902 foedera
2211 3843 2439 3923 fecisse,
2479 3859 2552 3898 an

514 3937 803 3994 scientem.
854 3936 1139 3995 scientem
1168 3937 1384 3995 foedera
1410 3939 1728 4016 neglexisse
1751 3979 1766 4006 ,
1797 3941 1899 4014 qui
1935 3937 2128 3996 dicere
2167 3935 2405 4005 audeat,
2445 3955 2550 3993 ne-

514 4033 727 4094 minem
752 4053 875 4094 esse
902 4033 1178 4093 futurum.
1206 4039 1399 4112 Atque
1414 4034 1606 4114 ipsum
1630 4047 2014 4094 accusatorem
2039 4033 2358 4112 significare
2378 4035 2547 4090 Pom·
