2996 4694
783 390 1172 461 ORATIO
1221 389 1422 458 PRO
1471 389 1551 458 P.
1603 389 2011 461 sEx‘rio.
2368 398 2463 492 49

335 539 472 587 nee
491 551 500 560 ·
518 515 672 585 sine
734 537 820 585 ea
871 510 1274 611 quidquam
1325 510 1815 609 expetendum
1862 539 2013 588 esse
2067 515 2347 589 homini
2387 523 2464 591 iu

337 629 482 697 vita
518 637 924 722 putassem;
960 637 1272 694 mortem
1295 675 1315 710 ,
1358 647 1581 719 quam
1630 627 1845 695 etiam
1888 628 2199 723 virgines
2242 629 2466 702 Athe-

339 739 493 823 nis,
546 736 736 832 regis
761 789 782 824 ,
839 734 1124 832 opinor,
1182 732 1567 805 Erechthei
1618 731 1815 823 filias,
1862 759 1995 834 pro
2034 738 2259 833 patria
2299 763 2469 811 con-

341 846 712 942 tempsisse
760 844 1127 932 dicuntur,
1175 865 1310 939 ego
1355 843 1465 912 vir
1511 844 1909 917 consularis
1930 901 1950 934 ,
1996 849 2214 918 tantis
2252 848 2491 921 rebus‘

342 955 599 1051 gestis,
637 953 1022 1026 timerem?
1068 955 1460 1050 praesertim
1496 977 1725 1050 quum
1772 957 1923 1052 ejus
1963 981 2191 1028 essem
2227 961 2472 1030 civita-

345 1065 436 1137 tis
457 1117 478 1151 ,
519 1089 609 1135 ex
663 1087 810 1161 qua
856 1065 944 1154 Q.
998 1057 1282 1135 Mucius
1337 1062 1535 1135 solus
1584 1065 1663 1135 in
1713 1081 1938 1138 castra
1988 1073 2317 1166 Porsenae
2362 1094 2476 1140 ve·

345 1174 598 1262 nisset,
641 1195 956 1271 eumque
991 1171 1428 1263 interficere,
1467 1177 1832 1273 proposita
1865 1175 2000 1248 sibi
2038 1194 2271 1251 morte
2292 1234 2312 1268 ,
2357 1203 2479 1250 co-

349 1296 560 1355 natus
597 1282 832 1354 esset?
877 1307 966 1352 ex
1010 1305 1155 1380 qua
1199 1287 1272 1354 P.
1316 1285 1583 1354 Decius
1634 1287 1947 1383 primum
1999 1302 2205 1386 pater
2220 1285 2279 1378 ⁸,
2312 1303 2480 1389 post

345 1393 626 1490 aliquot
661 1416 890 1464 annos
929 1397 1156 1490 patria
1206 1393 1469 1464 virtute
1516 1393 1861 1491 praeditus
1908 1393 2097 1468 filius
2120 1407 2179 1486 9,
2227 1423 2301 1471 se
2327 1454 2346 1485 ,
2396 1423 2481 1470 ac·

349 1505 564 1575 vitam
603 1526 843 1592 suam,
882 1505 1232 1574 instructa
1269 1505 1458 1591 acie,
1490 1526 1629 1603 pro
1656 1504 1897 1577 salute
1916 1508 2169 1605 populi
2202 1510 2485 1580 romani

351 1615 798 1710 victoriaque
866 1610 1316 1684 devovisset?
1369 1637 1456 1684 ex
1512 1638 1655 1710 qua
1707 1615 2269 1687 innumerabiles
2318 1617 2480 1703 alii,

352 1725 611 1823 partim
669 1721 1146 1822 adipiscendae
1201 1721 1432 1810 laudis
1451 1777 1470 1811 ‚
1515 1725 1773 1821 partim
1826 1722 2129 1794 vitandae
2170 1730 2487 1824 turpitu-

353 1834 542 1906 dinis
577 1857 786 1906 causa
807 1888 827 1922 ,
869 1847 1174 1904 mortem
1215 1833 1294 1902 in
1337 1833 1549 1903 variis
1588 1831 1837 1921 bellis,
1880 1834 2307 1930 aequissimis·
2334 1836 2486 1905 ani-

357 1946 532 2032 mis,
581 1944 1085 2043 oppetissent?
1131 1944 1208 2013 in
1251 1966 1398 2039 qua
1450 1943 1734 2016 civitate
1778 1945 1931 2042 ipse
1966 1945 2491 2026 meminissem,

357 2069 638 2152 patrem
695 2054 916 2149 hujus
976 2057 1076 2124 M.
1131 2053 1364 2125 Crassi
1392 2063 1480 2139 ¹⁰,
1540 2053 2009 2162 fortissimum
2072 2055 2307 2126 virum
2330 2109 2349 2144 ‚
2398 2080 2515 2127 ne-

359 2162 641 2235 videret
667 2173 726 2208 ¹¹
802 2166 1153 2234 victorem
1215 2163 1599 2233 inimicum
1626 2173 1715 2253 ¹⁹,
1772 2163 2017 2236 eadem
2078 2164 2213 2237 sibi
2272 2189 2491 2238 manu

361 2274 581 2344 vitam
621 2272 1031 2346 exhausisse
1051 2326 1072 2362 ,
1127 2295 1272 2370 qua
1317 2287 1627 2345 mortem
1674 2297 1860 2373 saepe
1894 2273 2231 2345 hostibus
2274 2274 2493 2347 obtu-

364 2384 607 2456 lisset?

459 2498 680 2565 XXII.
733 2497 914 2564 Haec.
951 2516 1086 2590 ego
1135 2507 1209 2564 et
1257 2493 1484 2563 multa
1528 2493 1663 2565 alia
1704 2480 2025 2591 cogitans
2044 2547 2065 2581 ,
2108 2492 2249 2564 hoc
2292 2493 2493 2567 vide-

369 2603 538 2675 bam
561 2658 581 2692 ,
629 2606 689 2675 si
725 2626 1006 2675 causam
1045 2602 1410 2702 publicam
1455 2628 1615 2675 mea
1652 2626 1847 2675 mors
1890 2607 2342 2702 peremisset,
2374 2632 2499 2677 ne·

367 2716 636 2786 minem
683 2738 1034 2812 umquam
1091 2711 1289 2800 fore,
1337 2715 1466 2811 qui
1501 2713 1799 2785 auderet
1842 2715 2203 2811 suscipere
2246 2728 2498 2786 contra

369 2948 750 3001 Atheniensibus
771 2948 1030 3009 inferente,
1051 2966 1154 2998 sese
1170 2948 1234 2999 sd
1257 2964 1390 2997 mor·

371 3041 467 3080 tem
495 3028 742 3077 obtulisse.
771 3030 953 3078 Confer
977 3028 1292 3093 Euripideum
1319 3027 1394 3075 lo-

372 3127 484 3159 enm
506 3118 619 3175 epte
637 3108 976 3158 illustrandum
1001 3110 1151 3170 Ionis,
1169 3124 1217 3158 v,
1237 3110 1360 3171 ²7⁸·

445 3190 492 3237 8.
531 3192 695 3237 Pater.
735 3185 834 3251 Qui
869 3205 920 3236 se
957 3190 1132 3236 Latino
1173 3186 1304 3236 bello
1339 3188 1394 3235 in

373 3278 578 3316 annates
589 3268 709 3329 iecit
733 3266 950 3343 hostiumr
965 3276 1198 3315 estet-ves.
1228 3268 1394 3317 Livius

374 3344 502 3392 libro
525 3348 620 3395 IX.

447 3438 497 3485 9.
527 3422 689 3472 mim.
715 3424 813 3489 Qui
834 3422 886 3471 in
909 3426 1117 3472 Etrusco
1135 3421 1268 3471 bello
1295 3438 1397 3471 sese

377 3500 595 3551 devovit.
619 3503 819 3551 Exstitit
833 3512 994 3552 antem
1010 3505 1181 3552 tertius
1194 3540 1211 3567 ‚
1233 3504 1320 3566 qni
1334 3502 1397 3553 ab

377 3579 600 3631 hostibus
616 3583 1004 3641 circumventus,
1031 3598 1180 3647 quum
1209 3582 1400 3631 sortiter

377 3668 643 3725 pugnaret,
671 3660 871 3709 interiit.
885 3662 1050 3723 Quum
1076 3677 1194 3710 vero
1221 3678 1272 3711 se
1295 3666 1400 3711 n’on

378 3738 650 3787 devovisset
665 3774 679 3798 ,
705 3739 830 3787 nihil
855 3750 924 3787 est
951 3756 1040 3789 cnr
1063 3740 1264 3790 miretur
1293 3740 1402 3789 Ma·

377 3819 544 3868 nutius
568 3818 622 3865 h.
645 3818 683 3868 1.
712 3833 740 3868 s
765 3820 1000 3872 Cicerone
1029 3823 1402 3886 pretermissum

381 3914 492 3947 euin
517 3895 604 3961 qui
623 3896 686 3946 sd
710 3914 902 3947 canum
923 3898 1046 3948 nihil
1067 3900 1263 3949 faceret.

459 3992 541 4025 io.
571 3981 768 4026 Patrem
787 3976 929 4043 hujus
957 3980 1025 4027 ΙΙ.
1057 3980 1230 4031 Crassi.
1256 3982 1402 4043 Ejus,

383 4057 468 4123 qui
488 4057 636 4123 periit
652 4058 706 4105 in
725 4056 930 4107 Parthis.

461 4152 544 4185 ιι.
573 4136 652 4185 Ne
679 4136 896 4196 videret,
935 4148 1028 4189 ete.
1062 4138 1146 4189 ΔΙ.
1193 4155 1296 4188 «ne
1337 4136 1408 4185 vi-

530 4226 618 4294 V.
679 4242 768 4287 Cle.
805 4257 916 4304 pan
945 4242 1161 4289 wanda.

1481 2946 1620 2998 deret
1640 2948 1877 2999 victorem
1904 2948 2045 2997 vivus
2071 2950 2206 2997 inim.
2226 2972 2251 2991 n·
2279 2952 2329 2999 J.
2348 2954 2411 2999 V.
2441 2953 2495 2999 1..

1559 3046 1640 3078 η.
1686 3028 1953 3079 Inimicum.
1994 3031 2051 3077 L.
2089 3030 2310 3078 Cinnam.
2365 3051 2391 3072 α
2412 3029 2498 3077 m·

1480 3108 1787 3167 andivimus,
1834 3110 1993 3172 inquit
2045 3108 2096 3155 in
2150 3108 2370 3155 oratione
2408 3112 2502 3172 pro

1481 3190 1682 3247 Scauro,
1698 3188 1797 3235 hoe
1813 3201 1933 3235 vero
1952 3184 2272 3245 meminimus,
2290 3202 2346 3234 ae
2366 3202 2504 3250 piene

1481 3268 1691 3317 vidimus
1706 3302 1721 3327 ,
1756 3264 1973 3328 ejusdem
2005 3264 2170 3331 stirpis
2204 3281 2261 3313 ae
2291 3266 2507 3313 nominis

1483 3350 1541 3396 P.
1578 3348 1800 3397 Crassum
1815 3382 1832 3405 ‚
1876 3360 1940 3393 ne
1974 3346 2025 3392 in
2062 3360 2231 3393 manus
2270 3344 2508 3394 incideret

1484 3424 1821 3483 inimieorum,
1858 3438 1910 3471 se
1947 3423 2109 3488 ipsum
2146 3424 2441 3471 interemisse
2460 3448 2507 3470 n.

1485 3504 1546 3553 Et
1562 3503 1801 3553 Pedianus
1818 3503 1925 3552 haee
1943 3502 2192 3567 adjungit:
2212 3522 2235 3545 c
2260 3504 2351 3551 me
2370 3505 2512 3553 Cras-

1486 3600 1568 3631 sus
1590 3583 1682 3631 fnit
1700 3594 1836 3647 pater
1857 3580 2012 3631 Crassi
2038 3582 2144 3643 ejus
2160 3616 2175 3641 ‚
2197 3580 2282 3646 qni
2310 3582 2513 3630 emulus

1488 3662 1719 3727 potentie
1752 3663 1843 3712 Cn.
1876 3660 2097 3725 Poinpeii
2136 3658 2229 3708 fuit
2254 3682 2280 3701 ι·
2310 3674 2324 3708 e
2368 3662 2515 3724 periit

1487 3750 1649 3789 entem
1684 3738 1735 3787 in
1768 3738 2098 3788 dominatione
2134 3740 2187 3787 L.
2233 3738 2416 3787 Cinna.
2454 3740 2513 3785 In

1489 3820 1731 3886 prooemio
1756 3829 1915 3867 autem
1940 3816 1975 3866 1.
1996 3818 2071 3865 111
2089 3817 2151 3867 de
2166 3818 2299 3865 Oret.
2334 3818 2515 3876 «Non,

1489 3900 1653 3965 inquit
1694 3897 1757 3945 de
1807 3899 1863 3945 L.
1918 3896 2093 3945 Crasso
2115 3930 2131 3955 ,
2182 3896 2517 3960 propinquum

1493 3994 1665 4039 sunm,
1711 3976 1909 4024 maximi
1944 3972 2092 4022 animi
2128 3975 2313 4033 virum,
2349 3985 2519 4038 suapte

1494 4057 1804 4109 interfectum
1840 4070 1986 4103 manu
2014 4052 2137 4101 vidit
2155 4075 2197 4101 a.
2228 4052 2365 4103 Idem
2392 4064 2442 4103 et
2470 4054 2521 4103 in

1495 4138 1707 4202 epitome
1731 4134 1961 4193 Liviana,
1980 4130 2069 4179 lib.
2096 4132 2308 4182 Lxxx.

2240 4222 2287 4303 4
