2996 4694
546 367 639 454 48
844 323 847 326 ⁴
1030 415 1038 420 -
1182 371 1280 438 M.
1332 372 1412 438 T.
1468 345 2040 439 CICERONIS

546 517 663 564 res
696 505 931 562 tantas
954 502 1007 580 ¹,
1036 493 1113 562 in
1144 507 1341 564 tanta
1368 490 1872 590 improborum
1905 490 2370 563 multitudine
2389 519 2413 580 ¹,
2453 517 2686 590 quum

546 601 879 698 gerebam
904 656 925 690 ,
986 627 1135 674 non
1175 603 1353 674 mihi
1410 626 1608 673 mors
1628 656 1648 691 ‚
1707 625 1860 672 non
1907 602 2239 673 exsilium
2281 601 2381 673 ob
2433 602 2687 674 oculos

548 710 1068 784 versabantur?
1094 738 1242 786 non
1280 712 1431 784 haec
1456 724 1484 756 ²
1525 711 1842 809 denique
1871 737 1914 782 a
1943 737 2062 784 me
2087 726 2282 800 tum,
2314 725 2684 808 tamquam

550 821 731 912 fata,
772 825 850 894 in
889 823 1045 922 ipsa
1076 849 1155 895 re
1199 823 1514 923 gerenda
1555 819 2096 895 canebantur3?
2139 827 2254 892 An
2307 837 2459 893 erat
2499 821 2680 892 mihi

550 932 629 1004 in
694 947 897 1004 tanto
960 933 1163 1004 luctu
1224 957 1552 1005 meorum
1573 988 1594 1021 ,
1658 948 1856 1004 tanta
1915 931 2402 1028 disjunctione
2425 985 2446 1020 ‚
2487 945 2686 1002 tanta

549 1043 941 1116 acerbitate
971 1097 991 1133 ‚
1052 1058 1250 1116 tanta
1308 1045 1734 1143 spoliatione
1795 1045 2126 1114 omnium
2176 1065 2416 1114 rerum
2433 1096 2454 1130 ‚
2505 1066 2684 1139 quas

550 1153 730 1224 mihi
792 1167 923 1238 aut
974 1167 1229 1225 natura
1249 1208 1269 1241 ,
1334 1168 1461 1224 aut
1522 1150 1814 1226 fortuna
1835 1156 1866 1204 ¹*
1911 1151 2206 1224 dederat
2229 1205 2248 1240 ,
2311 1155 2458 1223 vita
2511 1153 2682 1223 reti-

550 1261 839 1334 nenda?
887 1267 1059 1334 Tam
1114 1287 1309 1334 eram
1359 1261 1610 1334 rudis?
1665 1278 1810 1334 tam
1861 1263 2150 1358 ignarus
2196 1263 2492 1332 rerum?
2525 1276 2682 1332 -tam

550 1395 809 1468 expers
874 1372 1189 1462 consilii,
1250 1388 1376 1445 aut
1438 1375 1756 1471 ingenii?
1809 1373 1992 1444 nihil
2043 1370 2454 1445 audieram?
2503 1372 2682 1443 nihil

548 1479 918 1552 videram?
958 1482 1144 1553 nihil
1186 1485 1341 1582 ipse
1390 1483 1697 1581 legendo
1739 1483 2278 1581 quaerendoque
2320 1507 2682 1582 cognove-

547 1590 747 1662 ram?
788 1591 1195 1663 nesciebam
1240 1596 1401 1665 vitae
1458 1593 1758 1667 brevem
1830 1619 1984 1666 esse
2053 1617 2343 1665 cursum
2367 1647 2386 1680 ‚
2447 1593 2683 1690 gloriae

548 1701 1165 1798 sempiternum5?
1206 1729 1433 1801 quum
1463 1719 1650 1778 esset
1681 1704 2022 1778 omnibus
2055 1701 2398 1776 definita⁶
2442 1727 2640 1775 mors
2659 1757 2678 1790 ,

550 1810 952 1910 optandum
1000 1837 1155 1885 esse
1180 1869 1200 1902 ,
1254 1829 1337 1884 ut
1379 1817 1526 1886 vita
1547 1869 1566 1902 ‚
1611 1840 1774 1912 quae
1817 1813 2218 1885 necessitati
2274 1810 2686 1900 deberetur,

548 1923 796 2021 patriae
836 1925 1079 2021 potius
1128 1923 1427 2009 donata,
1462 1949 1684 2022 quam
1718 1939 2077 1995 reservata
2111 1935 2384 1992 naturae.
2419 1923 2691 1993 videre·

550 2031 715 2104 tur?
764 2032 1215 2122 nesciebam,
1262 2037 1452 2124 inter
1510 2035 2072 2132 sapientissimos
2123 2032 2457 2104 homines
2503 2030 2688 2104 hanc

549 2147 1095 2217 contentionem
1141 2143 1359 2216 fuisse
1380 2198 1401 2233 ,
1454 2159 1540 2216 ut
1592 2144 1712 2215 alii
1767 2143 2090 2214 dicerent
2133 2143 2412 2214 animos
2450 2141 2686 2214 homi-

548 2279 727 2326 num
800 2277 1211 2354 sensusque.
1266 2270 1502 2328 morte
1573 2255 1965 2353 restingui,
2027 2251 2150 2322 alii
2217 2265 2460 2324 autem
2531 2268 2686 2324 tum

548 2369 857 2439 maxime
924 2381 1207 2440 mentes
1279 2366 1712 2465 sapientium
1791 2389 1875 2435 ac
1944 2362 2242 2435 fortium
2315 2366 2640 2433 virorum
2665 2417 2685 2450 ,

546 2502 777 2576 quum
811 2503 852 2549 e
898 2500 1203 2573 corpore
1238 2477 1744 2563 excessissent,
1778 2474 2048 2546 sentire
2083 2497 2165 2547 ac
2197 2474 2474 2570 vigere?
2511 2498 2684 2570 quo·

544 2611 711 2657 rum
746 2587 1090 2673 alterum,
1124 2584 1548 2681 fugiendum
1584 2610 1734 2655 non
1769 2609 1924 2657 esse
1947 2638 1966 2669 ‚
2003 2607 2244 2655 carere
2291 2607 2552 2669 sensu3
2589 2582 2683 2654 al-

546 2710 781 2766 terum
834 2698 1047 2766 etiam
1097 2695 1546 2793 optandum,
1603 2696 1900 2766 meliore
1952 2718 2108 2767 esse
2159 2717 2398 2765 sensu.
2459 2696 2678 2765 Deni-

545 2828 691 2901 que
711 2815 767 2890 ⁷,
810 2828 1038 2901 quum
1080 2807 1321 2875 omnia
1357 2828 1642 2902 semper
1666 2804 1756 2875 ad
1789 2804 2208 2903 dignitatem
2239 2804 2678 2889 retulissem,

612 3071 758 3117 111.
788 3085 832 3116 1.
860 3070 979 3118 Illas
1000 3086 1079 3119 res
1100 3080 1282 3120 cantas.
1310 3073 1368 3121 In
1392 3088 1562 3121 conm·
1650 3076 1716 3121 tia
1735 3088 1880 3137 qnam
1903 3084 2036 3121 totus
2053 3072 2134 3121 hic
2157 3071 2294 3119 locus
2309 3106 2322 3129 ,
2349 3081 2400 3119 et
2419 3068 2670 3134 magnific·

540 3148 643 3198 hta
668 3159 840 3214 gestan.
1648 3152 1730 3200 illa
1749 3153 1920 3200 mortis
1938 3152 2258 3215 contemptio.

613 3244 662 3277 ο.
685 3229 823 3277 Hac.
860 3228 983 3290 Qnoe
1003 3245 1111 3277 snm
1129 3245 1400 3294 perpes-ns.
1720 3232 1770 3281 6.
1801 3231 2034 3281 Omnibus
2057 3228 2264 3295 definita
2293 3244 2440 3277 mors.
2469 3230 2670 3277 Senten-

610 3308 661 3355 3.
698 3306 1030 3357 Canebantur.
1055 3310 1137 3358 Al.
1166 3309 1558 3361 concinebantur.
1647 3312 1764 3359 tiam
1781 3310 1910 3359 hanc
1927 3326 2028 3358 non
2052 3310 2243 3359 semela
2265 3309 2434 3373 grecis
2459 3308 2668 3357 anctori-

535 3388 569 3435 J
572 3418 583 3433 .
604 3386 671 3435 V.
697 3387 753 3435 1..
1645 3390 1738 3439 bus
1765 3392 2010 3439 recitatam
2037 3391 2102 3438 ita
2130 3389 2347 3437 imitatur
2367 3386 2586 3447 Tullius,
2611 3397 2668 3435 nt

608 3471 661 3519 4.
684 3466 791 3512 Aue
811 3474 993 3513 natura
1012 3500 1028 3526 ,
1056 3466 1391 3532 caesor-tuna.
1417 3468 1558 3517 Libe-
1643 3468 1793 3534 longo
1835 3467 2092 3518 intervallo
2142 3470 2328 3531 priores
2367 3476 2564 3529 superet
2613 3466 2666 3513 in
2759 3534 2770 3541 .

536 3556 619 3590 ros
632 3554 826 3600 natura,
840 3559 941 3591 rem
960 3545 1153 3594 fortuna
1168 3546 1279 3596 dat:
1294 3559 1556 3612 utrumque
1643 3547 1914 3613 Philippica
1943 3548 2126 3595 decima
2143 3582 2158 3607 ,
2182 3546 2269 3594 ubi
2293 3556 2461 3595 noster
2484 3545 2666 3593 obitam

534 3620 789 3686 significat.
1643 3643 1736 3692 pro
1755 3630 1930 3675 virtute
1945 3637 2152 3675 mortem
2166 3626 2299 3690 turpi
2317 3624 2668 3674 immortalitati

604 3701 655 3751 5.
688 3699 872 3749 Glore'ae
897 3703 1254 3768 sempiternum.
1286 3705 1556 3753 Sententia
1641 3704 1990 3773 praeferendam
2009 3722 2112 3753 ease
2127 3704 2400 3753 contendit.

532 3779 641 3828 inu
676 3782 923 3829 communi
951 3798 1172 3831 sermone
1202 3784 1377 3846 saepius
1410 3798 1554 3831 naur-
1715 3804 1762 3847 7.
1787 3764 2023 3849 Dem'que.
2045 3783 2314 3835 Concludit
2332 3784 2664 3833 demonstran-

530 3872 668 3925 patao
688 3862 756 3909 in
782 3877 913 3909 nnnc
934 3862 1097 3911 vivide
1114 3862 1343 3927 exprimit
1367 3873 1552 3921 orator,
1641 3866 1708 3915 do
1720 3882 1864 3930 qum
1875 3882 2045 3930 parum
2059 3881 2162 3913 esne
2175 3876 2380 3913 mortem
2395 3875 2664 3922 contemni,

532 3949 589 3987 nt
613 3940 815 3989 omnino
837 3955 979 3989 novae
1003 3951 1264 4007 appareant
1286 3957 1299 3989 ε
1344 3951 1416 3999 et,
1453 3940 1549 3990 nisi
1638 3960 1790 4011 quum
1813 3960 1918 3993 eam
1936 3960 2021 3993 sna
2039 3955 2216 4010 sponte
2236 3942 2412 4009 pnelloe
2432 3958 2666 4007 prmum·

528 4032 607 4065 me
654 4019 775 4068 finit
821 4020 1009 4069 animm
1028 4054 1045 4080 ,
1088 4022 1235 4085 pauci
1280 4032 1550 4071 occurrunt
1637 4026 1838 4089 pseu-int.
1855 4025 2093 4073 Narratur
2103 4024 2232 4072 enim
2251 4020 2510 4071 Erechthei
2537 4020 2662 4083 regis

492 4155 503 4167 ·
528 4094 623 4144 loci
642 4129 657 4155 ,
681 4098 768 4161 qui
790 4108 887 4147 um
910 4097 1099 4147 ardenti
1116 4098 1301 4147 caleant
1318 4100 1547 4165 eloquen-
1635 4101 1758 4153 filias
1771 4140 1786 4163 ,
1817 4104 2058 4169 Eumolpo
2085 4103 2306 4151 Thracia
2329 4116 2444 4167 rege
2476 4096 2660 4147 bellum
