2996 4694
453 439 594 514 652
672 444 773 513 IN
809 443 1075 512 oRAT.
1104 444 1305 512 PRO.
1338 445 1650 514 DEJOT.
1680 445 1876 514 scu.
1909 409 2128 514 AMB.
2153 443 2464 514 comm:

552 563 803 657 Qualis
834 589 963 637 rex
993 565 1399 663 Attalus(1)
1424 569 1500 638 in
1533 569 1609 638 P.
1639 565 2056 640 Africanum
2093 565 2250 639 fuit.

530 703 661 759 Rex
682 699 901 759 Attalus
923 699 1147 779 populo
1177 720 1423 759 romano
1446 701 1763 761 arctissima
1789 701 1899 761 fuit
1925 703 2200 762 societate
2221 701 2612 780 conjunctuS,

456 815 643 874 usque
671 795 818 856 adeo
836 839 853 868 ,
872 809 941 856 ut
960 816 1095 858 eum
1120 817 1358 878 quoque
1385 798 1547 878 regni
1577 799 1668 866 sui
1690 798 1968 858 heredem
1991 800 2211 860 feeerit.
2231 799 2398 859 Idem
2422 799 2612 879 igitur

454 896 815 974 oppugnanti
852 895 1226 954 Numantiam
1263 895 1526 974 Scipioni
1565 915 1684 955 non
1717 908 1940 955 tantum
1977 917 2010 956 a
2043 897 2258 975 quibus
2294 897 2609 956 fulciretur

454 988 596 1049 belli
631 991 939 1050 necessitas
974 991 1037 1052 in
1066 991 1404 1069 Hispaniam
1444 991 1630 1066 misit,
1663 1011 1871 1050 ver-mn
1905 992 2074 1052 etiam
2103 991 2260 1052 dona
2303 993 2606 1070 pretiosa}

454 1105 587 1165 qum
614 1087 860 1166 sumpsit
890 1089 1184 1166 gratulans
1209 1088 1530 1147 Africanus.
1561 1088 1736 1167 Regis
1757 1089 2023 1166 Deiotari
2051 1103 2272 1146 tautam
2301 1090 2363 1148 in
2393 1093 2603 1150 Caesa-

454 1201 579 1242 rem
603 1182 1039 1256 liberalitatem,
1060 1198 1341 1263 quamam
1372 1187 1433 1244 in
1464 1175 1802 1244 Africanum
1827 1185 2040 1260 Attali,
2069 1186 2244 1246 fuisse
2269 1187 2603 1245 confirmat.

550 1321 673 1389 IX.
714 1341 775 1388 1.
811 1320 1216 1416 Sequutum
1244 1314 1524 1389 bellum
1561 1331 1671 1389 est
1707 1315 2156 1389 Africanum.
2200 1321 2474 1390 Graves
2505 1316 2606 1388 de

458 1441 531 1500 te
572 1451 927 1500 rumores.

534 1573 759 1633 Rumor
792 1569 949 1628 enim
981 1579 1223 1647 repente
1252 1580 1415 1628 ortus
1453 1566 1791 1626 falsissimus
1819 1566 1959 1640 fuit,
2001 1570 2284 1628 Cffiarem
2313 1566 2374 1625 in
2408 1567 2606 1625 Αἰτίαι

461 1666 837 1744 circumjectu
874 1669 1215 1724 Maurorum
1268 1685 1401 1724 cum
1436 1665 1710 1724 omnibus
1755 1665 1942 1743 copiis
1983 1663 2281 1723 occidisse.
2328 1670 2461 1739 Qua
2493 1683 2605 1742 spe

456 1760 531 1821 ad
555 1759 911 1822 suscitandas
940 1761 1201 1842 Pompeii
1228 1774 1425 1842 partes
1453 1774 1684 1821 erectus
1711 1761 1975 1821 Caecilius
1999 1767 2084 1836 (α)
2109 1759 2441 1820 videbatur.

554 1919 623 1966 2.
682 1894 1123 1968 Admiranda
1165 1891 1553 1992 frugalitas.

534 2021 818 2083 Sordidus
859 2022 1013 2084 enim
1026 2067 1043 2096 ‚
1078 2020 1268 2081 laudis
1308 2041 1553 2101 egenus3
1587 2022 1649 2081 in
1701 2041 1838 2100 rege
1885 2021 2276 2100 frugalitatem
2319 2039 2442 2081 esse
2487 2021 2606 2080 mi-

456 2117 721 2179 randam.
826 2159 839 2172 .

550 2255 641 2321 X.
694 2253 963 2322 Suasor
987 2247 1283 2321 fuissem
1314 2271 1684 2319 armorum
1717 2271 1872 2319 non
1908 2247 2449 2347 ponendorum,
2473 2247 2606 2320 sed

458 2358 1054 2457 abjiciendorum.

534 2496 780 2579 Integris
798 2539 815 2567 ,
856 2496 1077 2579 inquit,
1117 2495 1294 2554 rebus
1333 2514 1538 2575 pacem
1576 2494 1855 2574 Pompeio
1889 2492 2077 2564 suasi,
2109 2506 2168 2551 et
2191 2513 2349 2553 arma
2383 2492 2604 2553 debere

456 2595 693 2675 deponi.
729 2601 868 2655 Post
892 2594 1240 2654 Farsalicum
1261 2594 1349 2673 (3)
1382 2606 1575 2653 autem
1605 2594 1872 2674 praelium
1905 2614 2068 2652 arma
2089 2595 2414 2667 abjicienda
2434 2637 2452 2668 ,
2483 2613 2604 2651 non

456 2692 824 2772 deponenda,
840 2692 1119 2771 Pompeio
1146 2690 1526 2751 concederem
1543 2694 1644 2765 (4).
1673 2691 1832 2751 Dicit
1853 2710 2026 2771 ergo:
2057 2691 2314 2750 omnium
2337 2704 2604 2750 nostrum

460 2788 721 2854 infractis
748 2802 807 2849 et
828 2787 1199 2849 comminutis
1220 2787 1461 2859 animis,
1481 2788 1641 2847 solus
1659 2790 1868 2847 Castor
1887 2787 2271 2849 constantiam
2293 2786 2604 2847 retinebat.

530 2957 606 3027 (1)
631 2958 839 3008 Ursinus
863 2958 919 3005 iu
942 2956 1039 3005 hoc
1066 2957 1181 3006 loco
1206 2958 1459 3007 Ciceronis
1482 2955 1646 3005 mallet
1665 2960 1734 3024 τῷ
1760 2946 1958 3005 Annius
1973 2954 2267 3005 substituere
2283 2952 2558 3004 Antiochus
2575 2988 2594 3011 ,

460 3058 489 3091 a
508 3058 608 3107 qno
626 3058 825 3092 munera
840 3042 981 3091 missa
1004 3043 1067 3091 ad
1090 3040 1369 3106 Scipionem
1388 3050 1553 3089 namt
1573 3040 1772 3089 Liviana
1787 3041 2018 3105 epitome,
2037 3040 2107 3088 lib
2119 3075 2133 3090 .
2149 3042 2304 3088 LVII.
2325 3038 2422 3088 Sed
2439 3050 2606 3087 tamen

458 3134 513 3174 et
534 3136 699 3175 textus
728 3127 915 3176 codis-s
932 3126 1089 3175 nostri
1111 3128 1229 3174 ssu's
1265 3126 1455 3189 antiqui
1476 3134 1528 3174 et
1543 3124 1842 3175 scholiastes
1863 3122 2156 3173 confirmant
2179 3124 2442 3173 lectionem
2461 3125 2606 3171 Atta-

462 3209 538 3259 lus
556 3245 575 3271 ‚
600 3226 693 3260 nec
710 3227 815 3260 non
842 3210 1021 3275 reliqui
1043 3226 1211 3273 omnes
1237 3209 1556 3259 Ambrosisni
1578 3209 1797 3260 codices.
1815 3211 1883 3259 A..
1903 3202 1982 3258 Μ.

530 3293 607 3359 (a)
647 3296 780 3345 Nota
822 3306 920 3345 tsm
960 3306 1151 3345 textum
1189 3295 1378 3344 codicis
1419 3312 1566 3361 qnam
1606 3298 1928 3359 Interpretem
1973 3290 2262 3342 confirmem
2305 3292 2451 3353 huius
2500 3289 2606 3339 loci

458 3374 721 3427 lectionem
746 3379 969 3428 &cilius
990 3395 1086 3445 pro
1110 3378 1226 3427 falsa
1252 3377 1423 3427 celius
1438 3414 1455 3438 ‚
1484 3394 1631 3444 qnam
1655 3379 1830 3427 merito
1873 3380 1930 3427 P.
1965 3376 2218 3426 Manutius
2246 3375 2514 3441 expunxit.
2538 3374 2604 3421 Et

463 3461 663 3526 quidem
684 3474 851 3512 noster
876 3464 1038 3513 codex
1063 3462 1207 3511 etism
1228 3462 1283 3511 in
1302 3462 1691 3527 praecedentibns
1706 3478 1798 3528 pro
1823 3461 1996 3512 Coelius
2015 3460 2162 3510 habet
2181 3458 2402 3511 Caecilius
2419 3491 2435 3517 ‚
2463 3456 2605 3522 qnod

462 3543 597 3593 idem
608 3544 863 3595 Manutius
886 3546 1112 3597 malebat.
1133 3548 1207 3595 Ex
1235 3547 1434 3611 reliquis
1454 3548 1794 3597 Anibrosianis
1813 3546 2070 3595 codicibus
2097 3560 2226 3593 unus
2249 3542 2398 3593 lubet
2415 3542 2606 3606 nbiqtse

468 3628 711 3679 caecilium
733 3646 753 3677 .·
779 3640 991 3695 quatuor
1012 3632 1195 3697 ubique
1221 3631 1417 3681 Coelium
1442 3648 1461 3679 .-
1488 3630 1590 3681 duo
1616 3632 1778 3698 capite
1811 3642 1988 3681 octavo
2021 3628 2225 3679 Goeliuns
2243 3662 2260 3689 ‚
2286 3628 2447 3694 capite
2463 3642 2606 3675 nono

468 3711 731 3763 Caecilium.
754 3716 819 3763 A.
844 3714 917 3764 Μ.

536 3795 617 3863 (3)
648 3800 725 3847 Its
765 3797 869 3847 sine
890 3796 1133 3863 adspirent
1152 3798 1223 3865 pl·
1238 3834 1258 3859 ,
1281 3809 1331 3849 et
1344 3797 1455 3847 vide
1474 3798 1608 3854 dicta
1625 3797 1689 3846 sd
1710 3808 1840 3847 orat.
1880 3796 1934 3846 in
1964 3796 2194 3846 Clodium
2215 3805 2266 3845 et
2299 3794 2564 3845 Curionem
2591 3831 2608 3855 ,

468 3894 581 3945 pag.
609 3878 707 3941 65,
752 3896 805 3929 n.
828 3896 879 3929 s.
901 3882 964 3930 Δ.
986 3880 1061 3929 Μ.

538 3961 617 4028 (4)
630 3962 755 4013 eod.
776 3962 971 4013 videtur
986 3962 1165 4013 habere
1178 3986 1206 4009 α
1222 3974 1415 4029 quartas
1431 3964 1658 4029 Pompeii
1675 3962 1994 4013 concederem
2011 3978 2114 4012 non
2132 3961 2420 4029 deponenda
2439 3962 2610 4017 etiem,

463 4044 585 4097 mxi
604 4059 719 4111 sego
739 4082 755 4108 ‚
780 4058 909 4100 ete.»
941 4048 1007 4099 A.
1031 4049 1111 4101 Μ.
