2996 4694
427 381 609 458 320·
1054 385 1151 452 M.
1200 385 1274 454 T.
1326 384 1910 458 CICERONIS

424 506 799 604 praeclara,
846 520 1067 603 atque
1116 505 1459 576 divinitus
1498 507 1648 601 jam
1683 507 1854 580 inde
1890 535 1931 580 a
1983 507 2390 609 principio³
2441 535 2558 582 ro·

425 621 623 687 mani
646 617 961 686 nominis
998 641 1039 688 a
1073 612 1468 710 majoribus
1496 619 1762 688 nostris
1793 621 2232 719 comparata!
2266 647 2362 694 ne
2393 627 2558 720 quis

426 740 757 798 nostrum
805 725 971 824 plus
1007 751 1229 823 quam
1268 726 1485 798 unius
1525 727 1832 800 civitatis
1859 753 2012 800 esse
2040 731 2268 827 possit
2297 734 2324 826 (
2353 729 2557 802 dissi-

424 836 755 909 militudo
800 837 993 906 enim
1024 837 1397 907 civitatum
1448 835 1864 909 varietatem
1912 837 2094 932 juris
2132 837 2396 911 babeat
2435 864 2560 911 ne-

425 971 625 1020 cesse
649 944 839 1040 est);
868 971 961 1017 ne
998 946 1161 1042 quis
1208 945 1476 1040 invitus
1515 947 1800 1018 civitate
1844 962 2214 1037 mutetur3
2257 974 2440 1022 neve
2481 951 2558 1020 in

428 1059 711 1130 civitate
749 1070 1033 1128 maneat
1086 1056 1377 1126 invitus,
1437 1061 1598 1128 Haec
1641 1071 1812 1128 sunt
1855 1061 2050 1129 enim
2087 1057 2562 1131 fundamenta

430 1169 833 1240 firmissima
872 1179 1133 1254 nostrae
1161 1164 1513 1237 libertatis
1533 1219 1552 1253 ‚
1585 1168 1698 1238 sui
1728 1193 2096 1266 quemque
2126 1170 2312 1265 juris
2351 1186 2424 1241 et
2453 1193 2561 1240 re-

429 1279 705 1352 tinendi
726 1333 749 1366 ‚
793 1293 865 1349 et
892 1275 1307 1349 dimittendi
1342 1301 1495 1348 esse
1525 1276 1924 1350 dominum.
1966 1280 2155 1352 Illud
2191 1300 2366 1352 vero
2397 1281 2558 1350 sine

430 1391 577 1462 ulla
602 1388 1057 1460 dubitatione
1086 1388 1394 1458 maxime
1412 1403 1748 1460 nostrum
1779 1389 2108 1462 fundavit
2132 1391 2544 1488 imperium,

428 1515 504 1572 et
544 1500 795 1598 populi
836 1499 1117 1570 romani
1153 1521 1423 1568 nomen
1478 1501 1719 1587 auxit,
1762 1499 1966 1598 quod
2018 1503 2355 1599 princeps
2393 1501 2510 1572 ille
2538 1554 2558 1587 ‚

430 1623 709 1681 creator
744 1607 965 1700 hujus
1003 1605 1237 1694 urbis,
1278 1609 1633 1680 Romulus
1669 1606 1944 1682 foedere
1979 1609 2248 1682 Sabino
2275 1610 2558 1693 docuit,

434 1719 649 1789 etiam
725 1715 1061 1788 hostibus
1119 1718 1570 1814 recipiendis
1626 1722 1874 1818 augeri
1947 1720 2133 1792 hanc
2201 1722 2562 1792 civitatem

436 1842 773 1927 oportere
789 1829 839 1896 4.
902 1826 1130 1922 Cujus
1172 1829 1602 1900 auctoritate
1643 1845 1718 1900 et
1771 1831 2102 1930 exemplo
2159 1855 2562 1928 numquam

435 1953 555 2012 est‘
576 1939 982 2010 intermissa
1018 1962 1057 2008 a
1092 1937 1488 2031 majoribus
1516 1943 1780 2012 nostris
1817 1941 2100 2036 largitio
2131 1957 2202 2012 et
2239 1965 2563 2012 commu·

432 2050 700 2120 nicatio
733 2049 1059 2118 civitatis.
1107 2052 1363 2143 Itaque
1396 2061 1477 2142 ,et
1517 2071 1605 2119 ex
1643 2050 1854 2120 Latio
1889 2051 2144 2137 multi,
2175 2065 2250 2120 et
2283 2055 2556 2122 Tuscu·

429 2160 574 2230 lani
596 2213 617 2246 ,
644 2173 717 2230 et
760 2158 1153 2242 Lanuvini,
1186 2173 1260 2228 et
1288 2182 1379 2228 ex
1404 2159 1662 2229 ceteris
1697 2158 2086 2256 generibus
2123 2175 2375 2258 gentes
2404 2165 2562 2232 uni-

428 2293 646 2342 versae
715 2270 789 2338 in
864 2271 1225 2340 civitatem
1292 2283 1462 2338 sunt
1526 2283 1874 2366 receptae3
1930 2283 2015 2339 ut
2070 2268 2508 2340 Sabinorum
2545 2321 2562 2353 ‚

428 2382 897 2462 Volscorum,
958 2378 1437 2451 Hernicorum
1472 2406 1488 2447 :
1529 2378 1800 2475 quibus
1835 2406 1924 2451 ex
1960 2379 2380 2451 civitatibus
2428 2404 2564 2453 nec

430 2484 707 2567 coacti⁵
756 2504 996 2562 essent
1040 2490 1400 2559 civitatem
1454 2504 1768 2578 mutare,
1821 2492 1879 2561 si
1930 2493 2056 2588 qui
2111 2492 2562 2576 noluissent3

430 2627 601 2692 nec,
638 2604 697 2673 si
741 2601 867 2698 qui
904 2613 1145 2671 essent
1170 2600 1530 2669 civitatem
1561 2615 1884 2673 nostram
1915 2601 2278 2675 beneficio
2313 2586 2576 2700 populi·

430 2712 711 2784 romani
754 2710 1211 2805 consequuti,
1243 2707 1595 2780 violatum
1623 2708 1860 2782 foedus
1892 2736 2144 2783 eorum
2171 2710 2559 2783 videretur.

523 2826 712 2893 XIV.
770 2826 861 2891 At
898 2820 1091 2897 enim
1119 2818 1449 2918 quaedam
1486 2818 1762 2891 foedera
1790 2836 2103 2911 exstant,
2144 2838 2225 2895 ut
2269 2827 2561 2896 Germa-

434 2956 699 3004 norum
719 2986 738 3019 ,
768 2929 1188 3003 Insubrium
1209 2942 1262 3017 ¹,
1290 2930 1812 3019 Helvetiorum,
1831 2932 2182 3031 Iapydum
2201 2988 2218 3021 ‚
2241 2931 2566 3004 nonnul-

500 3183 552 3230 3.
578 3186 695 3230 Iam
727 3180 841 3229 inde
867 3196 901 3227 a
926 3179 1190 3246 principio.
1224 3182 1356 3232 Nota
1377 3183 1455 3230 lo·

429 3261 613 3327 quendi
646 3262 883 3308 rationem
920 3260 1063 3308 Livio
1094 3262 1149 3308 in
1174 3260 1345 3324 primis
1384 3262 1455 3308 fa-

433 3341 663 3389 miliarem
681 3372 696 3397 ‚
721 3351 779 3387 ut
802 3340 931 3387 libro
960 3342 1009 3400 1,
1041 3356 1153 3404 cap.
1188 3342 1218 3388 5
1244 3360 1256 3385 ε
1300 3362 1324 3381 κ
1342 3341 1456 3387 Jarn

432 3418 551 3467 inde
569 3418 633 3467 ab
656 3418 799 3465 initio
819 3417 1047 3467 Faustulo
1066 3434 1179 3482 spes
1198 3420 1354 3467 fuerat
1376 3434 1455 3466 re-

432 3498 557 3561 giam
574 3499 777 3560 stirpem
800 3496 933 3561 apud
950 3514 1001 3545 se
1022 3498 1215 3545 educari
1235 3518 1279 3543 ιο.

502 3584 553 3632 4.
590 3573 840 3623 Civitatem
882 3588 1121 3639 oportere.
1178 3575 1275 3623 Hie
1320 3585 1455 3638 patet

430 3672 543 3720 qnae
586 3654 731 3702 fuerit
764 3653 817 3701 in
854 3654 1168 3716 gubernanda
1204 3651 1457 3717 republica

430 3736 763 3785 Romanorum
788 3732 966 3796 agendi
994 3733 1146 3790 rati03
1176 3730 1261 3794 qui
1288 3732 1454 3779 omnia

428 3815 493 3865 ad
518 3832 569 3863 se
587 3812 773 3861 trahere
800 3823 849 3861 et
872 3814 1079 3861 retinere
1106 3810 1420 3860 decreverant
1435 3843 1451 3870 ,

428 3906 489 3945 ut
514 3894 615 3943 civi
641 3891 818 3955 culque
842 3891 1050 3938 maxime
1076 3891 1203 3939 foret
1232 3906 1453 3938 necessa·

426 3976 553 4023 rium
588 3973 760 4037 patrie
784 3968 1067 4033 invigilare,
1097 3986 1299 4032 remque
1326 3971 1452 4018 tueri

1544 3184 1704 3232 Roma
1733 3182 1994 3247 penderet,
2023 3194 2074 3231 et
2101 3183 2217 3231 inde
2247 3182 2412 3230 omnia
2438 3194 2568 3243 gere-

1544 3272 1724 3310 rentur.

1619 3342 1668 3389 5.
1713 3339 1883 3389 coacte·
1927 3350 2096 3389 essent.
2143 3340 2259 3388 Non
2301 3337 2566 3387 admodum

1543 3436 1656 3469 vera
1676 3431 1749 3468 est
1773 3419 1878 3467 haee
1909 3420 2232 3467 asseveratio:
2268 3434 2380 3466 nam
2415 3432 2569 3481 quum

1544 3498 1720 3563 populi
1735 3498 1810 3545 illi
1825 3498 1878 3546 in
1901 3514 2149 3546 romanam
2165 3499 2414 3546 civitatem
2435 3498 2568 3545 fuere

1545 3578 1756 3641 recepti,
1803 3588 1932 3625 certe
1971 3578 2193 3625 victoriis
2233 3578 2565 3625 Romanorum

1546 3656 1704 3704 coacti
1727 3672 1920 3705 venere.

1617 3735 1750 3784 xlv.
1793 3752 1840 3784 t.
1879 3718 2176 3784 [insubrium.
2215 3736 2290 3783 De
2317 3733 2570 3782 Germanis

1543 3814 1880 3879 Helvetiisque
1923 3815 2040 3863 satis
2083 3832 2140 3863 ac
2187 3832 2335 3879 super
2383 3813 2572 3861 dictum

1543 3904 1648 3943 est:
1675 3894 1796 3942 citra
1827 3896 1980 3959 Alpes
2007 3894 2221 3941 Insubrii
2243 3904 2408 3949 erant,
2437 3890 2572 3939 unde

1543 3972 1777 4037 Cisalpini
1811 3984 1862 4021 et
1903 3974 2213 4038 Transalpini
2264 3970 2568 4019 dicebantur.

427 4054 693 4115 publicam.
713 4048 834 4098 Inde
868 4060 943 4097 tot
975 4049 1151 4113 populi
1182 4048 1371 4097 subacti
1402 4060 1453 4097 et
1539 4052 1751 4117 Iapydes
1788 4053 2044 4101 Venetiam
2080 4050 2390 4107 incolebant,
2425 4052 2570 4112 iuxta

429 4132 480 4179 in
512 4130 756 4177 civitatem
780 4129 987 4192 recepti,
1008 4140 1060 4177 ut
1086 4140 1219 4177 totus
1238 4128 1369 4178 orbis
1386 4146 1449 4179 ex
1540 4130 1716 4179 flumen
1743 4134 2014 4181 Timavum.
