2996 4694
515 369 606 440 28
1139 367 1235 436 Μ.
1285 368 1363 435 Τ.
1415 367 1993 438 CICERONIS

429 537 442 547 ·
511 491 730 561 tiam:
769 486 1075 560 inclusas
1111 487 1270 582 ejus
1305 486 1681 574 libidines,
1722 487 1851 584 qui
1901 484 2145 583 paullo
2178 489 2483 584 propius
2514 511 2633 558 ac-

511 614 906 684 cesserant,
927 598 1434 672 intuebantur.
1477 601 1813 695 Denique
1862 597 2077 667 etiam
2124 599 2478 668 sermonis
2512 621 2635 668 an-

459 734 622 782 1sas
697 707 950 798 dabat,
1015 705 1286 806 quibus
1351 705 1763 802 reconditos
1838 706 1993 801 ejus
2066 728 2318 776 sensus
2385 720 2633 778 tenere

508 843 904 945 possemus.
958 815 1329 890 Laudabat
1377 815 1601 888 homo
1652 815 1911 888 doctus
1948 811 2460 913 philosophOS,
2504 839 2635 886 ne-

511 931 660 1002 scio
708 953 931 1026 quos;
975 950 1218 1023 neque
1274 951 1527 998 eorum
1570 941 1811 997 tamen
1854 926 2149 996 nomina
2193 938 2478 1023 poterat
2526 924 2633 996 di-
2730 1009 2747 1022 θ

508 1062 668 1110 cere
685 1047 758 1106 ²:
804 1036 932 1110 sed
981 1050 1224 1106 tamen
1261 1060 1386 1108 eos
1422 1035 1761 1107 laudabat
1806 1035 2113 1106 maxime
2137 1088 2160 1123 ,
2208 1034 2339 1130 qui
2379 1034 2632 1106 dicun-

509 1163 629 1221 tur
647 1144 676 1190 ³
729 1161 990 1244 praeter
1037 1160 1315 1218 ceteros
1368 1169 1521 1217 esse
1572 1159 1899 1216 auctores
1945 1156 2018 1216 et
2064 1142 2471 1216 laudatores
2512 1169 2637 1214 vo-

501 1260 838 1357 luptatis3
885 1256 1094 1351 cujus
1118 1310 1140 1343 ,
1175 1271 1248 1328 et
1282 1279 1434 1353 quo
1473 1270 1832 1354 tempore,
1876 1267 1952 1324 et
1983 1277 2141 1350 ,quo
2185 1252 2446 1342 modo,
2480 1278 2633 1324 non

506 1368 894 1466 quaerebat,
938 1365 1272 1459 Verbum.
1302 1368 1544 1465 ipsum
1579 1365 1919 1438 omnibus
1972 1362 2255 1436 modis‘*
2292 1365 2513 1434 animi
2562 1379 2637 1436 et

476 1569 484 1578 ο
505 1479 831 1575 corporis
855 1477 1241 1550 devorabat
1259 1504 1280 1566 ;
1303 1476 1744 1574 eosdemque
1758 1475 2097 1575 praeclare
2116 1473 2357 1546 dicere
2376 1471 2635 1562 aiebat,

507 1591 868 1688 sapientes
917 1593 1159 1659 omnia
1202 1613 1330 1660 sua
1374 1610 1588 1659 causa
1638 1585 1914 1675 facere3
1960 1583 2480 1683 rempublicam
2512 1607 2631 1654 ca·

505 1724 796 1799 pessere
847 1697 1218 1770 hominem
1274 1696 1466 1770 bene
1515 1721 1771 1768 sanum
1825 1719 1978 1767 non
2035 1707 2409 1793 oportere;
2449 1691 2629 1763 nihil
2725 1703 2732 1708 “

508 1835 662 1882 esse
699 1807 1166 1908 praestabilius
1197 1808 1426 1879 otiosa
1455 1807 1634 1894 vita,
1666 1819 1740 1878 et
1773 1806 2027 1905 plena,
2062 1817 2134 1876 et
2166 1802 2488 1875 conferta
2517 1827 2633 1874 vo-

501 1916 944 2017 luptatibus3
987 1941 1112 1994 eos
1161 1930 1399 1988 autem
1420 1911 1472 2004 ⁵,
1522 1915 1653 2014 qui
1696 1913 2059 2004 dicerent,
2110 1911 2437 2011 dignitati
2477 1935 2631 1984 esse

505 2026 964 2100 serviendum
983 2079 1003 2113 ‚
1061 2024 1478 2124 reipublicae
1535 2024 2097 2114 consulendum,
2148 2022 2369 2095 officii
2420 2025 2635 2094 ratio-

504 2161 675 2208 nem
723 2138 800 2207 in
851 2137 1052 2208 omni
1105 2137 1290 2222 vita,
1341 2160 1492 2206 non
1550 2134 1948 2222 commodi,
1994 2159 2148 2208 esse
2184 2131 2627 2219 ducendam,

502 2243 882 2318 subeunda
935 2270 1068 2345 pro
1127 2248 1354 2345 patria
1405 2245 1757 2344 pericula,
1814 2245 2112 2316 vulnera
2168 2243 2587 2342 excipienda
2607 2297 2628 2330 ,

462 2450 464 2452 μ
501 2370 811 2429 mortem
862 2356 1346 2455 oppetendam
1376 2411 1396 2445 ,
1447 2354 1862 2429 vaticinari⁶
1903 2370 2121 2455 atque
2162 2356 2475 2427 insanire
2518 2354 2627 2426 di-

500 2467 727 2539 cebat.
755 2472 862 2539 Ex
887 2467 1000 2539 his
1025 2466 1325 2541 assiduis
1353 2466 1510 2563 ejus
1538 2465 2119 2564 quotidianisque
2148 2464 2630 2551 sermonibUS,

497 2661 749 2709 voluntate
767 2670 968 2709 notatur
983 2662 1192 2710 inscitia.
1215 2664 1327 2709 Hoc
1353 2660 1519 2725 paullo

501 2738 676 2786 clarius
701 2738 975 2787 ostenditur
998 2739 1050 2786 in
1078 2739 1284 2802 epistola
1309 2739 1371 2786 ad
1397 2740 1521 2788 Cor·

501 2814 718 2865 nificium
730 2851 745 2875 ,
760 2816 840 2865 his
859 2816 1019 2865 verbis
1036 2830 1050 2865 z
1069 2838 1095 2859 α
1109 2816 1259 2880 Quod
1284 2816 1355 2881 si,
1372 2828 1429 2865 ut
1445 2832 1519 2877 es,

501 2893 738 2955 cessabis;
783 2895 1010 2945 lacessam
1049 2907 1063 2943 ε
1107 2911 1168 2944 ne
1213 2906 1294 2944 tua
1329 2896 1520 2959 ignavia

502 2978 645 3022 etiam
678 2974 898 3022 inertiam
930 2974 1100 3022 afferat
1121 2988 1182 3024 »z
1213 2974 1268 3022 id
1297 2985 1398 3033 est,
1428 2990 1521 3036 ne,

504 3052 624 3101 dum
641 3051 766 3101 nihil
780 3068 1008 3117 umquam
1026 3051 1223 3112 scribis,
1245 3054 1390 3101 etiam
1407 3053 1523 3101 scri-

503 3131 618 3181 bere
636 3131 855 3181 dediscas
867 3166 885 3193 ,
899 3142 950 3181 et
967 3130 1212 3181 scribendi
1230 3142 1382 3181 artem
1399 3132 1524 3183 obli·

499 3212 704 3262 vincare.
777 3234 784 3239 ·

571 3308 622 3341 a.
649 3292 821 3356 Neque
841 3306 1002 3340 εοηυη
1029 3300 1192 3341 lamen
1216 3289 1416 3341 nomina
1427 3307 1521 3355 po-

502 3382 629 3421 teme
651 3370 828 3419 dicere.
861 3372 984 3420 Satis
1009 3370 1150 3434 plane
1173 3369 1356 3419 indicat
1375 3406 1390 3432 ,
1417 3386 1521 3419 non

502 3448 749 3507 doctrina,
781 3447 870 3495 sed
895 3448 1171 3508 voluntate,
1199 3450 1312 3512 quia
1337 3449 1521 3497 scilicet

497 3528 804 3591 voluptatem
833 3526 1052 3591 diligeret
1066 3562 1082 3586 ,
1116 3528 1343 3577 Pisonem
1377 3529 1521 3577 fuisse

501 3606 792 3671 Epicureum
813 3620 827 3655 ε
853 3607 938 3670 qui
959 3608 1086 3655 enim
1106 3622 1276 3659 eorum
1293 3608 1490 3655 nomina
1504 3642 1520 3665 ,

499 3700 710 3752 quornm
727 3695 906 3733 sectam
923 3685 1230 3749 sequebatur,
1248 3687 1492 3750 ignotam
1504 3722 1522 3749 ,

501 3782 565 3815 ex
588 3765 841 3814 hominum
857 3763 1189 3826 monibus,
1215 3775 1264 3813 et
1291 3780 1351 3815 ex
1373 3776 1520 3819 natu-

497 3844 587 3893 rali
599 3842 808 3908 quadam
825 3843 1153 3909 propensione
1167 3843 1356 3908 potius,
1373 3860 1519 3909 quain

497 3938 562 3971 ex
601 3922 740 3971 libris
761 3956 778 3983 ,
799 3934 806 3939 ·
832 3937 981 3986 genus
1030 3920 1154 3969 illud
1197 3920 1519 3987 philosophia

499 4002 787 4064 cognovisse
805 4000 1054 4066 putandus
1075 4010 1168 4049 est.

575 4082 625 4128 3.
649 4078 742 4142 Qui
756 4079 994 4131 dicuntur.
1018 4079 1206 4145 Saepius
1221 4079 1523 4131 animadver-

1610 2671 1709 2709 tere
1726 2662 1821 2710 fuit
1834 2698 1851 2724 ,
1871 2662 2180 2719 Ciceronem,
2199 2660 2394 2724 quoties
2410 2660 2465 2709 in
2486 2676 2631 2708 coro-

1607 2756 1669 2789 na
1708 2740 1769 2788 de
1814 2741 1999 2789 Graecis
2036 2740 2281 2804 sapientie
2320 2750 2407 2788 aut
2446 2738 2623 2787 artium

1607 2819 1965 2883 professoribus
1988 2818 2172 2867 mentio
2190 2826 2465 2867 occurreret
2480 2852 2495 2877 ,
2518 2832 2630 2865 eru·
2688 2874 2691 2877 ⁴

1609 2898 1845 2947 ditionem
1861 2914 1996 2946 suam
2016 2898 2200 2960 celare,
2231 2914 2293 2946 ne
2314 2897 2436 2945 infra
2463 2911 2624 2943 roma-

1608 2993 1721 3026 nam
1738 2978 2019 3042 gravitatem
2042 2976 2213 3026 cadere
2228 2993 2283 3025 ea
2302 2975 2568 3024 videretur.

1681 3064 1729 3112 4.
1752 3056 1982 3106 Omnibus
1996 3056 2167 3105 modis.
2186 3056 2369 3105 Contra
2386 3068 2533 3118 quam
2556 3068 2633 3099 re·

1606 3134 1730 3198 liqui
1764 3126 2019 3199 Epicurei,
2046 3135 2155 3198 qui,
2181 3134 2403 3183 doctrina
2436 3146 2467 3179 a
2491 3129 2631 3178 libris

1608 3222 1842 3277 accepta,
1872 3228 1975 3261 nou
2002 3211 2229 3262 omnibus
2258 3210 2418 3259 modis
2447 3208 2631 3273 ample·

1609 3290 1833 3344 cteudam
1853 3290 2155 3357 voluptatem
2176 3287 2535 3354 existimabant.

1680 3372 1733 3421 5.
1762 3372 1863 3418 Eos
1880 3382 2062 3420 autem.
2086 3368 2415 3432 Philosophos
2435 3366 2497 3414 ab
2515 3366 2632 3431 Epi-

1608 3464 1728 3499 curo
1753 3448 2105 3507 dissentientes,
2128 3448 2345 3505 Stoicos‚
2372 3444 2633 3493 Academi-

1608 3544 1725 3592 cos,
1769 3529 2113 3592 Peripateticos
2130 3562 2148 3586 ‚
2204 3526 2290 3592 qui
2330 3524 2631 3573 honestatem

1609 3608 1687 3657 vel
1719 3624 1866 3656 uuam
1884 3642 1901 3667 ,
1939 3608 2017 3657 vel
2058 3608 2266 3656 maxime
2306 3602 2630 3671 expetendam

1608 3686 1931 3735 affirmabant.

1678 3766 1728 3815 6.
1776 3764 2057 3815 Vaticinari.
2086 3765 2297 3815 Delirare
2312 3800 2328 3825 ,
2354 3776 2525 3812 eorum
2552 3758 2629 3807 in-

1606 3855 1705 3892 star
1742 3844 1828 3908 qui
1862 3853 1919 3892 ut
1954 3844 2169 3893 divinent
2187 3879 2205 3906 ,
2251 3856 2430 3891 vesana
2470 3850 2631 3886 mente

1608 3923 1843 3971 feruntur.
1886 3923 2030 3971 Unde
2076 3922 2363 3973 Amohius:
2402 3939 2429 3959 u
2446 3916 2627 3965 audent

1608 4016 1873 4050 asseverare
1910 4002 2082 4051 furiosi
2097 4037 2114 4062 ,
2143 4000 2281 4065 qnod
2320 4012 2409 4045 vos
2432 3994 2629 4043 credere

1608 4096 1709 4130 non
1736 4080 2013 4130 erubescitis
2038 4079 2144 4129 sani
2167 4100 2213 4127 ι·.
