2996 4694
480 386 620 458 3315
1128 387 1225 454 M.
1277 387 1353 453 T.
1407 387 1972 456 CICERONIS

480 513 693 582 situm
725 562 746 595 ,
778 523 997 606 atque
1050 507 1125 578 in
1176 508 1504 578 maximis
1563 509 1792 580 causis
1843 531 1924 578 re
1971 508 2128 604 ipsa
2193 521 2412 605 atque
2475 533 2612 580 usu

484 618 1061 718 comprobatum.
1105 622 1289 689 Cum
1330 619 1602 688 Latinis
1661 615 2002 688 omnibus
2051 614 2294 688 foedus
2333 617 2554 689 ictum
2586 674 2606 707 ‚

488 737 607 831 Sp.
648 731 912 813 Cassio,
938 726 1318 800 Postumo⁵
1348 728 1682 800 Cominio
1699 780 1719 813 ‚
1737 725 2185 813 consulibus»,
2212 727 2379 823 quis
2403 727 2608 824 igno-

482 844 651 915 rat?
703 839 902 939 quod
950 837 1251 936 quidem
1293 861 1531 935 nuper
1591 839 1670 906 in
1714 837 2052 908 columna
2089 861 2286 908 aenea
2351 838 2610 909 memi-

486 955 727 1025 nimus
787 963 951 1047 post
1009 952 1265 1019 Rostra
1328 950 1640 1018 incisum
1693 962 1766 1018 et
1820 946 2300 1046 perscriptum
2367 944 2608 1018 fuisse.

487 1055 923 1155 Quomodo⁶
968 1059 1185 1154 igitur
1236 1060 1316 1127 L.
1378 1057 1746 1129 Cossinius
1801 1055 2094 1143 Tiburs,
2133 1070 2341 1154 pater
2393 1055 2612 1154 hujus

486 1175 747 1272 equitis
809 1170 1130 1252 romani,
1184 1167 1442 1265 optimi
1486 1180 1706 1264 atque
1757 1166 2194 1237 ornatissimi
2255 1167 2438 1255 viri,
2485 1165 2609 1237 da-

486 1298 733 1354 mnato
768 1283 846 1350 T.
884 1277 1159 1349 Coelio⁷
1194 1303 1210 1346 ε
1238 1277 1612 1374 quomodo
1649 1301 1737 1348 ex
1763 1276 2014 1348 eadem
2049 1277 2330 1348 civitate
2356 1280 2433 1346 T.
2470 1279 2610 1347 Co-

486 1394 787 1490 ponius,
829 1389 1003 1459 civis
1058 1389 1230 1456 item
1268 1409 1549 1457 summa
1581 1387 1848 1458 virtute
1893 1401 1964 1457 et
2017 1385 2363 1482 dignitate
2423 1389 2450 1482 ζ
2487 1411 2612 1458 ne-

480 1517 689 1601 potes
710 1505 789 1571 T.
812 1513 885 1568 et
901 1502 980 1568 C.
1006 1499 1373 1594 Coponios
1399 1497 1707 1589 nostis),
1734 1495 2075 1568 damnato
2099 1500 2178 1568 C.
2207 1499 2540 1568 Massone
2553 1493 2610 1585 ⁸,

485 1615 657 1685 civis
692 1612 1046 1682 'romanus
1084 1622 1195 1680 est
1234 1607 1512 1680 factus?
1555 1615 1667 1680 An
1713 1606 1956 1705 lingua
1995 1623 2067 1679 et
2089 1609 2449 1706 ingenio⁹
2485 1633 2612 1705 pa-

483 1725 715 1798 tefieri
742 1723 977 1795 aditus
1004 1722 1093 1794 ad
1124 1723 1481 1794 civitatem
1509 1723 1783 1820 potuit3
1817 1745 2037 1794 manu
2067 1737 2138 1792 et
2173 1723 2436 1793 virtute
2459 1745 2610 1792 non

480 1836 773 1936 potuit?
808 1855 995 1904 aune
1044 1831 1136 1902 de
1180 1831 1393 1904 nobis
1426 1831 1712 1904 trahere
1763 1833 1991 1930 spolia
2017 1843 2078 1878 ¹⁰
2115 1830 2482 1903 foederatis
2524 1831 2610 1900 li-

482 1947 714 2030 cebit3
752 1942 845 2016 de
900 1940 1230 2013 hostibus
1253 1951 1309 1986 ¹¹
1359 1966 1507 2012 non
1557 1941 1844 2012 licebit?
1880 1967 2009 2028 an,
2062 1940 2264 2040 quod
2313 1941 2610 2037 adipisci

484 2069 836 2158 poterunt
868 2052 1215 2138 dicende,
1260 2052 1335 2124 id
1368 2055 1469 2123 eis
1505 2055 1788 2150 assequi
1827 2051 2222 2150 pugnando
2259 2077 2410 2123 non
2447 2052 2614 2123 lice-

481 2167 646 2240 bit?
700 2189 791 2236 an
847 2162 1241 2235 accusatori
1292 2161 1602 2257 majores
1663 2163 1890 2234 nostri
1951 2163 2223 2258 majora
2271 2163 2560 2262 praemia
2589 2213 2610 2248 ,

456 2301 703 2377 quam
746 2274 1115 2361 bellatori,
1152 2295 1305 2344 esse
1343 2272 1774 2343 voluerunt?

577 2391 835 2461 XXIV.
878 2381 1097 2476 Quod
1120 2384 1179 2453 si
1208 2381 1662 2454 acerbissima
1695 2374 1850 2479 iege
1883 2382 2176 2455 Servilia
2190 2393 2213 2427 ¹
2251 2381 2610 2481 principes

560 2611 607 2659 5.
630 2610 873 2656 Postremo.
895 2604 975 2654 Sic
1000 2606 1195 2667 Livius,
1211 2608 1287 2663 11,
1320 2606 1415 2663 33,
1452 2598 1506 2654 et

480 2690 653 2740 OEcero
688 2687 816 2749 ipse,
856 2684 916 2734 de
943 2686 1069 2749 nep.
1098 2687 1183 2743 11,
1229 2684 1317 2733 33.
1349 2684 1500 2749 Vulg-

482 2764 747 2817 Posmmt‘o.
764 2766 797 2812 J
802 2800 813 2813 .
830 2767 894 2812 V.
920 2766 973 2813 ¹¹·

554 2848 605 2897 6.
633 2843 905 2909 Quomodo.
934 2844 1049 2893 Nou
1078 2842 1152 2890 vis
1172 2841 1377 2890 Balbum
1402 2858 1506 2891 esse

480 2928 639 2975 civem
656 2940 911 2973 romanum
922 2958 936 2983 ,
954 2923 1067 2988 quis
1088 2922 1271 2970 fundus
1284 2922 1504 2986 populus

483 3006 751 3055 Gaditanus
768 3006 923 3052 sactus
942 3018 1047 3050 non
1064 3002 1127 3050 sit
1142 3017 1157 3061 ;
1178 3012 1232 3049 st
1250 3004 1307 3050 1..
1332 3002 1500 3050 Cossi·

482 3086 593 3134 nius
618 3084 796 3133 Tiburs
812 3118 827 3143 ‚
858 3094 909 3131 et
933 3099 995 3131 ex
1020 3080 1183 3129 eadm
1210 3082 1408 3131 civitate
1433 3084 1497 3131 Τ.

480 3164 733 3229 Coponius
748 3196 762 3219 ‚
790 3163 1037 3210 civitstem
1064 3176 1311 3209 romanam
1332 3160 1502 3227 adepti

480 3253 614 3300 sunt,
640 3242 757 3289 licet
776 3240 990 3305 populus
1009 3238 1294 3289 'Rbus-tinus
1320 3241 1502 3290 fundus

483 3322 637 3370 fectus
652 3336 757 3368 non
775 3329 917 3367 esset.
1254 3358 1260 3361 .

554 3416 606 3461 7.
653 3401 901 3445 Dumnaco
944 3398 999 3445 T.
1038 3396 1200 3447 Goelio.
1241 3399 1504 3449 Accusavit

482 3477 734 3531 Cossinius
778 3474 989 3525 Quem
1042 3488 1313 3525 senatorem
1334 3510 1349 3535 ,
1412 3478 1504 3541 qui

477 3558 733 3605 damnatus
772 3564 845 3603 est
876 3568 889 3603 ε
925 3556 1033 3617 eius
1074 3555 1401 3604 accusationis
1436 3572 1502 3605 ex

478 3639 585 3705 lege
612 3634 811 3683 Servilia
833 3635 1091 3700 premium
1118 3634 1232 3683 tulit
1254 3634 1500 3683 civitatem

476 3730 744 3765 romanam.

548 3796 600 3843 8.
660 3794 907 3842 Hancne.
956 3792 1241 3856 chncmen
1293 3793 1500 3857 Papiria

476 3874 633 3940 gentis
656 3873 899 3937 patrici-3
927 3880 981 3919 ut
1006 3870 1061 3917 in
1086 3886 1165 3933 ep.
1194 3869 1260 3917 sd
1282 3873 1498 3932 Paetum,

474 3954 565 4002 lib.
582 3956 656 4001 11
676 3988 689 4011 ‚
712 3966 873 4015 neque
896 3959 1055 3998 tamen
1070 3948 1275 3998 aliarum
1302 3966 1502 4016 quoque

474 4031 693 4095 gentium
712 4042 985 4093 cognomen
1008 4042 1111 4075 esse
1130 4042 1274 4092 posse
1294 4044 1497 4093 negave-

476 4109 567 4159 rim
604 4123 618 4157 ε
673 4107 817 4155 sicuti
863 4104 1085 4170 pluribus
1126 4109 1502 4173 ccgminibns

1591 2620 1736 2655 unam
1755 2620 1954 2670 quoque
1975 2617 2168 2671 gentem
2185 2622 2322 2656 usam
2339 2622 2443 2657 esse
2457 2608 2610 2657 anim·

1590 2684 1904 2735 advertimus.

1664 2782 1715 2827 9.
1742 2763 1940 2829 lingua
1960 2776 2011 2813 ee
2029 2764 2240 2829 ingenio.
2265 2766 2394 2829 Lege
2413 2763 2608 2813 Servilia

1591 2844 1832 2891 sancimus
1851 2854 1977 2902 erat,
2001 2854 2060 2891 nt
2075 2846 2200 2892 civis
2221 2860 2452 2893 romanus
2469 2852 2608 2903 esset,

1593 2923 1636 2971 si
1655 2924 1766 2987 quis
1789 2939 1852 2971 ex
1871 2923 2064 2989 populo
2083 2923 2320 2973 finde-ato
2337 2934 2608 2972 senatorem

1587 3014 1860 3051 accusssset
1875 3013 1926 3051 et
1943 3002 2228 3052 damnant.

1665 3098 1744 3131 ιο.
1781 3084 1858 3131 De
1899 3082 2035 3131 ηοῠίε
2076 3082 2271 3131 erulam
2313 3084 2491 3148 spolies.
2533 3084 2610 3134 De

1588 3160 1816 3209 damnato
1835 3172 2089 3220 senatore.
2108 3163 2188 3221 jus
2207 3178 2420 3216 romana
2439 3164 2612 3213 civiu-

1587 3241 1652 3291 tis
1677 3253 1920 3304 tamquam
1948 3242 2106 3305 spolie
2133 3243 2452 3307 accipiebant.

1667 3335 1748 3371 ιι.
1769 3322 1842 3368 De
1858 3318 2084 3368 hostibus.
2110 3323 2217 3380 An,
2243 3323 2284 3370 si
2307 3324 2496 3386 quiaex
2515 3324 2608 3373 fo-

1591 3400 1760 3449 derato
1785 3398 1976 3463 populo
1999 3412 2269 3449 senatorem
2287 3406 2606 3463 accusaverit,

1590 3490 1642 3527 et
1667 3478 1992 3536 damn-vetit,
2019 3480 2141 3528 civis
2167 3496 2398 3531 romanus
2420 3482 2542 3545 ὀι-1η
2565 3485 2610 3531 ai

1589 3559 1698 3622 quis
1709 3572 1804 3622 pro
1817 3572 1920 3622 rep.
1937 3568 2108 3607 conti-s
2125 3560 2290 3609 hostes
2305 3562 2608 3626 pugnaverit,

1585 3651 1690 3684 non
1715 3636 1837 3685 erit?
1859 3637 2014 3701 spolia
2039 3637 2188 3702 igitur
2209 3640 2412 3689 habebit
2431 3641 2494 3690 de
2514 3656 2608 3689 no-

1586 3716 1690 3776 bis3
1713 3716 1776 3763 de
1789 3715 2018 3765 hostibus
2033 3732 2138 3767 non
2153 3718 2382 3769 habebit!

1657 3798 1834 3844 XXIV
1865 3812 1912 3845 ι.
1945 3798 2078 3861 laege
2099 3798 2320 3847 Sanina.
2345 3800 2554 3848 Judieiis
2579 3816 2607 3847 a

1585 3884 1757 3924 senatu
1771 3875 1834 3924 ad
1859 3888 2132 3939 equestrem
2157 3878 2378 3927 ordinem
2401 3878 2610 3927 treuda-

1587 3955 1652 4003 tis
1695 3954 1752 4003 C.
1803 3956 2054 4004 Gracchus
2099 3955 2327 4006 diviserat
2367 3957 2610 4023 populum

1588 4047 1844 4082 romanum
1855 4070 1872 4097 ,
1891 4045 1944 4083 et
1961 4034 2212 4099 bicipitem
2231 4050 2292 4085 ex
2315 4052 2414 4085 nus
2431 4036 2613 4084 fecerat

1587 4113 1828 4163 civitatem
1847 4146 1864 4175 ,
1883 4124 1940 4163 ut
1954 4113 2024 4161 sit
2045 4112 2218 4163 Florus
2232 4148 2246 4173 ‚
2263 4114 2350 4165 lib.
2369 4117 2446 4163 111
2460 4150 2476 4175 ‚
2497 4130 2611 4179 cap.
