2996 4694
719 390 1122 458 ORATIO
1172 391 1380 458 PRO
1429 390 1507 458 C.
1546 392 1629 459 R.
1682 392 2200 462 POSTUMO.
2383 393 2527 480 435

402 511 614 582 etiam
665 513 746 580 in
797 508 1184 581 devotione
1229 509 1388 580 vitae
1410 563 1430 595 ,
1487 525 1562 581 et
1614 512 1688 580 in
1745 512 1906 607 ipso
1959 535 2224 609 genere
2276 519 2533 588 mortis

399 623 720 692 imitatus
770 636 877 691 est
925 625 997 691 P.
1049 622 1438 691 Decium¹²
1495 615 1709 692 filius.
1762 627 1919 694 Sint
1972 624 2191 720 igitur
2240 625 2528 710 similia,

398 732 676 828 judices
697 785 718 820 ,
763 753 988 829 parva
1020 731 1320 827 magnis.

499 846 591 912 ΙΙ.
643 841 807 912 Fuit
851 845 1082 924 enim,
1125 841 1366 938 pueris
1411 840 1671 930 nobis,
1712 841 1931 938 hujus
1973 855 2218 941 pater¹
2268 849 2345 916 C.
2384 851 2531 917 Cu-

403 953 592 1040 riuS,
621 952 961 1050 princeps
992 948 1268 1022 ordinis
1295 953 1687 1048 equestris,
1716 950 2188 1025 fortissimus²
2219 968 2293 1027 et
2316 960 2536 1028 maxi-

409 1084 568 1130 mus
604 1058 1076 1158 publicanus;
1113 1053 1330 1155 'cujus
1366 1063 1438 1130 in
1476 1062 1784 1159 negotiis
1818 1063 2152 1159 gerendis
2179 1069 2535 1163 magnitu-

406 1168 652 1242 dinem
702 1172 921 1242 animi
973 1194 1120 1240 non
1173 1183 1321 1241 tam
1369 1171 1699 1242 homines
1752 1171 2219 1270 probassent,
2266 1179 2402 1247 nisi
2456 1181 2533 1248 in

404 1280 664 1352 eodem
698 1279 1107 1377 benignitas
1147 1279 1591 1352 incredibilis
1636 1279 1925 1372 fuisset3
1970 1298 2051 1354 ut
2089 1286 2163 1355 in
2208 1285 2563 1383 augenda‘

404 1415 482 1462 re
514 1416 664 1461 non
697 1392 1002 1461 avaritiae
1037 1389 1388 1488 praedam,
1425 1388 1561 1492 sed-
1585 1393 2197 1465 instrumentum³
2232 1395 2538 1468 bonitati

407 1525 728 1598 quaerere
759 1500 1145 1572 videretur.
1197 1505 1354 1570 Hoc
1396 1501 1559 1572 ille‘*
1599 1517 1849 1590 natm,
1893 1506 2219 1601 quamvis
2260 1520 2536 1604 patrem

407 1636 618 1684 suum
653 1636 1054 1710 numquam
1084 1609 1392 1697 viderat,
1428 1626 1673 1683 tamen
1700 1627 1773 1684 et
1807 1629 2061 1685 natura
2093 1613 2295 1712 ipsa⁵
2334 1616 2541 1704 duce,
2610 1651 2617 1664 ¹

407 1745 569 1818 quae
611 1721 1006 1820 plurimum
1045 1722 1268 1809 valet,
1319 1736 1390 1792 et
1437 1720 1739 1794 assiduis
1782 1722 2345 1797 domesticorum
2391 1752 2540 1799 ser-

405 1830 772 1916 monibus,
793 1834 868 1900 in
887 1842 1202 1928 paternae
1229 1833 1386 1901 vitae
1406 1830 1998 1902 similitudinem⁶
2025 1832 2380 1906 deductus
2408 1852 2535 1907 est.

407 1939 635 2011 Multa
679 1943 945 2038 gessit;
993 1941 1222 2011 multa
1273 1942 1719 2029 contraxit73
1764 1947 2055 2039 magnas
2110 1957 2349 2040 partes
2408 1946 2539 2017 ha-

407 2155 600 2206 Franeii
628 2157 753 2204 Mss
769 2191 786 2218 ,
809 2172 902 2204 uec
925 2157 978 2204 iu
1011 2131 1226 2204 editione
1267 2155 1424 2218 prima

407 2235 615 2286 mediol.
665 2236 869 2284 Ascens-
921 2233 1144 2283 Forben.·
1182 2234 1390 2281 Victorii
1408 2268 1423 2293 ,

1584 2151 1633 2204 3.
1670 2156 2047 2202 lustramentum
2084 2155 2307 2206 bonitati.
2346 2157 2406 2207 Id
2442 2170 2515 2208 eet
2524 2195 2543 2222 ‚

1510 2232 1785 2280 fucultatem
1806 2231 2107 2282 liberalitatis
2122 2237 2421 2286 exercendae.
2456 2243 2537 2287 In-

407 2315 617 2365 Munatii
635 2313 950 2378 conspicitur,
975 2323 1025 2362 et
1049 2311 1303 2361 delendam
1329 2327 1426 2377 pu-

408 2408 478 2446 tat
501 2397 738 2446 Gravius.

483 2492 568 2525 η.
589 2478 649 2524 P.
667 2473 888 2523 Decium.
907 2469 1067 2521 valer.
1089 2472 1225 2520 Max.
1247 2492 1274 2513 a
1291 2469 1427 2532 Quid

405 2558 532 2607 ultra
562 2555 761 2621 [inquit
778 2550 910 2601 filius
929 2560 1114 2615 patrem
1143 2552 1196 2597 P.
1223 2551 1426 2597 Decium

406 2636 606 2685 nomine
634 2631 930 2698 compellans
955 2626 974 2698 ]
1005 2645 1173 2678 moror
1197 2628 1428 2677 familiare

407 2716 592 2765 fatum?
617 2714 798 2761 Datum
820 2710 918 2759 boc
943 2720 1113 2757 nostro
1141 2709 1302 2772 generi
1324 2718 1397 2756 eet
1411 2742 1428 2766 ,

409 2804 464 2842 ut
503 2792 694 2841 luendis
729 2788 960 2856 perieulis
995 2787 1205 2853 publicis
1236 2785 1428 2851 piacula

407 2874 577 2920 timna.
613 2872 782 2934 Itaque
817 2883 970 2932 quum
1011 2864 1246 2931 pontifice
1281 2863 1426 2913 verba

407 2960 656 3015 preeunte
691 2964 793 2997 aene
828 2946 1104 2996 devovisset
1117 2981 1136 3007 ,
1171 2960 1269 3009 qua
1311 2960 1430 2993 con·-

407 3028 710 3077 ferti-simam
740 3026 969 3075 cernebat
995 3025 1248 3073 Gallorum
1273 3023 1428 3071 aciem

410 3108 622 3155 eoncitat
647 3122 824 3170 equum
840 3140 858 3167 ,
894 3106 1208 3168 haerentque
1242 3120 1294 3151 ae
1323 3104 1428 3167 ipee

405 3185 712 3235 infestistelie
737 3186 1018 3247 interfectus
1043 3194 1160 3232 ωτι.
1176 3184 1298 3230 Hoc
1329 3182 1428 3230 fere

409 3264 599 3323 Livius,
611 3273 662 3312 et
679 3264 778 3313 alii.
797 3265 972 3313 Cicero
987 3273 1216 3328 praeterea
1235 3262 1288 3309 in
1306 3271 1428 3309 oret.

409 3358 518 3407 pro,
527 3345 660 3392 Sext.
677 3352 728 3391 et
742 3343 794 3390 in
812 3342 987 3392 Pana.

482 3423 548 3469 11.
581 3438 628 3471 1.
653 3421 806 3487 Hujus
821 3432 969 3487 pater
990 3422 1041 3469 C.
1073 3419 1260 3470 eunies.
1291 3421 1431 3468 Pater

411 3510 581 3550 natura
613 3500 799 3575 scilicet
814 3536 828 3557 ,
863 3516 1014 3565 quum
1045 3500 1311 3564 adoptione
1341 3514 1430 3563 pe-

411 3592 532 3629 trem
579 3578 780 3627 baberet
829 3578 1082 3627 Rabirium
1133 3576 1430 3625 avunculum

409 3674 551 3707 suum
566 3696 585 3722 ,
607 3670 664 3707 ut
685 3659 740 3705 in
763 3668 976 3706 extrema
1009 3658 1232 3707 oratione
1257 3658 1430 3707 Cicero

408 3740 514 3803 ipse
539 3748 716 3787 narrat.

483 3834 536 3867 ο.
557 3816 876 3866 Fortissimus.
889 3818 1060 3865 Fortes
1080 3815 1327 3874 dicuutur,
1347 3815 1432 3878 qui

409 3913 514 3946 non
550 3908 776 3945 verentur
799 3895 1044 3961 pericula,
1073 3906 1122 3942 et
1161 3893 1438 3941 inimicitiae

413 3978 557 4025 etiam
574 3975 830 4024 bominum
855 3974 1128 4039 potentium
1157 3972 1436 4036 reipublic-³

413 4072 556 4103 cansa
571 4054 831 4118 suscipere.
853 4080 912 4090 —-
939 4051 1192 4099 Maximus
1209 4086 1226 4109 ,
1257 4050 1312 4098 id
1333 4062 1432 4111 eet,

413 4134 787 4199 publicanorum
809 4146 968 4181 rernm
991 4131 1326 4194 peritiaeimua.

1513 2321 1834 2361 strumentum
1852 2323 2045 2375 vocant,
2061 2313 2199 2378 qnod
2229 2331 2361 2365 nunc
2379 2317 2501 2367 boni
2518 2352 2533 2380 ‚

1510 2407 1645 2440 nune
1661 2392 1776 2439 mali
1796 2392 2036 2441 tutionem
2056 2392 2221 2443 habet.

1584 2478 1635 2527 4.
1662 2472 1767 2519 Hoc
1790 2470 1873 2519 illo
1894 2482 2049 2521 nam.
2075 2474 2277 2523 Initium
2303 2478 2541 2524 narratio-

1514 2550 1625 2613 ni⁸3
1657 2566 1835 2615 nempe
1861 2566 2035 2615 genera
2072 2549 2175 2601 dno
2205 2554 2537 2603 narrationum

1515 2644 1617 2677 ease
1643 2629 1843 2690 Fabius,
1864 2628 1955 2679 lib.
1980 2632 2069 2692 Π,
2090 2647 2199 2696 cap.
2226 2648 2255 2680 α
2271 2666 2287 2691 ,
2309 2642 2543 2694 testatum

1514 2707 1647 2757 alind
1658 2724 1809 2773 genus
1825 2702 2159 2759 uarratffiuum
2176 2726 2366 2760 caueam
2386 2728 2541 2777 expo-

1513 2802 1657 2847 nere,
1682 2787 1817 2837 aliud
1842 2804 1960 2838 vero
1984 2805 2065 2837 eae
2094 2806 2173 2838 ree
2199 2805 2309 2856 qnae
2335 2792 2399 2839 ad
2425 2808 2541 2841 can-

1514 2882 1615 2915 aam
1636 2879 1860 2932 spectant
1875 2904 1891 2932 ,
1912 2880 1969 2917 ut
1990 2870 2045 2917 in
2060 2870 2153 2918 hnc
2168 2870 2274 2935 ipsa
2294 2872 2545 2921 ciceroni·

1516 2946 1771 3009 oratione,
1809 2962 1955 3011 qnam
1991 2948 2074 2997 ille
2121 2958 2294 2996 tentem
2333 2964 2394 2995 eo
2428 2950 2542 2998 loco

1516 3026 1651 3075 citat.

1590 3106 1638 3152 5.
1678 3104 1868 3151 Natura
1902 3104 2011 3168 ipsa
2040 3106 2178 3154 duce.
2214 3105 2297 3153 Sic
2330 3122 2539 3171 prover-

1516 3180 1653 3229 bium
1671 3197 1685 3231 x
1707 3203 1734 3224 .-
1750 3182 1951 3231 Natum
1966 3183 2189 3247 nequitur
2205 3184 2389 3238 nemina
2408 3186 2543 3251 quie·

1518 3274 1614 3325 qne
1636 3274 1736 3307 ena
1754 3279 1799 3305 ιι.

1592 3340 1643 3387 6.
1681 3338 1805 3386 Vitae
1826 3336 2203 3391 similitudinem.
2238 3342 2319 3391 Sic
2349 3346 2541 3395 Erneet.

1515 3428 1711 3467 auctore
1730 3421 2067 3467 Hottomauno
2081 3453 2098 3478 ,
2126 3435 2221 3484 pro
2240 3421 2412 3486 culpa,
2441 3424 2541 3473 Ne-

1516 3513 1613 3562 que
1626 3508 1810 3555 umen,
1828 3498 1897 3545 uit
1908 3497 2095 3547 Weisk.
2111 3510 2235 3547 vttoe
2251 3508 2349 3548 tum
2366 3518 2535 3551 verum

1515 3586 1640 3641 puto
1653 3608 1669 3633 ,
1693 3591 1837 3639 quam
1864 3577 2025 3641 culpa
2056 3576 2243 3627 fabum.
2272 3579 2385 3629 Alia
2410 3582 2541 3631 forte

1518 3670 1619 3702 vox
1638 3654 1773 3703 lutet.

1594 3750 1641 3795 7.
1682 3734 1845 3782 Multa
1868 3734 2017 3799 gessit
2028 3752 2049 3791 ‚·
2084 3736 2238 3783 multa
2271 3739 2543 3789 contraxit.

1520 3814 1699 3861 Get-ere
1715 3813 1777 3861 ad
1798 3828 1853 3861 ea
1874 3815 2071 3877 proprie
2090 3816 2283 3877 negotia
2303 3818 2538 3880 pertinet,

1524 3908 1633 3957 qua
1672 3907 1777 3939 non
1815 3890 2004 3948 verbis,
2052 3891 2139 3940 eed
2188 3908 2243 3941 re
2290 3899 2549 3955 οοιιεὶιηις

1524 3970 1807 4019 contrahere
1846 3982 2007 4019 autem
2044 3971 2107 4019 ad
2148 3987 2203 4020 ea
2242 3972 2374 4020 unde
2410 3974 2543 4023 ultro

1522 4052 1745 4115 citroque
1788 4048 2025 4113 obligatio
2068 4051 2309 4109 nancitur,
2356 4051 2546 4103 seilicet

1522 4142 1673 4193 quum
1690 4129 1752 4178 de
1774 4129 2019 4191 emptione
2042 4140 2091 4177 et
2108 4129 2353 4178 locatione
2366 4131 2546 4194 egitur.

2194 4216 2305 4284 28.
