2996 4694
473 349 616 434 414
1104 343 1204 410 Μ.
1253 343 1332 410 T.
1383 341 1977 412 mcERole

469 468 817 538 bai-orum
841 463 1515 558 sanctissimumque
1552 459 1919 560 direptum
1950 470 2081 530 est.
2108 461 2309 532 Τιιεΰι
2340 457 2611 530 scelera

469 579 570 648 dii
609 571 1050 648 immortales
1085 577 1162 644 in
1203 586 1493 643 nostros
1544 571 1807 670 milites
1848 566 2369 669 expiaverunt-²·
2410 595 2428 638 τ
2477 573 2607 666 qui

471 709 700 784 quum
737 707 888 754 uno
938 705 1202 779 genere
1253 679 1492 752 morbi
1532 679 2044 779 affligerentur,
2086 703 2331 778 neque
2367 704 2443 751 se
2490 703 2609 752 re·

470 819 712 869 creare
753 793 1137 891 quisquam
1187 807 1466 890 posset,
1516 794 1647 890 qui
1690 790 1913 864 semel
1960 789 2359 877 incidisset3
2394 787 2609 860 dubi·

473 904 670 978 tabat
723 926 982 988 nem0,
1040 902 1221 998 quin
1277 901 1519 973 violati
1574 902 1897 1000 hospites
1920 901 1975 991 4,
2032 897 2299 998 legati⁵
2357 901 2611 988 necati,

471 1017 706 1115 pacati
745 1028 964 1110 atque
997 1013 1174 1082 socii
1209 1010 1486 1085 nefario
1514 1011 1711 1084 bello
1750 1012 2087 1099 lacessiti,
2124 1009 2291 1083 fana
2329 1023 2609 1098 vexata,

476 1126 664 1198 hanc
701 1136 970 1196 tantam
1018 1119 1395 1196 efficerent
1437 1125 1862 1196 vastitatem.
1914 1123 2311 1220 Cognoscis
2340 1145 2431 1191 ex
2456 1143 2610 1218 par-

473 1236 690 1310 ticula
733 1255 950 1332 parva
1003 1231 1356 1304 scelerum
1403 1247 1476 1306 et
1528 1229 1963 1306 crudelitatis
2010 1247 2153 1304 tuae
2188 1255 2419 1328 genus
2454 1231 2614 1302 uni-

479 1369 792 1420 versum.

409 1541 412 1546 Ι
573 1452 772 1546 Quid
819 1451 1164 1538 avaritiae,
1220 1475 1394 1549 quae.
1418 1451 1843 1526 criminibus
1893 1451 2195 1526 infinitis
2250 1451 2615 1550 implicata

479 1580 624 1653 est,
671 1585 1026 1636 summam
1081 1585 1278 1632 nunc
1329 1561 1729 1660 explicem?
1774 1565 2191 1636 Generatim
2246 1587 2365 1650 ea,
2420 1585 2616 1658 quae,

483 1674 794 1746 maxime
841 1685 1014 1742 nota
1051 1685 1253 1758 sunt,
1294 1668 1551 1745 dicam.
1596 1676 1861 1746 Nonne
1906 1674 2313 1748 sestertium
2348 1673 2619 1744 centies

483 1797 559 1856 et
593 1781 948 1878 octogies,
999 1777 1232 1876 quod,
1274 1783 1482 1877 quasi
1538 1784 1788 1856 vasarii
1832 1783 2127 1856 nomine
2144 1779 2201 1870 ⁶,
2243 1786 2319 1854 in
2370 1780 2619 1853 vendi-

483 1896 681 1966 tione
729 1891 874 1964 mei
923 1891 1176 1988 capitis
1200 1903 1225 1948 7
1269 1889 1745 1992 adscripseras
1763 1948 1784 1980 ‚
1828 1919 1915 1965 ex
1950 1895 2202 1966 aerario
2240 1892 2375 1964 tibi
2416 1893 2619 1964 attri-

481 2005 782 2091 butum,
819 2006 1063 2073 Romae
1097 2003 1174 2073 in
1209 2018 1486 2099 quaestu
1516 2003 1921 2100 reliquisti?
1946 2007 2239 2092 Nonne,
2272 2027 2501 2102 quum
2532 2025 2619 2074 cc

483 2115 752 2192 talenta
794 2111 926 2184 tibi
975 2112 1448 2209 Apolloniatae
1495 2119 1738 2185 Romae
1796 2112 2165 2186 dedissent
2190 2170 2211 2202 ,
2268 2139 2359 2186 ne
2396 2095 2620 2212 pecu-

483 2233 638 2304 nias
655 2227 962 2303 creditas
989 2226 1384 2316 solverent,
1405 2215 1601 2302 ultro
1630 2227 2015 2319 Fufidium,
2042 2230 2362 2326 equitem
2384 2249 2623 2298 roma-

485 2366 690 2429 num,
709 2338 1082 2411 homiuem
1103 2339 1665 2428 ornatissimum,
1688 2337 2145 2424 creditorem,
2168 2335 2625 2411 debitoribus

488 2454 632 2524 suis
680 2443 1109 2521 addixisti⁸i>
1167 2450 1461 2536 Nonne,
1506 2447 1815 2521 hiberna
1864 2474 2095 2546 quum
2150 2449 2387 2546 legato
2449 2470 2625 2544 prae-

488 2561 826 2655 sectoque
843 2568 876 2615 9
915 2555 1357 2644 tradidisses,
1399 2560 1718 2631 evertisti
1764 2561 2055 2631 miseras
2098 2557 2425 2630 funditus
2460 2557 2624 2629 civi·

493 2799 574 2849 rii.
602 2793 846 2847 Servanda
878 2805 1038 2843 temen
1061 2802 1228 2841 nostre
1255 2805 1330 2842 est
1353 2792 1515 2843 lectio.

566 2894 617 2927 α.
658 2877 766 2925 Tua
799 2873 1002 2923 scelera.
1039 2873 1228 2924 Pestem
1255 2874 1308 2920 iu
1337 2872 1517 2921 milites

492 2968 688 3008 nostros
710 2955 948 3003 immisere
967 2950 1036 3000 dii
1051 2986 1068 3011 ,
1087 2966 1197 3015 que
1221 2960 1298 3000 tot
1315 2963 1366 2999 et
1382 2962 1515 3000 tants

1631 2860 1651 2867 -
1675 2796 1726 2845 6.
1751 2795 1946 2845 Vasatii
1956 2794 2169 2844 nomine.
2180 2795 2282 2844 Sub
2294 2792 2415 2843 ficto
2428 2794 2626 2843 nominc

1604 2874 1744 2924 istius
1777 2887 2059 2941 apparatus,
2096 2891 2197 2939 quo
2224 2874 2545 2941 proconsules
2578 2883 2629 2921 et

1604 2955 1836 3021 presides
1861 2956 1915 3003 in
1940 2955 2247 3020 provinciam
2274 2954 2393 3024 ituri
2417 2953 2627 3020 publicis

493 3037 670 3103 flsgitia
691 3052 718 3083 a
739 3045 787 3082 te
804 3031 1012 3082 admissa
1031 3029 1270 3095 expiaret.

565 3117 616 3167 3.
629 3116 818 3164 Emest.
829 3111 961 3177 conj.
973 3108 1321 3173 expetiverunt.
1337 3110 1370 3158 J
1373 3110 1452 3157 .V.
1462 3112 1517 3159 L.

567 3205 616 3253 4.
653 3189 838 3241 Violan‘
863 3190 1083 3255 hospites.
1111 3189 1278 3239 Verbo
1301 3188 1398 3237 hoc
1423 3189 1521 3238 uti-

499 3287 596 3333 tur,
623 3273 735 3337 quis
764 3288 841 3319 res
867 3268 1161 3318 sanctissima
1184 3268 1317 3333 apud
1335 3278 1521 3317 veteres

497 3354 676 3418 hospes
701 3362 834 3410 eran
868 3349 936 3397 its
966 3360 1022 3397 ut
1046 3349 1222 3397 Jovem
1247 3348 1523 3411 hospitibus

498 3430 757 3496 praesidere
775 3428 1138 3477 arbitrarentur.
1163 3427 1284 3475 Inde
1305 3426 1402 3474 hoc
1421 3428 1524 3475 Ho-

501 3510 612 3559 ratii
631 3523 644 3555 ε
667 3531 692 3551 α
713 3519 764 3556 et
780 3506 1044 3572 penetralis
1064 3507 1303 3569 Sparsisse
1323 3516 1522 3553 noctur-

499 3605 568 3640 no
586 3603 758 3638 cruore
777 3586 996 3650 Hospitis
1011 3606 1052 3631 a.

575 3668 623 3717 5.
651 3665 824 3731 Legati
846 3662 1021 3712 necati.
1044 3665 1249 3725 Legatos
1267 3672 1318 3709 et
1334 3678 1523 3725 praco-

501 3765 588 3798 nes
633 3745 757 3795 tanti
799 3742 1042 3791 faciebant
1083 3752 1270 3788 veteres
1284 3774 1299 3799 ,
1345 3753 1401 3789 ut
1441 3759 1528 3791 eos

504 3822 874 3893 quodammodo
909 3821 974 3869 sd
1004 3821 1205 3869 deorum
1228 3821 1527 3882 majestatem

500 3905 729 3955 accedere
751 3911 1003 3969 putarent,
1023 3899 1163 3965 quasi
1177 3914 1281 3947 nou
1296 3901 1448 3964 magis
1464 3901 1527 3949 sb

503 3983 785 4034 hominibus
815 3997 960 4047 quum
985 3978 1049 4029 ab
1079 3980 1188 4045 ipso
1213 3980 1342 4028 Jove
1367 3979 1527 4030 mitte-

507 4075 690 4113 rentur.

1605 3034 1879 3100 sumptibus
1896 3035 2223 3085 instruuntur.

1682 3132 1729 3177 7.
1754 3118 1817 3163 In
1834 3114 2120 3164 venditione
2141 3113 2238 3163 mei
2254 3113 2443 3180 capitiis.
2464 3114 2626 3177 Quum

1606 3196 1885 3258 pactionem
1908 3211 2005 3243 uus
2028 3210 2139 3243 cnm
2164 3193 2345 3243 Clodio
2368 3193 2551 3249 fecisti,
2572 3201 2628 3240 ut

1606 3273 1649 3319 si
1673 3283 1756 3321 tus
1782 3290 1893 3323 cum
1917 3273 2005 3321 illo
2032 3272 2237 3321 consilis
2255 3271 2320 3321 sd
2342 3287 2497 3321 meam
2518 3285 2627 3335 per-

1606 3351 1783 3401 niciem
1820 3353 2157 3415 conjunxisses
2170 3387 2185 3412 ,
2223 3363 2413 3401 tuntum
2444 3350 2537 3399 tibi
2568 3364 2631 3396 ex

1608 3432 1780 3481 aersrio
1830 3432 1883 3481 iu
1921 3444 2171 3498 sumptum
2209 3431 2452 3481 exa-citus
2494 3426 2631 3476 attri-

1610 3510 1830 3560 buerent.
2092 3548 2099 3553 .

1683 3593 1734 3639 8.
1758 3591 2029 3640 Addixisei.
2048 3590 2273 3641 Oratorie
2291 3623 2305 3648 ‚
2322 3604 2474 3653 quum
2492 3586 2631 3635 debi-

1612 3678 1741 3718 tores
1766 3669 1980 3718 damnati
2003 3668 2331 3719 creditoribus
2352 3667 2633 3717 addiceren-

1612 3760 1694 3797 tur
1714 3750 1830 3797 nexi
1846 3784 1863 3809 ,
1890 3750 2011 3799 dicit
2036 3761 2209 3799 contra
2236 3748 2525 3798 creditooem
2548 3747 2675 3805 ἂψ..

1612 3827 1855 3877 bitot-ibus
1887 3829 2135 3880 addictum
2150 3866 2167 3891 ,
2205 3830 2321 3893 quis
2358 3827 2535 3875 milites
2572 3825 2635 3873 sd

1612 3908 1716 3969 ejus
1736 3907 1937 3957 domum
1952 3944 1969 3969 ‚
1994 3909 2060 3957 sd
2076 3910 2279 3959 hiberna
2296 3908 2433 3955 missi
2448 3916 2586 3955 sunt.

1687 4003 1737 4050 9.
1762 3986 2111 4053 Proesectoque.
2136 3990 2299 4037 Graev.
2337 3986 2476 4034 addit
2499 3996 2584 4033 mo
2610 4000 2639 4032 e

1620 4066 1765 4114 codd.
1794 4067 1845 4117 J.
1862 4070 1927 4119 V.
1947 4070 2001 4116 L.
