<?xml version="1.0" encoding="UTF-8"?>
<!DOCTYPE html PUBLIC "-//W3C//DTD XHTML 1.0 Transitional//EN"
    "http://www.w3.org/TR/xhtml1/DTD/xhtml1-transitional.dtd">
<html xmlns="http://www.w3.org/1999/xhtml" xml:lang="en" lang="en">
 <head>
  <title>
</title>
<meta http-equiv="Content-Type" content="text/html;charset=utf-8" />
  <meta name='ocr-system' content='tesseract 3.04.00' />
  <meta name='ocr-capabilities' content='ocr_page ocr_carea ocr_par ocr_line ocrx_word'/>
</head>
<body>
  <div class='ocr_page' id='page_1' title='image "./mtciceronisquae08lemagoog/mtciceronisquae08lemagoog_0391.png"; bbox 0 0 2996 4694; ppageno 0'>
   <div class='ocr_carea' id='block_1_1' title="bbox 0 3 595 5">
    <p class='ocr_par' dir='ltr' id='par_1_1' title="bbox 0 3 595 5">
     <span class='ocr_line' id='line_1_1' title="bbox 0 3 595 5; baseline 0 0"><span class='ocrx_word' id='word_1_1' title='bbox 0 3 595 5; x_wconf 95' lang='lat' dir='ltr'><strong> </strong></span> 
     </span>
    </p>
   </div>
   <div class='ocr_carea' id='block_1_2' title="bbox 779 375 2130 446">
    <p class='ocr_par' dir='ltr' id='par_1_2' title="bbox 779 375 2130 446">
     <span class='ocr_line' id='line_1_2' title="bbox 779 375 2130 446; baseline 0 0"><span class='ocrx_word' id='word_1_2' title='bbox 779 377 1174 446; x_wconf 84' lang='lat' dir='ltr'><strong>ORATIO</strong></span> <span class='ocrx_word' id='word_1_3' title='bbox 1222 375 1338 446; x_wconf 92' lang='lat' dir='ltr'><strong>IN</strong></span> <span class='ocrx_word' id='word_1_4' title='bbox 1389 379 1466 446; x_wconf 91' lang='lat' dir='ltr'><strong>L.</strong></span> <span class='ocrx_word' id='word_1_5' title='bbox 1514 379 1595 446; x_wconf 91' lang='lat' dir='ltr'><strong>C.</strong></span> <span class='ocrx_word' id='word_1_6' title='bbox 1647 378 2130 446; x_wconf 89' lang='lat' dir='ltr'><strong>PISONEM.</strong></span> 
     </span>
    </p>
   </div>
   <div class='ocr_carea' id='block_1_3' title="bbox 381 497 2605 3361">
    <p class='ocr_par' dir='ltr' id='par_1_3' title="bbox 385 497 2521 1366">
     <span class='ocr_line' id='line_1_3' title="bbox 390 497 2513 586; baseline 0.003 -17"><span class='ocrx_word' id='word_1_7' title='bbox 390 500 740 586; x_wconf 79' lang='lat' dir='ltr'><strong>recitatae3</strong></span> <span class='ocrx_word' id='word_1_8' title='bbox 789 499 1094 570; x_wconf 86' lang='lat' dir='ltr'><strong>relatum</strong></span> <span class='ocrx_word' id='word_1_9' title='bbox 1137 497 1228 568; x_wconf 93' lang='lat' dir='ltr'><strong>ad</strong></span> <span class='ocrx_word' id='word_1_10' title='bbox 1272 513 1625 570; x_wconf 86' lang='lat' dir='ltr'><strong>senatum.</strong></span> <span class='ocrx_word' id='word_1_11' title='bbox 1678 499 1795 567; x_wconf 85' lang='lat' dir='ltr'><strong>Dii</strong></span> <span class='ocrx_word' id='word_1_12' title='bbox 1831 498 2301 572; x_wconf 86' lang='lat' dir='ltr'><strong>immortales!</strong></span> <span class='ocrx_word' id='word_1_13' title='bbox 2340 503 2513 576; x_wconf 89' lang='lat' dir='ltr'><strong>idne</strong></span> 
     </span>
     <span class='ocr_line' id='line_1_4' title="bbox 390 611 2517 706; baseline 0.002 -26"><span class='ocrx_word' id='word_1_14' title='bbox 390 634 524 706; x_wconf 88' lang='lat' dir='ltr'><strong>ego</strong></span> <span class='ocrx_word' id='word_1_15' title='bbox 551 624 879 706; x_wconf 86' lang='lat' dir='ltr'><strong>optarem</strong></span> <span class='ocrx_word' id='word_1_16' title='bbox 903 619 990 696; x_wconf 85' lang='lat'><strong>¹⁰,</strong></span> <span class='ocrx_word' id='word_1_17' title='bbox 1027 625 1112 680; x_wconf 89' lang='lat' dir='ltr'><strong>ut</strong></span> <span class='ocrx_word' id='word_1_18' title='bbox 1145 611 1478 681; x_wconf 89' lang='lat' dir='ltr'><strong>inimicus</strong></span> <span class='ocrx_word' id='word_1_19' title='bbox 1502 631 1743 694; x_wconf 76' lang='lat' dir='ltr'><strong>meUS,</strong></span> <span class='ocrx_word' id='word_1_20' title='bbox 1772 632 1889 696; x_wconf 90' lang='lat' dir='ltr'><strong>ea,</strong></span> <span class='ocrx_word' id='word_1_21' title='bbox 1924 632 2069 704; x_wconf 90' lang='lat' dir='ltr'><strong>qua</strong></span> <span class='ocrx_word' id='word_1_22' title='bbox 2100 633 2318 684; x_wconf 88' lang='lat' dir='ltr'><strong>nemo</strong></span> <span class='ocrx_word' id='word_1_23' title='bbox 2352 639 2517 685; x_wconf 85' lang='lat' dir='ltr'><strong>um-</strong></span> 
     </span>
     <span class='ocr_line' id='line_1_5' title="bbox 390 719 2517 818; baseline 0.005 -31"><span class='ocrx_word' id='word_1_24' title='bbox 390 743 640 814; x_wconf 85' lang='lat' dir='ltr'><strong>quam,</strong></span> <span class='ocrx_word' id='word_1_25' title='bbox 659 719 1054 814; x_wconf 83' lang='lat' dir='ltr'>ignominia</span> <span class='ocrx_word' id='word_1_26' title='bbox 1081 722 1490 792; x_wconf 84' lang='lat' dir='ltr'><strong>notaretur?</strong></span> <span class='ocrx_word' id='word_1_27' title='bbox 1526 732 1611 789; x_wconf 90' lang='lat' dir='ltr'><strong>ut</strong></span> <span class='ocrx_word' id='word_1_28' title='bbox 1646 730 1935 789; x_wconf 79' lang='lat' dir='ltr'><strong>senatus</strong></span> <span class='ocrx_word' id='word_1_29' title='bbox 1973 719 2071 806; x_wconf 90' lang='lat' dir='ltr'><strong>is,</strong></span> <span class='ocrx_word' id='word_1_30' title='bbox 2100 723 2328 818; x_wconf 88' lang='lat' dir='ltr'><strong>quiin</strong></span> <span class='ocrx_word' id='word_1_31' title='bbox 2356 719 2517 796; x_wconf 78' lang='lat' dir='ltr'><strong>eam</strong></span> 
     </span>
     <span class='ocr_line' id='line_1_6' title="bbox 385 826 2517 932; baseline 0.004 -35"><span class='ocrx_word' id='word_1_32' title='bbox 385 828 530 922; x_wconf 88' lang='lat' dir='ltr'><strong>jam</strong></span> <span class='ocrx_word' id='word_1_33' title='bbox 574 826 1037 924; x_wconf 81' lang='lat' dir='ltr'><strong>benignitatis</strong></span> <span class='ocrx_word' id='word_1_34' title='bbox 1085 830 1691 904; x_wconf 90' lang='lat' dir='ltr'><strong>consuetudinem</strong></span> <span class='ocrx_word' id='word_1_35' title='bbox 1736 829 1935 899; x_wconf 81' lang='lat' dir='ltr'><strong>venit</strong></span> <span class='ocrx_word' id='word_1_36' title='bbox 1962 881 1983 916; x_wconf 90' lang='lat'><strong>,</strong></span> <span class='ocrx_word' id='word_1_37' title='bbox 2032 846 2115 900; x_wconf 90' lang='lat' dir='ltr'><strong>ut</strong></span> <span class='ocrx_word' id='word_1_38' title='bbox 2178 845 2348 922; x_wconf 78' lang='lat' dir='ltr'><strong>eOS,</strong></span> <span class='ocrx_word' id='word_1_39' title='bbox 2384 838 2517 932; x_wconf 88' lang='lat' dir='ltr'><strong>qui</strong></span> 
     </span>
     <span class='ocr_line' id='line_1_7' title="bbox 388 936 2519 1036; baseline 0.003 -28"><span class='ocrx_word' id='word_1_40' title='bbox 388 936 580 1008; x_wconf 89' lang='lat' dir='ltr'><strong>bene</strong></span> <span class='ocrx_word' id='word_1_41' title='bbox 637 938 1160 1036; x_wconf 85' lang='lat' dir='ltr'><strong>rempublicam</strong></span> <span class='ocrx_word' id='word_1_42' title='bbox 1212 941 1600 1034; x_wconf 83' lang='lat' dir='ltr'><strong>gesserint,</strong></span> <span class='ocrx_word' id='word_1_43' title='bbox 1642 939 1849 1008; x_wconf 87' lang='lat' dir='ltr'><strong>novis</strong></span> <span class='ocrx_word' id='word_1_44' title='bbox 1910 936 2313 1014; x_wconf 85' lang='lat' dir='ltr'><strong>honoribus</strong></span> <span class='ocrx_word' id='word_1_45' title='bbox 2361 942 2519 1014; x_wconf 86' lang='lat' dir='ltr'><strong>affi-</strong></span> 
     </span>
     <span class='ocr_line' id='line_1_8' title="bbox 390 1047 2519 1148; baseline 0.004 -30"><span class='ocrx_word' id='word_1_46' title='bbox 390 1050 564 1134; x_wconf 87' lang='lat' dir='ltr'><strong>ciat,</strong></span> <span class='ocrx_word' id='word_1_47' title='bbox 595 1061 668 1118; x_wconf 89' lang='lat' dir='ltr'><strong>et</strong></span> <span class='ocrx_word' id='word_1_48' title='bbox 693 1073 998 1119; x_wconf 88' lang='lat' dir='ltr'><strong>numero</strong></span> <span class='ocrx_word' id='word_1_49' title='bbox 1025 1049 1308 1120; x_wconf 88' lang='lat' dir='ltr'><strong>dierum</strong></span> <span class='ocrx_word' id='word_1_50' title='bbox 1333 1058 1354 1090; x_wconf 85' lang='lat'><em>¹</em></span> <span class='ocrx_word' id='word_1_51' title='bbox 1371 1059 1418 1135; x_wconf 86' lang='lat'><strong>¹,</strong></span> <span class='ocrx_word' id='word_1_52' title='bbox 1447 1064 1521 1118; x_wconf 90' lang='lat' dir='ltr'><strong>et</strong></span> <span class='ocrx_word' id='word_1_53' title='bbox 1546 1071 1811 1144; x_wconf 83' lang='lat' dir='ltr'><strong>genere</strong></span> <span class='ocrx_word' id='word_1_54' title='bbox 1838 1047 2265 1138; x_wconf 74' lang='lat' dir='ltr'><strong>verborum3</strong></span> <span class='ocrx_word' id='word_1_55' title='bbox 2301 1052 2519 1148; x_wconf 88' lang='lat' dir='ltr'><strong>hujus</strong></span> 
     </span>
     <span class='ocr_line' id='line_1_9' title="bbox 390 1155 2521 1258; baseline 0.004 -33"><span class='ocrx_word' id='word_1_56' title='bbox 390 1158 606 1226; x_wconf 89' lang='lat' dir='ltr'><strong>unius</strong></span> <span class='ocrx_word' id='word_1_57' title='bbox 653 1157 874 1228; x_wconf 84' lang='lat' dir='ltr'><strong>literis</strong></span> <span class='ocrx_word' id='word_1_58' title='bbox 915 1155 1416 1228; x_wconf 79' lang='lat' dir='ltr'><strong>nuntiantibus</strong></span> <span class='ocrx_word' id='word_1_59' title='bbox 1440 1169 1500 1200; x_wconf 75' lang='lat'><strong>¹²</strong></span> <span class='ocrx_word' id='word_1_60' title='bbox 1540 1181 1691 1228; x_wconf 91' lang='lat' dir='ltr'><strong>non</strong></span> <span class='ocrx_word' id='word_1_61' title='bbox 1746 1155 2119 1229; x_wconf 81' lang='lat' dir='ltr'><strong>crederet?</strong></span> <span class='ocrx_word' id='word_1_62' title='bbox 2152 1163 2521 1258; x_wconf 88' lang='lat' dir='ltr'><strong>postulan-</strong></span> 
     </span>
     <span class='ocr_line' id='line_1_10' title="bbox 391 1266 1050 1366; baseline 0 -28"><span class='ocrx_word' id='word_1_63' title='bbox 391 1266 586 1338; x_wconf 85' lang='lat' dir='ltr'><strong>tibus</strong></span> <span class='ocrx_word' id='word_1_64' title='bbox 619 1266 1050 1366; x_wconf 83' lang='lat' dir='ltr'><strong>denegaret?</strong></span> 
     </span>
    </p>

    <p class='ocr_par' dir='ltr' id='par_1_4' title="bbox 381 1377 2605 3361">
     <span class='ocr_line' id='line_1_11' title="bbox 488 1377 2519 1480; baseline 0.002 -30"><span class='ocrx_word' id='word_1_65' title='bbox 488 1384 640 1450; x_wconf 91' lang='lat' dir='ltr'><strong>XX.</strong></span> <span class='ocrx_word' id='word_1_66' title='bbox 692 1383 820 1449; x_wconf 85' lang='lat' dir='ltr'><strong>His</strong></span> <span class='ocrx_word' id='word_1_67' title='bbox 856 1403 988 1476; x_wconf 89' lang='lat' dir='ltr'><strong>ego</strong></span> <span class='ocrx_word' id='word_1_68' title='bbox 1031 1378 1252 1450; x_wconf 88' lang='lat' dir='ltr'><strong>rebus</strong></span> <span class='ocrx_word' id='word_1_69' title='bbox 1301 1401 1558 1476; x_wconf 89' lang='lat' dir='ltr'><strong>pascor</strong></span> <span class='ocrx_word' id='word_1_70' title='bbox 1576 1387 1634 1464; x_wconf 85' lang='lat'><strong>¹,</strong></span> <span class='ocrx_word' id='word_1_71' title='bbox 1665 1377 1778 1447; x_wconf 90' lang='lat' dir='ltr'><strong>his</strong></span> <span class='ocrx_word' id='word_1_72' title='bbox 1824 1377 2167 1468; x_wconf 84' lang='lat' dir='ltr'><strong>delector,</strong></span> <span class='ocrx_word' id='word_1_73' title='bbox 2205 1381 2316 1451; x_wconf 89' lang='lat' dir='ltr'><strong>his</strong></span> <span class='ocrx_word' id='word_1_74' title='bbox 2358 1407 2519 1480; x_wconf 59' lang='lat' dir='ltr'><strong>per*</strong></span> 
     </span>
     <span class='ocr_line' id='line_1_12' title="bbox 387 1487 2520 1586; baseline 0.003 -26"><span class='ocrx_word' id='word_1_75' title='bbox 387 1488 592 1560; x_wconf 87' lang='lat' dir='ltr'><strong>fruor</strong></span> <span class='ocrx_word' id='word_1_76' title='bbox 626 1515 644 1558; x_wconf 91' lang='lat'><strong>:</strong></span> <span class='ocrx_word' id='word_1_77' title='bbox 697 1488 898 1586; x_wconf 89' lang='lat' dir='ltr'><strong>quod</strong></span> <span class='ocrx_word' id='word_1_78' title='bbox 951 1489 1040 1560; x_wconf 86' lang='lat' dir='ltr'><strong>de</strong></span> <span class='ocrx_word' id='word_1_79' title='bbox 1085 1487 1290 1559; x_wconf 85' lang='lat' dir='ltr'><strong>vobis</strong></span> <span class='ocrx_word' id='word_1_80' title='bbox 1325 1488 1446 1559; x_wconf 77' lang='lat' dir='ltr'><strong>hic</strong></span> <span class='ocrx_word' id='word_1_81' title='bbox 1489 1487 1673 1558; x_wconf 88' lang='lat' dir='ltr'><strong>ordo</strong></span> <span class='ocrx_word' id='word_1_82' title='bbox 1716 1488 2057 1585; x_wconf 87' lang='lat' dir='ltr'><strong>opinatur</strong></span> <span class='ocrx_word' id='word_1_83' title='bbox 2106 1515 2255 1562; x_wconf 89' lang='lat' dir='ltr'><strong>non</strong></span> <span class='ocrx_word' id='word_1_84' title='bbox 2314 1507 2520 1566; x_wconf 84' lang='lat' dir='ltr'><strong>secus</strong></span> 
     </span>
     <span class='ocr_line' id='line_1_13' title="bbox 385 1596 2521 1695; baseline 0.002 -25"><span class='ocrx_word' id='word_1_85' title='bbox 385 1623 470 1670; x_wconf 85' lang='lat' dir='ltr'><strong>ac</strong></span> <span class='ocrx_word' id='word_1_86' title='bbox 507 1598 598 1669; x_wconf 91' lang='lat' dir='ltr'><strong>de</strong></span> <span class='ocrx_word' id='word_1_87' title='bbox 639 1600 1024 1672; x_wconf 88' lang='lat' dir='ltr'><strong>teterrimis</strong></span> <span class='ocrx_word' id='word_1_88' title='bbox 1060 1596 1431 1686; x_wconf 87' lang='lat' dir='ltr'><strong>hostibus;</strong></span> <span class='ocrx_word' id='word_1_89' title='bbox 1475 1596 1678 1694; x_wconf 91' lang='lat' dir='ltr'><strong>quod</strong></span> <span class='ocrx_word' id='word_1_90' title='bbox 1716 1621 1843 1668; x_wconf 88' lang='lat' dir='ltr'><strong>vos</strong></span> <span class='ocrx_word' id='word_1_91' title='bbox 1884 1599 2165 1695; x_wconf 87' lang='lat' dir='ltr'><strong>equites</strong></span> <span class='ocrx_word' id='word_1_92' title='bbox 2202 1609 2521 1691; x_wconf 89' lang='lat' dir='ltr'><strong>romani,</strong></span> 
     </span>
     <span class='ocr_line' id='line_1_14' title="bbox 386 1707 2521 1810; baseline 0.003 -31"><span class='ocrx_word' id='word_1_93' title='bbox 386 1709 588 1806; x_wconf 90' lang='lat' dir='ltr'><strong>quod</strong></span> <span class='ocrx_word' id='word_1_94' title='bbox 628 1710 850 1780; x_wconf 87' lang='lat' dir='ltr'><strong>ceteri</strong></span> <span class='ocrx_word' id='word_1_95' title='bbox 886 1707 1174 1781; x_wconf 87' lang='lat' dir='ltr'><strong>ordines</strong></span> <span class='ocrx_word' id='word_1_96' title='bbox 1192 1763 1212 1796; x_wconf 91' lang='lat'>‚</span> <span class='ocrx_word' id='word_1_97' title='bbox 1249 1707 1453 1805; x_wconf 90' lang='lat' dir='ltr'><strong>quod</strong></span> <span class='ocrx_word' id='word_1_98' title='bbox 1489 1722 1751 1778; x_wconf 86' lang='lat' dir='ltr'><strong>cuncta</strong></span> <span class='ocrx_word' id='word_1_99' title='bbox 1784 1709 2027 1781; x_wconf 84' lang='lat' dir='ltr'><strong>civitas</strong></span> <span class='ocrx_word' id='word_1_100' title='bbox 2062 1711 2261 1802; x_wconf 87' lang='lat' dir='ltr'><strong>odit;</strong></span> <span class='ocrx_word' id='word_1_101' title='bbox 2318 1715 2521 1810; x_wconf 89' lang='lat' dir='ltr'><strong>quod</strong></span> 
     </span>
     <span class='ocr_line' id='line_1_15' title="bbox 386 1820 2519 1920; baseline 0.004 -26"><span class='ocrx_word' id='word_1_102' title='bbox 386 1845 606 1894; x_wconf 87' lang='lat' dir='ltr'><strong>nemo</strong></span> <span class='ocrx_word' id='word_1_103' title='bbox 653 1822 929 1912; x_wconf 77' lang='lat' dir='ltr'><strong>bonuS,</strong></span> <span class='ocrx_word' id='word_1_104' title='bbox 965 1847 1183 1894; x_wconf 89' lang='lat' dir='ltr'><strong>nemo</strong></span> <span class='ocrx_word' id='word_1_105' title='bbox 1237 1820 1553 1918; x_wconf 86' lang='lat' dir='ltr'><strong>denique</strong></span> <span class='ocrx_word' id='word_1_106' title='bbox 1590 1823 1766 1892; x_wconf 78' lang='lat' dir='ltr'><strong>civis</strong></span> <span class='ocrx_word' id='word_1_107' title='bbox 1815 1837 1957 1910; x_wconf 88' lang='lat' dir='ltr'><strong>est,</strong></span> <span class='ocrx_word' id='word_1_108' title='bbox 1996 1826 2125 1920; x_wconf 89' lang='lat' dir='ltr'><strong>qui</strong></span> <span class='ocrx_word' id='word_1_109' title='bbox 2177 1827 2399 1900; x_wconf 89' lang='lat' dir='ltr'><strong>modo</strong></span> <span class='ocrx_word' id='word_1_110' title='bbox 2440 1855 2519 1902; x_wconf 83' lang='lat' dir='ltr'><strong>se</strong></span> 
     </span>
     <span class='ocr_line' id='line_1_16' title="bbox 385 1929 2519 2037; baseline 0.003 -27"><span class='ocrx_word' id='word_1_111' title='bbox 385 1941 612 2010; x_wconf 81' lang='lat' dir='ltr'><strong>civem</strong></span> <span class='ocrx_word' id='word_1_112' title='bbox 646 1961 798 2010; x_wconf 87' lang='lat' dir='ltr'><strong>esse</strong></span> <span class='ocrx_word' id='word_1_113' title='bbox 830 1929 1280 2026; x_wconf 80' lang='lat' dir='ltr'><strong>meminerit,</strong></span> <span class='ocrx_word' id='word_1_114' title='bbox 1316 1939 1442 2034; x_wconf 90' lang='lat' dir='ltr'><strong>qui</strong></span> <span class='ocrx_word' id='word_1_115' title='bbox 1477 1961 1609 2008; x_wconf 82' lang='lat' dir='ltr'><strong>vos</strong></span> <span class='ocrx_word' id='word_1_116' title='bbox 1641 1962 1794 2008; x_wconf 89' lang='lat' dir='ltr'><strong>non</strong></span> <span class='ocrx_word' id='word_1_117' title='bbox 1826 1940 2059 2010; x_wconf 89' lang='lat' dir='ltr'><strong>oculis</strong></span> <span class='ocrx_word' id='word_1_118' title='bbox 2092 1939 2353 2037; x_wconf 89' lang='lat' dir='ltr'><strong>fugiat,</strong></span> <span class='ocrx_word' id='word_1_119' title='bbox 2394 1970 2519 2017; x_wconf 86' lang='lat' dir='ltr'><strong>au-</strong></span> 
     </span>
     <span class='ocr_line' id='line_1_17' title="bbox 387 2046 2517 2147; baseline 0.004 -30"><span class='ocrx_word' id='word_1_120' title='bbox 387 2047 588 2118; x_wconf 88' lang='lat' dir='ltr'><strong>ribus</strong></span> <span class='ocrx_word' id='word_1_121' title='bbox 607 2064 938 2147; x_wconf 88' lang='lat' dir='ltr'><strong>respuat,</strong></span> <span class='ocrx_word' id='word_1_122' title='bbox 969 2051 1214 2119; x_wconf 88' lang='lat' dir='ltr'><strong>animo</strong></span> <span class='ocrx_word' id='word_1_123' title='bbox 1241 2057 1669 2144; x_wconf 79' lang='lat' dir='ltr'><strong>aspernetur</strong></span> <span class='ocrx_word' id='word_1_124' title='bbox 1685 2057 1741 2133; x_wconf 82' lang='lat'><strong>²,</strong></span> <span class='ocrx_word' id='word_1_125' title='bbox 1778 2046 2279 2122; x_wconf 85' lang='lat' dir='ltr'><strong>recordatione</strong></span> <span class='ocrx_word' id='word_1_126' title='bbox 2314 2053 2517 2126; x_wconf 88' lang='lat' dir='ltr'><strong>deni-</strong></span> 
     </span>
     <span class='ocr_line' id='line_1_18' title="bbox 387 2156 2524 2258; baseline 0.003 -28"><span class='ocrx_word' id='word_1_127' title='bbox 387 2184 534 2256; x_wconf 89' lang='lat' dir='ltr'><strong>que</strong></span> <span class='ocrx_word' id='word_1_128' title='bbox 565 2161 718 2258; x_wconf 88' lang='lat' dir='ltr'><strong>ipsa</strong></span> <span class='ocrx_word' id='word_1_129' title='bbox 745 2160 1160 2232; x_wconf 88' lang='lat' dir='ltr'><strong>consulatus</strong></span> <span class='ocrx_word' id='word_1_130' title='bbox 1188 2160 1402 2230; x_wconf 86' lang='lat' dir='ltr'><strong>vestri</strong></span> <span class='ocrx_word' id='word_1_131' title='bbox 1436 2156 1955 2255; x_wconf 83' lang='lat' dir='ltr'><strong>perhorrescat.</strong></span> <span class='ocrx_word' id='word_1_132' title='bbox 1984 2163 2147 2230; x_wconf 78' lang='lat' dir='ltr'><strong>Haec</strong></span> <span class='ocrx_word' id='word_1_133' title='bbox 2178 2183 2313 2257; x_wconf 88' lang='lat' dir='ltr'><strong>ego</strong></span> <span class='ocrx_word' id='word_1_134' title='bbox 2340 2189 2524 2235; x_wconf 86' lang='lat' dir='ltr'><strong>sem-</strong></span> 
     </span>
     <span class='ocr_line' id='line_1_19' title="bbox 384 2266 2513 2368; baseline 0.003 -28"><span class='ocrx_word' id='word_1_135' title='bbox 384 2293 518 2367; x_wconf 88' lang='lat' dir='ltr'><strong>per</strong></span> <span class='ocrx_word' id='word_1_136' title='bbox 544 2269 636 2341; x_wconf 93' lang='lat' dir='ltr'><strong>de</strong></span> <span class='ocrx_word' id='word_1_137' title='bbox 671 2269 878 2342; x_wconf 89' lang='lat' dir='ltr'><strong>vobis</strong></span> <span class='ocrx_word' id='word_1_138' title='bbox 905 2271 1252 2368; x_wconf 86' lang='lat' dir='ltr'><strong>expetivi,</strong></span> <span class='ocrx_word' id='word_1_139' title='bbox 1290 2268 1444 2338; x_wconf 79' lang='lat' dir='ltr'><strong>haec</strong></span> <span class='ocrx_word' id='word_1_140' title='bbox 1475 2269 1749 2366; x_wconf 81' lang='lat' dir='ltr'><strong>optavi,</strong></span> <span class='ocrx_word' id='word_1_141' title='bbox 1784 2266 1937 2339; x_wconf 87' lang='lat' dir='ltr'><strong>haec</strong></span> <span class='ocrx_word' id='word_1_142' title='bbox 1964 2286 2295 2366; x_wconf 88' lang='lat' dir='ltr'><strong>precatus</strong></span> <span class='ocrx_word' id='word_1_143' title='bbox 2328 2299 2513 2346; x_wconf 85' lang='lat' dir='ltr'><strong>sum.</strong></span> 
     </span>
     <span class='ocr_line' id='line_1_20' title="bbox 381 2374 2516 2476; baseline 0.004 -27"><span class='ocrx_word' id='word_1_144' title='bbox 381 2380 591 2451; x_wconf 86' lang='lat' dir='ltr'><strong>Plura</strong></span> <span class='ocrx_word' id='word_1_145' title='bbox 615 2382 830 2452; x_wconf 85' lang='lat' dir='ltr'><strong>etiam</strong></span> <span class='ocrx_word' id='word_1_146' title='bbox 855 2380 1307 2467; x_wconf 87' lang='lat' dir='ltr'><strong>acciderunt,</strong></span> <span class='ocrx_word' id='word_1_147' title='bbox 1333 2402 1555 2476; x_wconf 87' lang='lat' dir='ltr'><strong>quam</strong></span> <span class='ocrx_word' id='word_1_148' title='bbox 1582 2375 1877 2448; x_wconf 85' lang='lat' dir='ltr'><strong>vellem:</strong></span> <span class='ocrx_word' id='word_1_149' title='bbox 1904 2397 2195 2468; x_wconf 85' lang='lat' dir='ltr'><strong>nam‚ut</strong></span> <span class='ocrx_word' id='word_1_150' title='bbox 2227 2374 2516 2459; x_wconf 85' lang='lat' dir='ltr'><strong>amitte-</strong></span> 
     </span>
     <span class='ocr_line' id='line_1_21' title="bbox 382 2486 2518 2589; baseline 0.005 -28"><span class='ocrx_word' id='word_1_151' title='bbox 382 2492 556 2561; x_wconf 90' lang='lat' dir='ltr'><strong>retis</strong></span> <span class='ocrx_word' id='word_1_152' title='bbox 607 2495 1000 2562; x_wconf 85' lang='lat' dir='ltr'><strong>exercitum</strong></span> <span class='ocrx_word' id='word_1_153' title='bbox 1023 2546 1043 2576; x_wconf 95' lang='lat'><strong>,</strong></span> <span class='ocrx_word' id='word_1_154' title='bbox 1089 2514 1492 2586; x_wconf 85' lang='lat' dir='ltr'><strong>numquam</strong></span> <span class='ocrx_word' id='word_1_155' title='bbox 1548 2486 1959 2560; x_wconf 89' lang='lat' dir='ltr'><strong>mehercule</strong></span> <span class='ocrx_word' id='word_1_156' title='bbox 2008 2495 2271 2589; x_wconf 87' lang='lat' dir='ltr'><strong>optavi.</strong></span> <span class='ocrx_word' id='word_1_157' title='bbox 2326 2497 2518 2571; x_wconf 91' lang='lat' dir='ltr'><strong>Illud</strong></span> 
     </span>
     <span class='ocr_line' id='line_1_22' title="bbox 385 2598 2517 2699; baseline 0.003 -28"><span class='ocrx_word' id='word_1_158' title='bbox 385 2602 602 2671; x_wconf 90' lang='lat' dir='ltr'><strong>etiam</strong></span> <span class='ocrx_word' id='word_1_159' title='bbox 638 2600 893 2674; x_wconf 87' lang='lat' dir='ltr'><strong>accidit</strong></span> <span class='ocrx_word' id='word_1_160' title='bbox 926 2614 1184 2699; x_wconf 82' lang='lat' dir='ltr'><strong>praeter</strong></span> <span class='ocrx_word' id='word_1_161' title='bbox 1216 2614 1545 2697; x_wconf 87' lang='lat' dir='ltr'><strong>optatum</strong></span> <span class='ocrx_word' id='word_1_162' title='bbox 1582 2620 1858 2685; x_wconf 81' lang='lat' dir='ltr'><strong>meum3</strong></span> <span class='ocrx_word' id='word_1_163' title='bbox 1893 2598 2014 2668; x_wconf 91' lang='lat' dir='ltr'><strong>sed</strong></span> <span class='ocrx_word' id='word_1_164' title='bbox 2037 2602 2245 2675; x_wconf 86' lang='lat' dir='ltr'><strong>valde</strong></span> <span class='ocrx_word' id='word_1_165' title='bbox 2279 2630 2367 2676; x_wconf 79' lang='lat' dir='ltr'><strong>ex</strong></span> <span class='ocrx_word' id='word_1_166' title='bbox 2400 2632 2517 2678; x_wconf 88' lang='lat' dir='ltr'><strong>vo-</strong></span> 
     </span>
     <span class='ocr_line' id='line_1_23' title="bbox 385 2709 2517 2799; baseline 0.004 -19"><span class='ocrx_word' id='word_1_167' title='bbox 385 2710 685 2783; x_wconf 90' lang='lat' dir='ltr'><strong>luntate.</strong></span> <span class='ocrx_word' id='word_1_168' title='bbox 729 2712 911 2782; x_wconf 89' lang='lat' dir='ltr'><strong>Mihi</strong></span> <span class='ocrx_word' id='word_1_169' title='bbox 945 2714 1140 2783; x_wconf 90' lang='lat' dir='ltr'><strong>enim</strong></span> <span class='ocrx_word' id='word_1_170' title='bbox 1177 2734 1330 2781; x_wconf 89' lang='lat' dir='ltr'><strong>non</strong></span> <span class='ocrx_word' id='word_1_171' title='bbox 1365 2720 1659 2778; x_wconf 89' lang='lat' dir='ltr'><strong>venerat</strong></span> <span class='ocrx_word' id='word_1_172' title='bbox 1696 2709 1775 2777; x_wconf 89' lang='lat' dir='ltr'><strong>in</strong></span> <span class='ocrx_word' id='word_1_173' title='bbox 1808 2725 2157 2799; x_wconf 85' lang='lat' dir='ltr'><strong>mentem,</strong></span> <span class='ocrx_word' id='word_1_174' title='bbox 2192 2711 2517 2789; x_wconf 84' lang='lat' dir='ltr'><strong>furorem</strong></span> 
     </span>
     <span class='ocr_line' id='line_1_24' title="bbox 388 2818 2571 2923; baseline 0.004 -32"><span class='ocrx_word' id='word_1_175' title='bbox 388 2836 462 2892; x_wconf 89' lang='lat' dir='ltr'><strong>et</strong></span> <span class='ocrx_word' id='word_1_176' title='bbox 495 2823 838 2892; x_wconf 88' lang='lat' dir='ltr'><strong>insaniam</strong></span> <span class='ocrx_word' id='word_1_177' title='bbox 893 2837 1148 2919; x_wconf 90' lang='lat' dir='ltr'><strong>optare</strong></span> <span class='ocrx_word' id='word_1_178' title='bbox 1195 2818 1444 2905; x_wconf 86' lang='lat' dir='ltr'><strong>vobis,</strong></span> <span class='ocrx_word' id='word_1_179' title='bbox 1491 2819 1569 2887; x_wconf 89' lang='lat' dir='ltr'><strong>in</strong></span> <span class='ocrx_word' id='word_1_180' title='bbox 1608 2842 1827 2915; x_wconf 90' lang='lat' dir='ltr'><strong>quam</strong></span> <span class='ocrx_word' id='word_1_181' title='bbox 1878 2819 2246 2892; x_wconf 88' lang='lat' dir='ltr'><strong>incidistis.</strong></span> <span class='ocrx_word' id='word_1_182' title='bbox 2292 2829 2515 2923; x_wconf 90' lang='lat' dir='ltr'><strong>Atqui</strong></span> <span class='ocrx_word' id='word_1_183' title='bbox 2562 2860 2571 2869; x_wconf 93' lang='lat'><strong>·</strong></span> 
     </span>
     <span class='ocr_line' id='line_1_25' title="bbox 385 2925 2519 3030; baseline 0.001 -29"><span class='ocrx_word' id='word_1_184' title='bbox 385 2930 524 3002; x_wconf 89' lang='lat' dir='ltr'><strong>fuit</strong></span> <span class='ocrx_word' id='word_1_185' title='bbox 555 2930 980 3030; x_wconf 88' lang='lat' dir='ltr'><strong>optandum.</strong></span> <span class='ocrx_word' id='word_1_186' title='bbox 1025 2936 1142 3002; x_wconf 91' lang='lat' dir='ltr'><strong>Me</strong></span> <span class='ocrx_word' id='word_1_187' title='bbox 1176 2925 1467 3001; x_wconf 82' lang='lat' dir='ltr'><strong>tamen³</strong></span> <span class='ocrx_word' id='word_1_188' title='bbox 1516 2926 1831 3023; x_wconf 85' lang='lat' dir='ltr'><strong>fugerat,</strong></span> <span class='ocrx_word' id='word_1_189' title='bbox 1871 2927 2172 3001; x_wconf 86' lang='lat' dir='ltr'><strong>deorum</strong></span> <span class='ocrx_word' id='word_1_190' title='bbox 2226 2934 2519 3009; x_wconf 80' lang='lat' dir='ltr'><strong>immor-</strong></span> 
     </span>
     <span class='ocr_line' id='line_1_26' title="bbox 385 3036 2520 3140; baseline 0.004 -29"><span class='ocrx_word' id='word_1_191' title='bbox 385 3042 638 3113; x_wconf 87' lang='lat' dir='ltr'><strong>talium</strong></span> <span class='ocrx_word' id='word_1_192' title='bbox 674 3042 802 3115; x_wconf 88' lang='lat' dir='ltr'><strong>has</strong></span> <span class='ocrx_word' id='word_1_193' title='bbox 828 3068 981 3115; x_wconf 91' lang='lat' dir='ltr'><strong>esse</strong></span> <span class='ocrx_word' id='word_1_194' title='bbox 1010 3045 1088 3114; x_wconf 91' lang='lat' dir='ltr'><strong>in</strong></span> <span class='ocrx_word' id='word_1_195' title='bbox 1120 3043 1382 3140; x_wconf 89' lang='lat' dir='ltr'><strong>impios</strong></span> <span class='ocrx_word' id='word_1_196' title='bbox 1419 3054 1492 3109; x_wconf 90' lang='lat' dir='ltr'><strong>et</strong></span> <span class='ocrx_word' id='word_1_197' title='bbox 1530 3036 2055 3110; x_wconf 88' lang='lat' dir='ltr'><strong>consceleratos</strong></span> <span class='ocrx_word' id='word_1_198' title='bbox 2086 3066 2339 3138; x_wconf 87' lang='lat' dir='ltr'><strong>poenas</strong></span> <span class='ocrx_word' id='word_1_199' title='bbox 2370 3072 2520 3119; x_wconf 89' lang='lat' dir='ltr'><strong>cer-</strong></span> 
     </span>
     <span class='ocr_line' id='line_1_27' title="bbox 387 3149 2605 3249; baseline 0.003 -26"><span class='ocrx_word' id='word_1_200' title='bbox 387 3155 688 3224; x_wconf 88' lang='lat' dir='ltr'><strong>tissimas</strong></span> <span class='ocrx_word' id='word_1_201' title='bbox 729 3156 1154 3225; x_wconf 87' lang='lat' dir='ltr'><strong>constitutas</strong></span> <span class='ocrx_word' id='word_1_202' title='bbox 1169 3156 1224 3221; x_wconf 75' lang='lat'><strong>⁴.</strong></span> <span class='ocrx_word' id='word_1_203' title='bbox 1265 3149 1507 3223; x_wconf 89' lang='lat' dir='ltr'><strong>Nolite</strong></span> <span class='ocrx_word' id='word_1_204' title='bbox 1542 3149 1733 3218; x_wconf 89' lang='lat' dir='ltr'><strong>enim</strong></span> <span class='ocrx_word' id='word_1_205' title='bbox 1773 3162 2065 3245; x_wconf 88' lang='lat' dir='ltr'><strong>putare,</strong></span> <span class='ocrx_word' id='word_1_206' title='bbox 2092 3166 2331 3249; x_wconf 88' lang='lat' dir='ltr'><strong>patres</strong></span> <span class='ocrx_word' id='word_1_207' title='bbox 2359 3182 2519 3229; x_wconf 89' lang='lat' dir='ltr'><strong>con·</strong></span> <span class='ocrx_word' id='word_1_208' title='bbox 2597 3202 2605 3216; x_wconf 86' lang='lat'><strong>·</strong></span> 
     </span>
     <span class='ocr_line' id='line_1_28' title="bbox 386 3256 2517 3361; baseline 0.003 -28"><span class='ocrx_word' id='word_1_209' title='bbox 386 3264 666 3361; x_wconf 88' lang='lat' dir='ltr'><strong>scripti,</strong></span> <span class='ocrx_word' id='word_1_210' title='bbox 711 3279 791 3333; x_wconf 91' lang='lat' dir='ltr'><strong>ut</strong></span> <span class='ocrx_word' id='word_1_211' title='bbox 861 3265 936 3334; x_wconf 89' lang='lat' dir='ltr'><strong>in</strong></span> <span class='ocrx_word' id='word_1_212' title='bbox 990 3288 1202 3335; x_wconf 88' lang='lat' dir='ltr'><strong>scena</strong></span> <span class='ocrx_word' id='word_1_213' title='bbox 1257 3260 1546 3347; x_wconf 78' lang='lat' dir='ltr'><strong>videtiS‚</strong></span> <span class='ocrx_word' id='word_1_214' title='bbox 1592 3256 1926 3328; x_wconf 87' lang='lat' dir='ltr'><strong>homines</strong></span> <span class='ocrx_word' id='word_1_215' title='bbox 1992 3262 2517 3341; x_wconf 88' lang='lat' dir='ltr'><strong>consceleratos</strong></span> 
     </span>
    </p>
   </div>
   <div class='ocr_carea' id='block_1_4' title="bbox 1489 3457 2511 3587">
    <p class='ocr_par' dir='ltr' id='par_1_5' title="bbox 1489 3457 2511 3587">
     <span class='ocr_line' id='line_1_29' title="bbox 1489 3457 2511 3521; baseline 0.001 -16"><span class='ocrx_word' id='word_1_216' title='bbox 1489 3457 1658 3505; x_wconf 81' lang='lat' dir='ltr'><strong>odium</strong></span> <span class='ocrx_word' id='word_1_217' title='bbox 1698 3472 1858 3505; x_wconf 84' lang='lat' dir='ltr'><strong>meum</strong></span> <span class='ocrx_word' id='word_1_218' title='bbox 1898 3458 2109 3521; x_wconf 75' lang='lat' dir='ltr'><strong>quodam</strong></span> <span class='ocrx_word' id='word_1_219' title='bbox 2136 3462 2287 3512; x_wconf 84' lang='lat' dir='ltr'><strong>modo</strong></span> <span class='ocrx_word' id='word_1_220' title='bbox 2320 3478 2511 3517; x_wconf 70' lang='lat' dir='ltr'><strong>susten-</strong></span> 
     </span>
     <span class='ocr_line' id='line_1_30' title="bbox 1493 3537 1984 3587; baseline 0.004 -2"><span class='ocrx_word' id='word_1_221' title='bbox 1493 3549 1597 3585; x_wconf 77' lang='lat' dir='ltr'><strong>tant</strong></span> <span class='ocrx_word' id='word_1_222' title='bbox 1622 3548 1671 3585; x_wconf 87' lang='lat' dir='ltr'><strong>et</strong></span> <span class='ocrx_word' id='word_1_223' title='bbox 1694 3537 1984 3587; x_wconf 80' lang='lat' dir='ltr'><strong>accendunt.</strong></span> 
     </span>
    </p>
   </div>
   <div class='ocr_carea' id='block_1_5' title="bbox 385 3463 1402 3602">
    <p class='ocr_par' dir='ltr' id='par_1_6' title="bbox 385 3463 1402 3602">
     <span class='ocr_line' id='line_1_31' title="bbox 463 3463 1402 3533; baseline 0 -24"><span class='ocrx_word' id='word_1_224' title='bbox 463 3476 540 3511; x_wconf 74' lang='grc' dir='ltr'><strong>κο.</strong></span> <span class='ocrx_word' id='word_1_225' title='bbox 561 3464 748 3511; x_wconf 72' lang='lat' dir='ltr'><strong>Ernest.</strong></span> <span class='ocrx_word' id='word_1_226' title='bbox 767 3463 902 3533; x_wconf 86' lang='lat' dir='ltr'><strong>conj.</strong></span> <span class='ocrx_word' id='word_1_227' title='bbox 935 3463 1138 3527; x_wconf 70' lang='lat' dir='ltr'><strong>cquidni</strong></span> <span class='ocrx_word' id='word_1_228' title='bbox 1152 3477 1244 3526; x_wconf 79' lang='lat' dir='ltr'><strong>ego</strong></span> <span class='ocrx_word' id='word_1_229' title='bbox 1258 3471 1402 3525; x_wconf 80' lang='lat' dir='ltr'><strong>opta-</strong></span> 
     </span>
     <span class='ocr_line' id='line_1_32' title="bbox 385 3544 978 3602; baseline 0 -13"><span class='ocrx_word' id='word_1_230' title='bbox 385 3556 484 3589; x_wconf 83' lang='lat' dir='ltr'><strong>rem</strong></span> <span class='ocrx_word' id='word_1_231' title='bbox 498 3577 514 3602; x_wconf 86' lang='lat'><strong>,</strong></span> <span class='ocrx_word' id='word_1_232' title='bbox 534 3552 627 3589; x_wconf 84' lang='lat' dir='ltr'><strong>etc.</strong></span> <span class='ocrx_word' id='word_1_233' title='bbox 647 3564 673 3583; x_wconf 72' lang='lat' dir='ltr'><strong>a·</strong></span> <span class='ocrx_word' id='word_1_234' title='bbox 699 3544 978 3591; x_wconf 73' lang='lat' dir='ltr'><strong>Infelieiter.</strong></span> 
     </span>
    </p>
   </div>
   <div class='ocr_carea' id='block_1_6' title="bbox 2368 367 2618 452">
    <p class='ocr_par' dir='ltr' id='par_1_7' title="bbox 2368 367 2618 452">
     <span class='ocr_line' id='line_1_33' title="bbox 2368 367 2618 452; baseline -0.016 0"><span class='ocrx_word' id='word_1_235' title='bbox 2368 367 2509 452; x_wconf 79' lang='lat'>3&#39;85</span> <span class='ocrx_word' id='word_1_236' title='bbox 2611 438 2618 448; x_wconf 95' lang='lat'>.</span> 
     </span>
    </p>
   </div>
   <div class='ocr_carea' id='block_1_7' title="bbox 381 3618 1404 4152">
    <p class='ocr_par' dir='ltr' id='par_1_8' title="bbox 381 3618 1404 3826">
     <span class='ocr_line' id='line_1_34' title="bbox 460 3618 1404 3683; baseline 0 -17"><span class='ocrx_word' id='word_1_237' title='bbox 460 3636 480 3666; x_wconf 76' lang='grc' dir='ltr'>ι</span> <span class='ocrx_word' id='word_1_238' title='bbox 497 3635 516 3665; x_wconf 84' lang='lat'>1</span> <span class='ocrx_word' id='word_1_239' title='bbox 527 3656 540 3667; x_wconf 94' lang='lat'><strong>.</strong></span> <span class='ocrx_word' id='word_1_240' title='bbox 559 3622 772 3671; x_wconf 79' lang='lat' dir='ltr'><strong>Numero</strong></span> <span class='ocrx_word' id='word_1_241' title='bbox 800 3622 1003 3671; x_wconf 70' lang='lat' dir='ltr'><strong>dimam.</strong></span> <span class='ocrx_word' id='word_1_242' title='bbox 1021 3620 1214 3683; x_wconf 75' lang='lat' dir='ltr'><strong>Quibus</strong></span> <span class='ocrx_word' id='word_1_243' title='bbox 1235 3618 1404 3668; x_wconf 78' lang='lat' dir='ltr'><strong>diebus</strong></span> 
     </span>
     <span class='ocr_line' id='line_1_35' title="bbox 381 3699 1403 3765; baseline -0.002 -18"><span class='ocrx_word' id='word_1_244' title='bbox 381 3699 702 3763; x_wconf 79' lang='lat' dir='ltr'><strong>supplicatio,</strong></span> <span class='ocrx_word' id='word_1_245' title='bbox 753 3700 818 3748; x_wconf 87' lang='lat' dir='ltr'><strong>ad</strong></span> <span class='ocrx_word' id='word_1_246' title='bbox 876 3701 1079 3749; x_wconf 85' lang='lat' dir='ltr'><strong>deornm</strong></span> <span class='ocrx_word' id='word_1_247' title='bbox 1131 3700 1403 3765; x_wconf 80' lang='lat' dir='ltr'><strong>pulvinaria</strong></span> 
     </span>
     <span class='ocr_line' id='line_1_36' title="bbox 382 3777 626 3826; baseline 0.012 -4"><span class='ocrx_word' id='word_1_248' title='bbox 382 3777 626 3826; x_wconf 78' lang='lat' dir='ltr'><strong>iudicitur.</strong></span> 
     </span>
    </p>

    <p class='ocr_par' dir='ltr' id='par_1_9' title="bbox 385 3846 1402 3997">
     <span class='ocr_line' id='line_1_37' title="bbox 460 3846 1402 3905; baseline -0.002 -2"><span class='ocrx_word' id='word_1_249' title='bbox 460 3872 480 3903; x_wconf 88' lang='lat'>1</span> <span class='ocrx_word' id='word_1_250' title='bbox 493 3872 542 3905; x_wconf 85' lang='lat'><strong>2.</strong></span> <span class='ocrx_word' id='word_1_251' title='bbox 586 3855 949 3905; x_wconf 76' lang='lat' dir='ltr'><strong>Nuntiamibus.</strong></span> <span class='ocrx_word' id='word_1_252' title='bbox 983 3860 1080 3905; x_wconf 79' lang='lat' dir='ltr'><strong>Res</strong></span> <span class='ocrx_word' id='word_1_253' title='bbox 1117 3872 1144 3902; x_wconf 79' lang='lat' dir='ltr'><strong>a</strong></span> <span class='ocrx_word' id='word_1_254' title='bbox 1189 3846 1402 3903; x_wconf 72' lang='lat' dir='ltr'><strong>Gabinio</strong></span> 
     </span>
     <span class='ocr_line' id='line_1_38' title="bbox 385 3934 790 3997; baseline 0.015 -19"><span class='ocrx_word' id='word_1_255' title='bbox 385 3943 540 3995; x_wconf 76' lang='lat' dir='ltr'><strong>gestas</strong></span> <span class='ocrx_word' id='word_1_256' title='bbox 559 3934 612 3981; x_wconf 87' lang='lat' dir='ltr'><strong>in</strong></span> <span class='ocrx_word' id='word_1_257' title='bbox 629 3936 790 3997; x_wconf 78' lang='lat' dir='ltr'><strong>Syria.</strong></span> 
     </span>
    </p>

    <p class='ocr_par' dir='ltr' id='par_1_10' title="bbox 385 4009 1404 4152">
     <span class='ocr_line' id='line_1_39' title="bbox 455 4009 1404 4073; baseline -0.004 -14"><span class='ocrx_word' id='word_1_258' title='bbox 455 4014 571 4059; x_wconf 83' lang='lat' dir='ltr'><strong>XX.</strong></span> <span class='ocrx_word' id='word_1_259' title='bbox 603 4029 647 4059; x_wconf 79' lang='grc' dir='ltr'><strong>ι.</strong></span> <span class='ocrx_word' id='word_1_260' title='bbox 679 4010 762 4059; x_wconf 80' lang='lat' dir='ltr'><strong>His</strong></span> <span class='ocrx_word' id='word_1_261' title='bbox 784 4026 876 4073; x_wconf 79' lang='lat' dir='ltr'><strong>ego</strong></span> <span class='ocrx_word' id='word_1_262' title='bbox 909 4009 1046 4055; x_wconf 78' lang='lat' dir='ltr'><strong>rebus</strong></span> <span class='ocrx_word' id='word_1_263' title='bbox 1069 4024 1270 4071; x_wconf 83' lang='lat' dir='ltr'><strong>pascor.</strong></span> <span class='ocrx_word' id='word_1_264' title='bbox 1311 4012 1404 4055; x_wconf 83' lang='lat' dir='ltr'><strong>Re-</strong></span> 
     </span>
     <span class='ocr_line' id='line_1_40' title="bbox 385 4086 1402 4152; baseline -0.001 -17"><span class='ocrx_word' id='word_1_265' title='bbox 385 4088 476 4136; x_wconf 81' lang='lat' dir='ltr'><strong>bus</strong></span> <span class='ocrx_word' id='word_1_266' title='bbox 501 4090 596 4137; x_wconf 82' lang='lat' dir='ltr'><strong>illis</strong></span> <span class='ocrx_word' id='word_1_267' title='bbox 624 4106 714 4152; x_wconf 78' lang='lat' dir='ltr'><strong>ego</strong></span> <span class='ocrx_word' id='word_1_268' title='bbox 751 4088 958 4135; x_wconf 82' lang='lat' dir='ltr'><strong>maxime</strong></span> <span class='ocrx_word' id='word_1_269' title='bbox 998 4086 1229 4134; x_wconf 82' lang='lat' dir='ltr'><strong>delector.</strong></span> <span class='ocrx_word' id='word_1_270' title='bbox 1279 4088 1402 4148; x_wconf 81' lang='lat' dir='ltr'><strong>Qnae</strong></span> 
     </span>
    </p>
   </div>
   <div class='ocr_carea' id='block_1_8' title="bbox 533 4180 1155 4257">
    <p class='ocr_par' dir='ltr' id='par_1_11' title="bbox 533 4180 1155 4257">
     <span class='ocr_line' id='line_1_41' title="bbox 533 4180 1155 4257; baseline -0.01 -15"><span class='ocrx_word' id='word_1_271' title='bbox 533 4180 622 4247; x_wconf 78' lang='lat' dir='ltr'><strong>V.</strong></span> <span class='ocrx_word' id='word_1_272' title='bbox 679 4194 772 4243; x_wconf 77' lang='lat' dir='ltr'><strong>cic.</strong></span> <span class='ocrx_word' id='word_1_273' title='bbox 790 4210 908 4257; x_wconf 81' lang='lat' dir='ltr'><strong>pars</strong></span> <span class='ocrx_word' id='word_1_274' title='bbox 932 4190 1155 4239; x_wconf 79' lang='lat' dir='ltr'><strong>secunda-</strong></span> 
     </span>
    </p>
   </div>
   <div class='ocr_carea' id='block_1_9' title="bbox 1491 3617 2513 4139">
    <p class='ocr_par' dir='ltr' id='par_1_12' title="bbox 1491 3617 2513 3831">
     <span class='ocr_line' id='line_1_42' title="bbox 1566 3617 2513 3681; baseline 0.014 -19"><span class='ocrx_word' id='word_1_275' title='bbox 1566 3634 1611 3663; x_wconf 66' lang='grc' dir='ltr'><strong>α.</strong></span> <span class='ocrx_word' id='word_1_276' title='bbox 1642 3617 1817 3665; x_wconf 80' lang='lat' dir='ltr'><strong>Animo</strong></span> <span class='ocrx_word' id='word_1_277' title='bbox 1840 3630 2147 3681; x_wconf 76' lang='lat' dir='ltr'><strong>aspernetur,</strong></span> <span class='ocrx_word' id='word_1_278' title='bbox 2192 3634 2286 3673; x_wconf 82' lang='lat' dir='ltr'><strong>etc.</strong></span> <span class='ocrx_word' id='word_1_279' title='bbox 2330 3626 2513 3677; x_wconf 75' lang='lat' dir='ltr'><strong>Eadem</strong></span> 
     </span>
     <span class='ocr_line' id='line_1_43' title="bbox 1491 3696 2513 3764; baseline 0.014 -23"><span class='ocrx_word' id='word_1_280' title='bbox 1491 3711 1630 3760; x_wconf 78' lang='lat' dir='ltr'><strong>paene</strong></span> <span class='ocrx_word' id='word_1_281' title='bbox 1656 3696 1717 3743; x_wconf 89' lang='lat' dir='ltr'><strong>de</strong></span> <span class='ocrx_word' id='word_1_282' title='bbox 1728 3697 1927 3744; x_wconf 84' lang='lat' dir='ltr'><strong>Vatinio</strong></span> <span class='ocrx_word' id='word_1_283' title='bbox 1953 3697 2105 3757; x_wconf 68' lang='lat' dir='ltr'><strong>dixit,</strong></span> <span class='ocrx_word' id='word_1_284' title='bbox 2134 3717 2287 3764; x_wconf 82' lang='lat' dir='ltr'><strong>quum</strong></span> <span class='ocrx_word' id='word_1_285' title='bbox 2310 3703 2513 3755; x_wconf 82' lang='lat' dir='ltr'><strong>demon-</strong></span> 
     </span>
     <span class='ocr_line' id='line_1_44' title="bbox 1493 3774 2277 3831; baseline 0.011 -10"><span class='ocrx_word' id='word_1_286' title='bbox 1493 3786 1667 3821; x_wconf 77' lang='lat' dir='ltr'><strong>straret</strong></span> <span class='ocrx_word' id='word_1_287' title='bbox 1683 3774 1909 3822; x_wconf 77' lang='lat' dir='ltr'><strong>omnibus</strong></span> <span class='ocrx_word' id='word_1_288' title='bbox 1932 3793 2032 3824; x_wconf 72' lang='lat' dir='ltr'><strong>esse</strong></span> <span class='ocrx_word' id='word_1_289' title='bbox 2050 3778 2277 3831; x_wconf 78' lang='lat' dir='ltr'><strong>invisum.</strong></span> 
     </span>
    </p>

    <p class='ocr_par' dir='ltr' id='par_1_13' title="bbox 1493 3853 2511 3981">
     <span class='ocr_line' id='line_1_45' title="bbox 1566 3853 2511 3911; baseline 0.012 -13"><span class='ocrx_word' id='word_1_290' title='bbox 1566 3854 1613 3901; x_wconf 81' lang='lat'><strong>3.</strong></span> <span class='ocrx_word' id='word_1_291' title='bbox 1640 3853 1829 3901; x_wconf 76' lang='lat' dir='ltr'><strong>Ernest.</strong></span> <span class='ocrx_word' id='word_1_292' title='bbox 1853 3854 1961 3901; x_wconf 80' lang='lat' dir='ltr'><strong>vult</strong></span> <span class='ocrx_word' id='word_1_293' title='bbox 1980 3855 2159 3905; x_wconf 73' lang='lat' dir='ltr'><strong>addere</strong></span> <span class='ocrx_word' id='word_1_294' title='bbox 2183 3876 2303 3911; x_wconf 74' lang='lat' dir='ltr'><strong>teon.</strong></span> <span class='ocrx_word' id='word_1_295' title='bbox 2330 3864 2511 3909; x_wconf 78' lang='lat' dir='ltr'><strong>Iterum</strong></span> 
     </span>
     <span class='ocr_line' id='line_1_46' title="bbox 1493 3932 1889 3981; baseline 0.008 -4"><span class='ocrx_word' id='word_1_296' title='bbox 1493 3932 1635 3981; x_wconf 82' lang='lat' dir='ltr'><strong>male.</strong></span> <span class='ocrx_word' id='word_1_297' title='bbox 1664 3932 1713 3980; x_wconf 85' lang='lat' dir='ltr'><strong>J.</strong></span> <span class='ocrx_word' id='word_1_298' title='bbox 1738 3933 1804 3979; x_wconf 80' lang='lat' dir='ltr'><strong>V.</strong></span> <span class='ocrx_word' id='word_1_299' title='bbox 1834 3936 1889 3980; x_wconf 83' lang='lat' dir='ltr'><strong>L.</strong></span> 
     </span>
    </p>

    <p class='ocr_par' dir='ltr' id='par_1_14' title="bbox 1491 4010 2513 4139">
     <span class='ocr_line' id='line_1_47' title="bbox 1565 4010 2513 4067; baseline 0.005 -9"><span class='ocrx_word' id='word_1_300' title='bbox 1565 4020 1612 4067; x_wconf 68' lang='grc'><strong>4.</strong></span> <span class='ocrx_word' id='word_1_301' title='bbox 1650 4010 1946 4059; x_wconf 68' lang='lat' dir='ltr'><strong>certissimas</strong></span> <span class='ocrx_word' id='word_1_302' title='bbox 1974 4013 2265 4063; x_wconf 59' lang='lat' dir='ltr'><strong>constitutas.</strong></span> <span class='ocrx_word' id='word_1_303' title='bbox 2302 4020 2513 4063; x_wconf 69' lang='lat' dir='ltr'><strong>Faernus</strong></span> 
     </span>
     <span class='ocr_line' id='line_1_48' title="bbox 1491 4089 2171 4139; baseline 0.004 -3"><span class='ocrx_word' id='word_1_304' title='bbox 1491 4090 1621 4136; x_wconf 75' lang='lat' dir='ltr'><strong>delet.</strong></span> <span class='ocrx_word' id='word_1_305' title='bbox 1648 4089 1847 4135; x_wconf 82' lang='lat' dir='ltr'><strong>verbum</strong></span> <span class='ocrx_word' id='word_1_306' title='bbox 1870 4090 2171 4139; x_wconf 78' lang='lat' dir='ltr'><strong>constitutas.</strong></span> 
     </span>
    </p>
   </div>
   <div class='ocr_carea' id='block_1_10' title="bbox 2183 4176 2272 4245">
    <p class='ocr_par' dir='ltr' id='par_1_15' title="bbox 2183 4176 2272 4245">
     <span class='ocr_line' id='line_1_49' title="bbox 2183 4176 2272 4245; baseline 0 0"><span class='ocrx_word' id='word_1_307' title='bbox 2183 4176 2272 4245; x_wconf 85' lang='lat'><strong>25</strong></span> 
     </span>
    </p>
   </div>
  </div>
 </body>
</html>
