2996 4694
493 352 634 433 386
1126 360 1223 427 M.
1276 362 1352 428 T.
1406 360 1982 429 CICERONIS

489 482 805 583 impulsu
860 478 1165 551 deorum
1218 481 1469 553 terreri
1521 482 1894 551 Furiarum
1941 478 2138 553 taedis
2173 480 2616 557 ardentibus,

492 600 635 667 Sua
662 614 1029 689 quemque
1061 586 1288 677 frauS,
1328 614 1544 661 suum
1579 588 1894 675 facinus,
1933 614 2144 661 suum
2183 592 2454 679 scelus,
2491 618 2622 665 sua

491 702 784 776 audacia
816 698 910 771 de
938 701 1237 771 sanitate
1276 724 1359 771 ac
1400 714 1648 771 mente
1699 698 2060 773 deturbat.
2099 704 2224 771 1:1ae
2273 710 2446 773 sunt
2485 705 2618 773 im-

493 815 777 912 piorum
812 808 1047 897 furiae,
1092 808 1201 879 hae
1228 808 1568 896 flammae,
1599 809 1712 881 hoe
1747 807 1956 883 faces.
1991 814 2143 907 Ego
2186 826 2259 883 te
2305 836 2458 883 non
2499 838 2617 883 ve·

491 922 785 995 cordem
813 975 834 1008 ‚
896 944 1047 991 non
1111 917 1465 993 furiosum
1498 976 1520 1007 ,
1577 946 1728 991 non
1781 934 2026 991 mente
2088 936 2376 1019 captum
2405 976 2425 1006 ,
2467 948 2618 993 nou

492 1035 762 1130 tragico
835 1030 961 1101 illo
1016 1028 1314 1101 Oreste⁵
1380 1045 1506 1101 aut
1553 1029 1984 1102 Athamante
2004 1026 2036 1075 ⁶
2091 1030 2616 1103 dementiorem

490 1158 740 1241 putem
764 1194 783 1224 ,
824 1141 955 1237 qui
1008 1142 1103 1211 sis
1150 1164 1365 1211 ausus
1434 1143 1744 1237 primum
1793 1140 2071 1213 facer-0⁷
2093 1168 2113 1228 ;
2167 1166 2336 1213 nam
2387 1142 2464 1214 id
2511 1156 2618 1213 est

490 1265 748 1350 caput3
789 1247 1050 1321 deinde
1091 1248 1336 1345 paullo
1393 1263 1602 1335 ante,
1639 1255 2044 1347 Torquate,
2095 1254 2514 1349 gravissimo
2545 1268 2615 1323 et

487 1360 929 1433 sanctissimo
960 1360 1156 1445 vir0,
1194 1374 1609 1456 premente,
1651 1358 2018 1448 confiteri,
2063 1377 2135 1433 te
2175 1363 2615 1459 provinciam

487 1468 979 1541 Macedoniam
999 1520 1019 1553 ,
1062 1469 1135 1537 in
1190 1492 1413 1565 quam
1474 1484 1758 1541 tantum
1801 1472 2202 1543 exercitum
2255 1488 2617 1571 transpor-

489 1596 709 1651 tasses
728 1632 747 1666 ‚
810 1582 963 1649 sine
1020 1576 1171 1647 ullo
1214 1578 1439 1650 milite
1492 1578 1906 1677 reliquisse?
1959 1583 2171 1653 Mitto
2223 1581 2315 1653 de
2365 1584 2615 1655 amissa

485 1689 794 1759 maxima
832 1700 1033 1783 parte
1065 1690 1441 1759 exercitus.
1488 1690 1598 1761 sit
1633 1688 1776 1761 hoc
1809 1688 2244 1763 infelicitatis
2279 1708 2444 1765 tuoe.
2488 1695 2611 1765 Di-

484 1797 817 1871 mittendi
860 1821 1030 1867 vero
1068 1798 1421 1871 exercitus
1466 1824 1685 1897 quam
1729 1814 1940 1899 potes
1977 1799 2238 1875 afferre
2285 1806 2615 1877 causam?

486 1933 707 2007 quam
758 1920 1187 2005 potestatem
1240 1906 1607 1980 habuisti?
1657 1934 1878 2005 quam
1913 1910 2197 2008 legem?
2251 1910 2458 2010 quod
2503 1936 2614 1985 se-

481 2017 1162 2091 natusconsultum?
1204 2016 1407 2116 quod
1434 2017 1604 2115 jus?
1655 2020 1854 2117 quod
1921 2021 2372 2119 exemplum?
2421 2022 2612 2115 Quid

485 2145 593 2203 est
630 2127 825 2199 aliud
861 2125 1137 2215 furere,
1174 2130 1309 2201 nisi
1344 2152 1497 2199 non
1533 2152 1969 2226 cognoscere
2018 2130 2352 2203 homines
2366 2124 2425 2220 ⁸,
2463 2156 2614 2203 non

483 2262 919 2339 cognoscere
933 2237 1160 2335 legeS,
1184 2262 1335 2310 non
1366 2253 1699 2310 senatum
1715 2294 1734 2327 ,
1759 2264 1912 2314 non
1929 2241 2332 2313 civitatem?
2363 2266 2616 2316 cruen-

484 2369 631 2424 tare
655 2374 919 2447 corpus
946 2373 1157 2420 suum
1176 2350 1254 2420 9?
1290 2351 1520 2446 major
1547 2350 1698 2423 haec
1732 2367 1837 2422 est
1876 2354 2072 2438 vitae,
2097 2351 2302 2424 famae
2321 2407 2340 2442 ,
2371 2352 2615 2425 salutis

480 2487 625 2536 suae
649 2460 1069 2532 vulneratio.
1106 2461 1179 2530 Si
1216 2458 1560 2532 familiam
1589 2476 1786 2533 tuam
1822 2461 2206 2534 dimisisses
2226 2517 2246 2550 ,
2285 2462 2490 2560 quod
2525 2461 2616 2534 ad

486 2572 887 2654 neminem,
926 2569 1063 2640 nisi
1092 2567 1185 2639 ad
1214 2573 1450 2667 ipsum
1489 2585 1565 2642 te
1587 2580 1680 2658 ¹⁰,
1715 2574 2145 2669 pertineret,
2179 2574 2390 2644 amici
2414 2587 2488 2644 te
2509 2572 2612 2643 tui

563 2753 613 2799 5.
646 2751 830 2796 Oresoe.
856 2747 1121 2795 Notissima
1148 2747 1208 2795 de
1226 2750 1397 2796 Oreste
1416 2765 1511 2796 ma-

488 2828 661 2880 tricida
684 2827 843 2876 sabula
862 2836 957 2884 est,
974 2829 1059 2891 qui
1072 2827 1211 2875 tedis
1226 2827 1510 2877 ardentibus

486 2926 677 2976 semper
698 2907 983 2956 terrebatur.

559 2987 610 3037 6.
639 2985 959 3035 Athamante.
986 2983 1109 3032 AEoli
1136 2981 1266 3032 {ilius
1293 2984 1416 3034 suit:
1444 2985 1508 3033 ad

490 3067 542 3116 id
574 3083 683 3116 eum
707 3065 921 3115 Juuonis
950 3065 1019 3112 ira
1048 3062 1267 3128 impulit,
1296 3075 1355 3112 ut
1380 3063 1510 3113 filios

484 3149 631 3197 morti
648 3147 799 3196 daret.

562 3245 608 3290 7.
649 3226 863 3275 Primum
872 3222 1069 3290 faeere.
1102 3225 1316 3272 Primum
1344 3224 1506 3272 dimit-

487 3317 587 3357 tere
626 3305 889 3352 exercitnm
910 3337 925 3360 ,
967 3313 1015 3350 et
1059 3303 1161 3349 sine
1201 3301 1305 3349 ullo
1350 3303 1508 3351 milite

488 3385 794 3451 provinciam
826 3381 1124 3444 relinquere,
1160 3379 1337 3428 deinde
1360 3382 1508 3429 etiam

488 3467 541 3512 in
564 3472 735 3511 senatu
760 3459 1000 3508 confiteri.

562 3545 615 3590 8.
666 3539 774 3588 Nisi
815 3553 913 3585 non
956 3551 1243 3600 cognoscere
1274 3536 1509 3600 homiues.

488 3620 591 3670 Atii
613 3617 711 3667 nisi
726 3617 891 3665 delent
912 3631 926 3663 τ
950 3631 1041 3680 ego
1064 3616 1268 3664 omnino
1290 3615 1512 3665 retinen-

492 3699 609 3748 dum
632 3707 789 3762 pnt03
830 3706 887 3744 ut
914 3696 977 3743 sit
1008 3695 1347 3759 interpretatio
1376 3695 1514 3743 verbi

474 3778 651 3844 ficret-e
670 3793 689 3824 .-
720 3789 875 3838 neque
900 3775 983 3824 hic
1020 3783 1234 3832 tantum,
1275 3775 1361 3823 sed
1395 3774 1514 3822 alibi

491 3873 689 3924 quoque
709 3855 779 3903 sie
798 3865 869 3902 est
894 3855 1067 3905 Cicero
1096 3855 1359 3918 loquutus,
1380 3863 1435 3900 ut
1456 3854 1510 3900 in

490 3937 639 3985 Laelio
667 3951 681 3985 ε
730 3957 755 3977 ⁸·
774 3935 909 3997 Quid
945 3946 1015 3983 est
1056 3933 1221 3990 alind,
1272 3931 1388 3980 eum*
1416 3931 1510 3979 diis

490 4017 739 4082 gigantum
779 4029 913 4062 more
944 4014 1153 4069 bellare,
1190 4011 1288 4056 uisi
1322 4022 1509 4058 nature

491 4094 786 4158 repugnare?
808 4113 830 4134 ι

1669 2765 1719 2813 9.
1762 2749 2022 2799 cruentare
2047 2769 2217 2818 corpus
2241 2767 2397 2802 suum.
2424 2754 2500 2800 An
2525 2753 2612 2800 ali-

1597 2831 1736 2896 quis,
1763 2831 1952 2893 furere,
1987 2831 2166 2880 dixerit
2199 2847 2335 2892 esse,
2367 2843 2616 2880 cruentare

1598 2924 1776 2974 corpus
1821 2906 2002 2959 snum?
2041 2922 2090 2958 at
2125 2911 2232 2960 hnc
2273 2911 2418 2972 vitas,
2441 2912 2610 2968 famae,

1597 2987 1763 3036 salutis
1780 3005 1879 3036 sua.-
1899 2991 2055 3050 maj0r
2077 2989 2345 3040 vulneratio
2364 3001 2452 3038 est.
2479 2991 2614 3038 Non-

1595 3067 1720 3115 nulli
1758 3066 1980 3126 addunt,
2023 3067 2122 3116 leve
2156 3079 2230 3117 ese
2252 3085 2270 3117 .·
2306 3081 2362 3119 ut
2397 3069 2614 3134 legatur:

1595 3169 1621 3188 a
1641 3158 1894 3195 cruentare
1929 3162 2110 3212 corpus
2144 3164 2283 3196 suum
2325 3148 2434 3196 leve
2477 3158 2552 3196 est
2571 3167 2615 3196 ι.

1600 3225 1778 3272 Sensus
1812 3240 1928 3273 vero
1962 3225 2082 3272 mihi
2114 3226 2308 3290 planior
2332 3227 2546 3290 videtur,
2573 3227 2618 3274 si

1597 3303 1667 3350 sie
1697 3303 1968 3368 intelligas:
2000 3305 2133 3366 Quid
2158 3317 2230 3354 est
2257 3306 2390 3354 aliud
2423 3307 2614 3365 furere,

1595 3382 1693 3429 nisi
1735 3398 1840 3430 non
1879 3399 2173 3446 cognoscere
2215 3383 2438 3432 homines
2455 3421 2472 3447 ,
2515 3399 2620 3432 non

1597 3475 1892 3524 cognoscere
1916 3459 2084 3524 leges?
2115 3477 2218 3510 non
2244 3473 2489 3522 senatum,
2518 3479 2620 3512 non

1598 3539 1878 3588 civitatem?
1913 3540 2088 3588 deinde
2115 3557 2232 3588 vero
2263 3542 2615 3608 subjungatur:

1597 3619 1680 3666 An
1711 3619 1806 3666 hoc
1844 3630 1916 3667 est
1943 3620 2126 3678 furere,
2159 3631 2409 3670 cruentare
2439 3639 2620 3687 corpus

1599 3711 1736 3743 suum
1749 3697 1772 3742 i*
1785 3699 1940 3758 major
1951 3697 2056 3746 haec
2071 3710 2144 3746 est
2162 3701 2292 3759 vitae,
2311 3701 2475 3760 fame,
2493 3702 2622 3750 saln-

1599 3775 1665 3822 tis
1700 3791 1800 3823 suae
1833 3777 2120 3825 vulneratio,
2159 3780 2272 3827 Fuit
2299 3780 2406 3827 siue
2437 3779 2620 3840 dubio,

1599 3853 1700 3902 leve
1717 3865 1815 3912 ese,
1842 3855 2075 3919 glossema
2095 3857 2304 3905 hominis
2321 3859 2550 3922 imperiti.

1677 3947 1757 3984 ro.
1797 3933 1908 3982 Nisi
1931 3935 2004 3982 ad
2028 3935 2183 3999 ipsum
2214 3947 2288 3995 te,
2326 3937 2620 4001 pertineret.

1598 4013 1860 4077 Tamquam
1889 4013 1949 4061 ad
1984 4015 2141 4062 solum
2173 4014 2430 4064 dominum
2465 4017 2618 4077 εει-τὶς

1598 4089 1683 4138 sed
1701 4107 1852 4154 quum
1875 4091 2094 4139 dimissio
2125 4095 2366 4142 exereitus
2383 4093 2448 4142 ad
2465 4111 2618 4159 remp.
