2996 4694
809 394 1197 463 ORATIO
1250 394 1452 461 PRO
1501 394 1583 461 L.
1625 392 1701 461 C.
1756 392 2125 463 BALBO.
2393 392 2533 465 323

404 518 749 619 primipili
784 512 1179 603 centurio‘i,
1216 538 1383 585 cum
1428 514 1797 585 Gaditanis
1839 512 2078 584 foedus
2118 515 2318 587 icisse
2363 514 2532 588 dici-

404 644 547 701 tur.
614 627 831 719 Quod
889 650 1117 723 quum
1171 626 1393 721 magis
1454 622 1600 694 fide
1665 622 1858 693 illius
1919 624 2208 720 populi,
2261 626 2532 720 justitia

408 754 653 811 nostra
678 735 731 823 ⁵,
758 750 1111 809 vetustate
1144 735 1465 832 denique
1489 738 1674 831 ipsa,
1706 756 1922 830 quam
1955 736 2198 831 aliquo
2238 736 2530 833 publico

407 846 753 921 vinculo⁶
798 849 1163 944 religionis
1202 860 1606 927 teneretur,
1647 847 2006 941 sapientes
2045 846 2408 934 homineS‚
2463 864 2536 923 et

408 960 681 1059 publici
716 961 892 1054 juris
930 959 1141 1056 periti
1164 967 1219 1043 ⁷,
1246 955 1620 1039 Gaditani,
1659 960 1755 1026 M.
1793 956 2108 1053 Lepido,
2144 962 2232 1050 Q.
2277 962 2534 1032 Catulo

410 1068 833 1141 consulibus
876 1093 916 1139 a
970 1063 1268 1139 senatu⁸
1310 1065 1401 1137 de
1436 1063 1708 1136 foedere
1747 1067 2312 1163 postulaverunt.
2353 1074 2536 1141 Tum

412 1194 521 1251 est
576 1204 739 1251 cum
790 1178 1163 1251 Gaditanis
1201 1174 1441 1247 foedus
1474 1175 1590 1247 vel
1647 1192 2110 1265 renovatum,
2147 1180 2254 1250 vel
2291 1183 2534 1251 ictum.

412 1294 521 1361 De
560 1315 711 1387 quo
748 1287 1021 1361 foetlere
1060 1288 1375 1387 populus
1410 1310 1753 1357 romanus
1791 1289 2218 1359 sententiam
2248 1316 2398 1361 non
2430 1307 2540 1361 tu·

411 1399 539 1486 lit;
600 1401 766 1497 qui,
812 1401 1087 1494 injussu
1144 1420 1317 1483 suo,
1374 1397 1578 1467 nullo
1632 1412 1844 1495 pacto
1903 1412 2139 1495 potest
2195 1401 2539 1499 religione

414 1508 739 1607 obligari.
770 1514 877 1581 Ita
905 1508 1257 1580 Gaditana
1290 1509 1534 1578 civitas
1560 1506 1758 1603 quod
1795 1506 2168 1580 beneficiis
2195 1512 2342 1581 suis
2376 1536 2541 1611 erga

410 1618 935 1717 rempublicam
974 1632 1292 1689 nostram
1344 1620 1692 1715 consequi
1731 1619 2009 1715 potuit3
2063 1621 2260 1717 quod
2314 1624 2540 1721 impe-

406 1744 731 1803 ratorum
775 1731 1240 1815 testimoniis,
1287 1726 1489 1825 quod
1519 1743 1902 1814 vetustate,
1936 1728 2134 1826 quod
2171 1734 2258 1822 Q.
2285 1734 2542 1819 Catuli,

412 1841 675 1911 summi
698 1840 857 1923 viri,
874 1840 1325 1924 auctoritate,
1344 1837 1544 1933 quod
1576 1836 1848 1931 judicio
1871 1841 2395 1937 senatu5,quod
2419 1842 2546 1915 foe-

415 1952 625 2038 dere,
678 1968 1129 2050 consequuta
1160 1966 1311 2035 est3
1354 1951 1553 2047 quod
1585 1949 1871 2048 publica
1905 1954 2250 2051 religione
2288 1960 2547 2030 sanciri

414 2064 692 2159 potuit,
724 2062 797 2133 id
832 2062 1054 2133 abest.
1094 2062 1409 2159 Populus
1436 2066 1630 2131 enim
1666 2086 1740 2133 se
1784 2086 2142 2159 nusquam
2179 2066 2543 2165 obligavit.

414 2176 671 2267 Neque
716 2172 881 2243 ideo
916 2186 1025 2243 est
1058 2172 1585 2243 Gaditanorum
1619 2196 1828 2243 causa
1876 2174 2226 2264 deterior3
2278 2182 2544 2275 gravis·

418 2283 615 2354 simis
652 2282 841 2354 enim
879 2297 951 2356 et
982 2282 1312 2382 plurimis
1336 2280 1561 2355 rebus
1595 2297 1702 2354 est
1729 2281 1929 2354 fulta.
1979 2283 2118 2356 Sed
2146 2288 2262 2358 isti
2299 2287 2544 2388 dispu-

416 2396 671 2465 tationi
723 2407 913 2467 certe
949 2394 1130 2465 nihil
1176 2409 1281 2466 est
1323 2393 1502 2482 loci;
1541 2410 2072 2468 sacrosanctum
2117 2402 2310 2469 enirn
2363 2401 2542 2473 nihil

416 2519 656 2602 potest
688 2528 841 2576 esse
866 2558 887 2590 ‚
929 2506 1067 2576 nisi
1103 2503 1305 2602 quod
1340 2529 1470 2603 per
1507 2506 1862 2604 populum
1909 2505 2290 2604 plebemve
2322 2515 2546 2583 sanci-

414 2627 573 2684 tum
618 2629 747 2690 est.

510 2727 697 2796 XVI.
755 2723 976 2816 Quod
1008 2726 1067 2796 si
1094 2724 1231 2796 hoc
1270 2723 1542 2808 foedus,
1576 2723 1777 2822 quod.
1815 2727 2130 2824 populus
2173 2755 2544 2820 romaum,

416 2851 709 2908 auctore
744 2851 997 2907 senatu
1018 2891 1039 2922 ,
1077 2836 1706 2909 commendatione
1737 2851 1812 2908 et
1835 2837 2110 2932 judicio
2153 2847 2545 2924 vetustatis,

419 2945 791 3017 voluntate
835 2962 909 3018 et
940 2949 1310 3030 sententiis
1344 2950 1494 3018 suis
1541 2945 2008 3044 comprobat,
2062 2947 2250 3020 idem
2294 2951 2550 3024 suffra-

420 3057 549 3152 giis
580 3053 1157 3156 comprobasset,
1193 3055 1371 3154 quid
1411 3071 1604 3144 erat,
1643 3081 1774 3128 cur
1811 3081 1898 3128 ex
1931 3058 2086 3153 ipso
2115 3053 2386 3134 foedere
2421 3069 2555 3135 Ga-

494 3315 543 3364 4.
578 3309 813 3376 Ρήηιῲϋί
844 3311 1076 3360 centurio.
1107 3315 1333 3362 Summus
1362 3309 1443 3358 hie
1606 3307 1655 3356 5.
1681 3305 1888 3358 Nostra.
1915 3309 1997 3357 Al.
2020 3322 2210 3362 vestm.

421 3398 526 3436 erat
550 3389 678 3437 iuter
716 3389 1008 3456 legionario·
1047 3392 1203 3449 ordo3
1248 3407 1360 3438 nam
1391 3391 1445 3437 in
1602 3385 1652 3436 6.
1671 3387 1871 3436 Publice
1896 3387 2116 3439 vinculo.
2155 3391 2337 3456 Aliquo
2371 3399 2549 3462 populi

420 3465 615 3531 legione
662 3467 751 3518 tria
788 3471 1011 3535 peditum
1050 3487 1227 3536 genera
1268 3479 1407 3518 erant
1428 3503 1443 3530 ‚
1534 3467 1720 3516 romani
1745 3467 1915 3528 jussu,
1951 3483 2054 3532 quo
2087 3471 2306 3536 populus
2345 3485 2552 3541 uterque

420 3543 622 3606 hastati,
655 3547 932 3613 principes,
961 3549 1139 3606 triarii,
1174 3560 1225 3598 et
1262 3549 1315 3596 iu
1345 3551 1442 3596 sin·
1533 3546 1767 3612 religione
1789 3546 2104 3610 obligaretur.

421 3623 546 3686 guli·
592 3627 708 3674 deni
746 3628 1081 3686 centuriones,
1118 3627 1196 3676 hia
1231 3628 1442 3677 nomini·
1605 3641 1650 3687 ·7.
1694 3624 1826 3672 Iuris
1851 3626 2020 3690 petiti.
2041 3629 2196 3678 Vei-iti
2228 3630 2444 3693 scilieet,
2491 3649 2552 3684 ne

421 3699 545 3764 bus,
575 3707 759 3768 primus
791 3705 1007 3756 hastatus
1025 3742 1041 3768 ,
1086 3708 1329 3758 secundus
1361 3708 1443 3756 ha·
1531 3703 1690 3752 foedus
1717 3703 1838 3751 illud
1873 3706 2206 3768 Marcianum,
2231 3713 2370 3774 quod
2394 3728 2554 3776 neque

422 3791 603 3842 status,
627 3784 827 3846 tertium
854 3785 1039 3849 primus
1066 3787 1297 3851 princeps
1317 3821 1332 3845 ,
1370 3802 1445 3834 se·
1531 3794 1742 3841 senatus,
1759 3799 1919 3848 neque
1939 3787 2152 3850 populun
2169 3791 2556 3854 comprobes-et.

422 3863 639 3922 cundus,
666 3865 870 3912 tertius:
908 3865 962 3911 iu
994 3865 1171 3914 triariis
1197 3865 1288 3913 alia
1317 3866 1443 3915 ratio
1532 3873 1688 3910 ratum
1709 3878 1812 3910 uon
1839 3864 1988 3912 foret.
2145 3905 2154 3915 .

422 3951 553 4000 erat3
581 3957 691 3988 nam
737 3941 993 3992 dicebatur
1032 3943 1339 4008 primipilus,
1368 3943 1444 3992 vel
1605 3944 1659 3990 8.
1698 3943 1746 3989 A
1794 3953 1989 3992 senatu.
2053 3945 2257 3994 Senatus
2305 3947 2552 4004 decrevit,

422 4017 657 4084 primipili
698 4024 940 4071 centurio.
986 4024 1081 4072 liic
1120 4034 1221 4072 erat
1260 4025 1447 4088 primus
1537 4021 1752 4085 populus
1773 4023 2060 4070 seutentiam
2085 4023 2226 4080 tulin
2255 4023 2368 4072 ideo
2395 4025 2556 4076 sedus

422 4105 535 4158 post
566 4099 819 4150 tribunum
836 4101 1111 4152 militarem.
1539 4099 1738 4163 quidem
1759 4110 1854 4158 eet,
1893 4101 1982 4150 sed
2003 4117 2107 4150 nou
2129 4114 2506 4156 nemnnetum.

2124 4237 2132 4246 ·
2201 4213 2308 4254 2!-
