2996 4694
496 395 631 467 168
1135 399 1918 468 ARGUMENTUM.

556 517 805 575 nitorem
843 529 903 576 et
944 516 1305 576 altitudinem
1344 517 1556 577 horum
1589 530 1912 598 temporum
1957 517 2337 596 agnoscimus.
2379 521 2594 582 sordes

559 625 753 672 autem
776 611 1118 698 verborum,
1138 627 1197 672 et
1226 613 1391 673 hians
1416 615 1790 694 compositio,
1808 628 1867 673 et
1887 611 2168 673 inconditi
2190 635 2386 673 sensns
2415 617 2592 677 redo-

558 711 679 770 lent
705 709 1129 787 antiquitatem:
1162 730 1269 768 nec
1309 730 1654 788 quemquam
1695 709 1842 768 adeo
1877 710 2261 787 antiquarium
2308 723 2481 789 puto,
2525 727 2593 773 ut

557 805 803 866 Coelintn
820 825 892 864 ex
912 825 981 864 ea
1001 820 1165 885 parte
1186 806 1381 866 laudet
1405 827 1521 886 qua
1545 808 1816 885 antiquus
1836 820 1925 865 est
1937 805 2061 886 (*)=·.
2083 811 2154 864 It.
2176 826 2226 866 c.
2241 805 2352 865 25:
2375 834 2400 858 ι
2413 810 2590 887 Apud

554 921 665 960 nos
692 901 896 962 Cicero
920 903 1153 980 quidem
1180 915 1402 962 ceteros
1434 903 1770 962 eorumdem
1801 917 2128 982 temporum
2153 902 2396 962 disertos
2421 915 2590 963 ante-

554 998 757 1070 cessit,
778 999 992 1059 Calvus
1017 1011 1227 1072 autem,
1246 1012 1307 1057 et
1329 999 1584 1074 Asinius,
1611 1014 1670 1059 et
1697 1003 1915 1074 Ceasar,
1942 1013 2001 1058 et
2025 999 2260 1068 Coelius,
2285 1014 2345 1058 et
2373 1003 2588 1060 Brutus

550 1115 659 1154 suo
680 1095 843 1173 jure,
876 1108 937 1154 et
964 1094 1257 1173 prioribus
1282 1109 1341 1154 et
1364 1095 1738 1173 sequentibus
1763 1107 2220 1175 anteponuntur3
2245 1113 2353 1154 nec
2381 1096 2587 1165 refert,

546 1190 711 1269 quod
737 1193 890 1250 inter
926 1213 990 1251 se
1028 1192 1219 1270 specie
1247 1191 1554 1268 differant,
1589 1213 1770 1272 quum
1809 1213 2016 1271 genere
2048 1192 2421 1250 consentiant.
2452 1193 2586 1253 Ad-

548 1287 807 1346 strictior
832 1288 1077 1360 calvus,
1102 1287 1464 1348 numerosior
1486 1289 1752 1361 Asinius,
1787 1287 2147 1366 splendidior
2176 1290 2398 1357 Caesar,
2429 1307 2585 1348 ama-

546 1382 671 1442 rior
692 1383 936 1455 Coelius,
956 1385 1189 1462 gravior
1212 1388 1427 1445 Brutus
1439 1428 1456 1456 ‚
1476 1385 1872 1447 vehementior
1889 1398 1950 1444 et
1973 1384 2202 1464 plenior
2225 1398 2284 1443 et
2304 1384 2584 1444 intentior

544 1479 751 1538 Cicero
767 1521 785 1550 ,
830 1499 1029 1538 omnes
1070 1491 1259 1538 tamen
1300 1480 1560 1540 eamdem
1608 1482 1908 1541 sanitatem
1947 1480 2294 1558 eloquentiae
2327 1479 2520 1540 ferunt
2537 1509 2578 1540 ι.

540 1577 884 1652 Quintilian.
905 1581 966 1638 X
981 1618 1002 1645 ,
1036 1597 1063 1636 1
1088 1599 1105 1636 ε
1136 1579 1425 1640 «Multum
1446 1578 1665 1658 ingenii
1691 1579 1752 1638 in
1783 1579 1964 1640 Coelio
1989 1592 2049 1637 et
2073 1578 2364 1656 praecipue
2388 1578 2450 1636 in
2477 1599 2580 1638 ac-

540 1671 803 1733 cusando
826 1673 1003 1732 multa
1029 1673 1353 1749 urbanitas,
1386 1675 1706 1754 dignusque
1727 1675 1838 1750 vir,
1863 1675 1958 1734 cui
1980 1687 2040 1733 et
2062 1693 2224 1734 mens
2257 1673 2492 1747 melior,
2519 1685 2578 1732 et

536 1769 662 1828 vita
686 1771 915 1848 longior
936 1771 1265 1849 contigisset
1284 1797 1328 1830 a.
1369 1771 1674 1851 subjungit
1701 1791 1828 1851 cap.
1863 1790 1932 1830 a:
1963 1771 2161 1844 «Quid
2193 1785 2430 1830 noceret
2455 1769 2577 1828 vim

536 1867 811 1940 Caesaris,
858 1870 1223 1946 asperitatem
1274 1869 1470 1942 Coelii,
1533 1868 1890 1948 diligentiam
1935 1869 2246 1940 Pollionis,
2287 1866 2576 1945 judicium

532 1963 699 2022 Calvi
724 1962 1071 2041 quibusdam
1106 1965 1167 2023 in
1200 1963 1345 2023 locis
1377 1967 1752 2024 assumere?-
1773 1966 1850 2022 Et
1879 1963 1983 2022 lib.
2015 1967 2132 2037 XI,
2171 1983 2300 2041 cap.
2331 1984 2384 2036 1,
2408 1962 2576 2022 Coelii

528 2059 713 2120 verba
746 2061 951 2120 recitat
978 2081 1053 2120 ex
1086 2061 1348 2120 oratione
1384 2081 1559 2140 quam
1595 2060 1670 2120 de
1697 2061 1757 2120 vi
1785 2080 1918 2120 reus
1944 2080 2055 2139 pro
2093 2079 2153 2119 se
2183 2059 2314 2138 ipso
2337 2058 2578 2132 habuit3

522 2157 601 2215 de
627 2176 743 2234 qua
766 2170 829 2215 ct
854 2156 1167 2242 Suetonius
1196 2158 1453 2216 meminit
1480 2159 1541 2216 in
1561 2156 1714 2216 libro
1744 2155 1819 2215 de
1841 2157 1978 2240 clar.
2005 2157 2249 2216 Rhetor.
2271 2176 2396 2235 cap.
2416 2175 2488 2228 α,
2511 2168 2573 2214 et

524 2257 732 2339 Festus
760 2255 1109 2314 m‘entionem
1136 2256 1287 2315 facit,
1318 2256 1427 2316 Illa
1458 2274 1694 2333 quoque
1720 2253 2047 2312 notavimus
2073 2251 2228 2331 apud
2263 2253 2532 2316 eumdem
2551 2295 2571 2325 ,

522 2352 625 2411 lib.
652 2359 803 2426 XII,
830 2374 962 2432 cap.
984 2373 1090 2412 10:
1126 2355 1301 2413 «Vim
1328 2354 1599 2425 Cassan-is,
1651 2352 1912 2412 indolem
1960 2351 2126 2413 Coelii
2146 2392 2164 2421 ‚
2191 2349 2568 2415 subtilitatem

522 2450 784 2523 Gallieni,
810 2452 1147 2529 gravitatem
1172 2452 1367 2523 Bruti,
1398 2470 1638 2509 acumen
1659 2449 1931 2527 Sulpicii,
1961 2447 2332 2512 acerbitatem
2351 2446 2564 2517 Cassii,

524 2546 886 2623 diligentiam
929 2546 1202 2609 Pollionis
1222 2589 1239 2617 ,
1286 2546 1623 2624 dignitatem
1651 2546 1962 2615 Messallae,
2007 2544 2364 2605 sanctitatem
2402 2544 2570 2605 Calvi

519 2640 938 2718 reperiemus».
973 2640 1088 2698 Sed
1116 2639 1417 2705 audiamus
1436 2642 1752 2714 Velleium,
1781 2642 1932 2702 nist.
1958 2645 2046 2713 11,
2069 2640 2174 2705 68;
2205 2665 2232 2693 α
2253 2643 2406 2701 Dum
2423 2681 2443 2708 ‚
2473 2640 2565 2697 in-

520 2735 681 2812 quit,
707 2732 769 2790 in
798 2734 921 2791 acie
945 2733 1297 2807 Pharsalica,
1324 2734 1641 2813 Africaque
1667 2736 1740 2794 de
1769 2756 1990 2809 summa
2028 2755 2224 2805 rerum
2261 2739 2454 2796 Caesar
2477 2735 2564 2799 di·

520 2830 721 2897 micat,
747 2832 831 2887 M.
858 2830 1069 2888 Coelius
1093 2830 1185 2888 vir
1208 2832 1439 2908 eloquio
1472 2832 1779 2910 animoque
1811 2833 2051 2893 Curioni
2078 2830 2428 2904 simillimus,
2457 2832 2560 2892 sed

514 2926 577 2985 in
600 2938 849 3003 utroque
874 2926 1206 3003 perfectior,
1228 2948 1335 2987 nec
1358 2928 1544 2987 minus
1569 2930 1862 3009 ingeniose
1883 2948 2128 3007 nequam
2143 2950 2185 2985 n.
2207 2931 2340 2989 Plus
2369 2943 2561 2989 tamen

512 3024 569 3081 ei
610 3022 893 3086 facultatis
928 3024 989 3091 in
1032 3025 1353 3093 accusando
1393 3027 1594 3099 fuisse,
1625 3046 1798 3104 quam
1833 3027 1894 3083 in
1922 3025 2288 3085 defendendo
2317 3024 2558 3100 Quintil.

510 3119 865 3199 ostendit,VI
880 3162 897 3191 ,
932 3120 997 3191 3,
1018 3140 1197 3198 quum
1216 3122 1299 3180 ait
1320 3126 1402 3181 M.
1437 3122 1680 3191 Coelium
1699 3164 1717 3193 ,
1747 3122 1886 3199 quia
1911 3122 2116 3180 melius
2143 3120 2424 3198 objiceret
2449 3122 2558 3179 cri-

508 3218 693 3286 mina,
721 3234 895 3294 quam
936 3216 1304 3292 defenderet,
1349 3244 1376 3273 α
1398 3217 1616 3277 bonam
1649 3216 1946 3287 dextram,
1989 3219 2195 3276 malam
2227 3218 2557 3277 sinistram»

510 3312 791 3388 appellari
822 3332 857 3369 a
894 3314 1174 3372 Cicerone
1202 3314 1437 3373 solitum
1467 3334 1619 3382 esse,
1663 3312 1840 3390 idque
1867 3314 2173 3372 confirmat
2197 3314 2322 3393 ipse
2349 3314 2554 3377 Cicero

505 3408 601 3467 his
634 3408 829 3467 verbis
866 3410 927 3467 in
960 3409 1111 3468 libro
1147 3410 1221 3468 de
1247 3411 1416 3469 claris
1446 3415 1688 3471 Orator.
1713 3429 1961 3488 cap.79:
1991 3410 2167 3488 -Ejus
2189 3411 2472 3473 actionem
2494 3424 2554 3469 et

504 3502 838 3582 splendida,
867 3518 925 3563 et
950 3506 1215 3583 grandis,
1243 3520 1301 3564 et
1326 3506 1530 3564 eadem
1568 3506 1627 3563 in
1668 3506 1870 3583 primis
1910 3506 2096 3569 faceta
2133 3519 2192 3564 et
2221 3505 2553 3584 perurbana

504 3600 947 3662 commendabat
988 3602 1195 3661 oratio.
1238 3606 1459 3663 Graves
1505 3601 1628 3679 ejus
1670 3601 1979 3673 conciones
2023 3601 2244 3681 aliquot
2287 3602 2549 3675 suerunt,

594 3838 673 3909 (*)
708 3846 828 3894 Post
866 3845 973 3894 hae
1016 3844 1165 3893 verba
1200 3846 1451 3896 Manutius
1491 3846 1630 3897 addit
1652 3864 1668 3897 ε
1703 3850 1864 3899 «Orto
1897 3848 2034 3899 civili
2067 3848 2201 3898 bello
2243 3856 2456 3913 quaestor
2494 3846 2548 3895 in

509 3930 673 3979 Africa
700 3932 793 3980 fuit
815 3932 874 3982 C.
898 3932 1129 3983 Curionis
1144 3967 1159 3992 ,
1186 3944 1241 3981 nt
1266 3936 1398 3999 apud
1424 3936 1660 3986 Caesarem
1683 3936 1769 3985 lib.
1788 3940 1861 3987 111
1886 3937 1948 3988 de
1971 3938 2110 3987 Bello
2135 3936 2268 3985 civili
2282 3970 2298 3995 ,
2321 3952 2431 4002 cap.
2453 3934 2516 3983 23
2537 3970 2552 3987 .

508 4020 743 4083 scriptum
776 4029 850 4067 est
866 4041 914 4067 n.
934 4022 1117 4067 Verum
1155 4020 1237 4070 hie
1268 4024 1520 4073 Manutius
1546 4023 1773 4073 confudit
1797 4013 1996 4074 edilium
2021 4040 2132 4073 cnm
2157 4024 2348 4072 Marcio
2382 4022 2544 4079 Ruso,

505 4120 639 4153 anno
668 4104 786 4153 Urb.
811 4114 911 4166 7⁰⁴
940 4118 1197 4169 quaestore.
