2996 4694
455 349 595 430 [μα
1076 347 1169 415 M.
1217 350 1293 416 T.
1364 331 1949 417 CICERONIS

551 449 868 528 XXXIV.
908 462 1018 528 An
1045 481 1220 532 vero
1251 473 1334 530 tu
1367 483 1625 557 parum
1658 472 1866 556 putas
1896 458 2390 554 investigatas¹
2428 483 2587 535 esse

454 593 495 638 a
533 568 744 640 nobis
781 567 975 640 labes
1002 569 1282 665 imperii
1311 570 1460 656 tui,
1503 585 1917 666 stragesque
1944 569 2371 664 provinciae?
2406 593 2590 664 quas

454 676 758 779 quidem
803 701 938 748 nos
987 702 1141 748 non
1181 679 1498 776 vestigiis
1542 675 1931 749 odorantes
1970 675 2334 772 ingressus
2390 691 2593 752 tuos,

453 787 578 860 sed
589 788 758 858 totis
775 787 1676 885 volutationibuscorporis
1694 800 1767 858 et
1780 781 2139 858 cubilibus
2150 784 2573 882 persequuti

451 921 722 972 sumuS.
769 899 1030 970 Notata
1075 923 1116 970 a
1159 897 1417 970 nobis²
1455 912 1746 976 suntet
1784 897 2016 995 prima
2056 894 2177 966 illa
2212 895 2585 970 scelerain

453 1006 804 1096 adventu,
858 1032 1128 1105 quum,
1181 1024 1474 1107 accepta
1517 1008 1823 1105 pecunia
1854 1030 1897 1077 a
1932 1004 2451 1102 Dyrrhachinis
2486 1002 2587 1074 ob

455 1143 707 1192 necem
745 1117 1052 1216 hospitis
1087 1120 1196 1189 tui
1228 1117 1567 1205 Platori3‚
1601 1119 1761 1213 ejus
1802 1117 2027 1215 ipsius
2057 1114 2355 1186 domum
2394 1139 2590 1186 ever·

453 1223 675 1314 tisti³‚
713 1227 937 1322 ¹cujus
991 1229 1413 1325 sanguinem
1465 1225 1835 1308 addixeras
1854 1281 1874 1315 ,
1914 1224 2280 1324 eumque4
2300 1215 2337 1313 ,⁸
2366 1226 2591 1296 servis

455 1338 990 1436 symphoniacis
1027 1352 1099 1408 et
1135 1337 1288 1410 aliis
1327 1337 1755 1417 muneribus
1788 1339 2133 1433 acceptis,
2174 1337 2591 1422 timentem,

351 1443 360 1450 ’
455 1446 916 1543 multumque
943 1444 1396 1520 dubitantem
1421 1446 1893 1532 confirmasti,
1918 1461 1991 1516 et
2014 1443 2591 1524 Thessalonicam

457 1554 600 1628 fide
633 1553 803 1626 tua⁵
850 1557 1094 1627 venire
1126 1557 1417 1652 jussisti.
1454 1559 1692 1646 Quem
1722 1579 1817 1626 ne
1848 1551 2251 1650 majorum⁶
2293 1553 2587 1651 quidem

457 1689 658 1737 more
711 1665 1069 1763 supplicio
1111 1665 1449 1754 affecisti,
1504 1691 1735 1764 quum
1786 1668 2002 1738 miser
2046 1663 2165 1734 ille
2214 1662 2595 1736 securibus

459 1775 764 1874 hospitis
817 1777 930 1846 sui
989 1778 1302 1848 cervices
1353 1776 1711 1872 subjicere
1764 1776 2093 1874 gestiret3
2154 1774 2276 1846 sed
2332 1775 2397 1844 ei
2440 1797 2593 1842 me-

462 1886 664 1974 dico,
722 1913 942 1985 quem
1010 1905 1252 1960 tecum
1313 1889 1698 1976 eduxeras,
1762 1888 2171 1984 imperasti,
2238 1900 2321 1956 ut
2377 1907 2597 1956 venas

532 2169 781 2216 xxm.
823 2183 868 2216 1.
905 2166 1242 2232 Investigatas.
1282 2167 1483 2232 Egregia
1572 2183 1682 2231 quae
1708 2181 1899 2232 poenam
1926 2135 2250 2230 pecuniariam
2276 2179 2435 2230 poeuae
2462 2163 2598 2228 capi*

461 2245 687 2310 allegoria
715 2263 849 2295 suam
875 2248 929 2294 in
952 2248 1264 2312 exquirendis
1296 2248 1486 2296 Pisonis
1568 2247 1637 2296 tis
1654 2247 1771 2296 addi
1791 2245 2133 2310 prohibebant.

461 2325 655 2389 flagitiis
712 2335 762 2374 et
819 2325 1118 2375 facinoribus
1185 2327 1484 2391 diligentiam

464 2408 702 2467 ostendit,
720 2423 830 2471 quse
848 2423 949 2454 non
969 2406 1157 2458 levibus
1174 2409 1483 2473 argumentis,

465 2496 522 2535 ut
539 2486 715 2535 bellua!
736 2484 940 2544 alicujus
961 2486 1172 2549 vestigiis
1185 2520 1199 2542 ,
1228 2486 1314 2533 sed
1332 2484 1485 2535 firmis

465 2566 704 2628 certisque
733 2562 1104 2627 probationibus
1131 2576 1372 2627 tamquam
1398 2580 1486 2611 vo-

463 2640 784 2693 lutationibus
821 2640 1041 2707 corporis
1085 2640 1204 2689 dicit
1249 2658 1300 2689 se
1343 2642 1488 2691 fuisse

465 2731 826 2788 per-sequutum.

539 2817 588 2849 a.
617 2800 806 2847 Notata
833 2816 868 2846 a
893 2796 1046 2847 nobis.
1073 2800 1168 2849 Hic
1197 2799 1411 2848 ostendit
1435 2798 1489 2847 in

467 2896 568 2929 uuo
582 2879 712 2927 facto
729 2893 816 2927 sex
834 2877 1035 2927 crimina
1055 2879 1199 2927 fuisse
1212 2878 1455 2943 implicata
1468 2894 1484 2927 :

471 2958 524 3007 1⁰
549 2957 687 3023 quod
711 2958 968 3023 pecuniam
997 2958 1062 3007 ob
1097 2974 1264 3009 necem
1292 2974 1490 3023 accepe-

467 3039 531 3087 rit
549 3048 717 3089 contra
735 3038 886 3101 legem
903 3039 935 3085 J
939 3038 1084 3086 uliam
1103 3038 1164 3085 de
1183 3036 1488 3101 repetundis3

470 3113 530 3167 2⁰
555 3116 692 3181 quod
724 3114 789 3165 ob
811 3133 976 3165 necem
1003 3116 1240 3181 hospitis;
1272 3112 1328 3165 3⁰
1353 3116 1490 3181 qnod

468 3197 668 3245 domum
687 3194 791 3255 ejus
815 3195 1112 3253 exhauserit3
1143 3191 1200 3251 4⁰
1219 3196 1354 3260 qnod
1375 3212 1492 3245 con-

470 3287 543 3325 tra
581 3272 729 3323 fidem
768 3272 929 3321 datum
971 3290 1084 3323 eum
1125 3274 1390 3336 occideritg
1436 3274 1492 3321 5⁰

471 3352 610 3418 quod
655 3368 756 3399 non
805 3354 962 3401 securi
1015 3354 1306 3417 percusserit
1355 3367 1492 3401 more

471 3433 731 3493 majorum,
755 3429 843 3478 sed
857 3431 1081 3481 adhibito
1098 3432 1326 3497 chirurgo
1347 3446 1492 3479 venes

470 3513 574 3574 ejus
597 3510 884 3569 exsolverit,
913 3522 970 3559 ut
996 3513 1230 3564 exhausto
1261 3510 1492 3575 sanguine

471 3594 600 3641 lenta
618 3601 773 3639 morte
793 3591 986 3639 tandem
1008 3591 1252 3649 interiret3
1277 3586 1336 3637 6⁰
1355 3589 1490 3653 quod

469 3670 683 3723 Pleurati
707 3682 910 3721 mortem
935 3670 1227 3732 adjunxerit.
1255 3668 1490 3733 Septima,

473 3753 858 3807 circumstantia,
879 3762 928 3800 et
950 3752 1087 3814 quasi
1108 3765 1291 3798 novum
1310 3748 1492 3797 crimen

471 3831 589 3881 addi
623 3842 786 3895 potest
802 3867 817 3889 ‚
856 3829 994 3893 quod
1034 3830 1190 3893 ipsum
1230 3826 1492 3875 adventum

473 3912 570 3961 hoc
587 3910 765 3959 scelere
785 3910 880 3957 fuit
897 3908 1189 3971 auspicatus.
1210 3908 1332 3954 Item
1361 3918 1494 3955 octa-

475 4008 565 4052 va,
596 3989 732 4053 quod
774 4005 884 4037 eum
930 3986 1189 4047 occiderit,
1221 3986 1360 4047 eujus
1405 3985 1496 4033 do·

481 4084 611 4117 mum
635 4076 894 4125 everterat,
911 4075 1080 4115 contra
1103 4063 1233 4129 leges
1257 4079 1494 4121 romanas,

1646 2329 1695 2377 3.
1718 2325 1841 2392 Ejus
1858 2325 2006 2391 ipsius
2024 2325 2221 2373 domum
2234 2320 2452 2375 evertisti.
2473 2323 2601 2371 Tan·

1574 2418 1636 2455 tae
1670 2407 1801 2455 fuisti
1832 2404 2049 2470 perfidiae
2068 2442 2084 2467 ‚
2121 2416 2177 2469 ut
2210 2420 2358 2468 quum
2394 2400 2598 2451 Platoris

1574 2486 1695 2533 civis
1758 2484 2089 2549 Dyrrhachini
2152 2483 2433 2545 sangumem
2498 2481 2600 2529 suis

1572 2565 1725 2628 ipsius
1758 2564 1949 2613 civibus
1977 2562 2281 2611 vendidisses
2296 2598 2313 2623 ‚
2344 2561 2595 2626 promisis-

1576 2659 1747 2706 sesque
1784 2654 1980 2706 accepta
2017 2641 2222 2705 pecunia
2264 2641 2367 2689 fore
2386 2674 2401 2699 ,
2435 2649 2490 2687 ut
2526 2638 2600 2687 illi

1576 2733 1781 2771 mortem
1850 2721 2079 2779 inferres,
2138 2731 2311 2777 tantae‚
2364 2720 2559 2782 inquam
2580 2751 2599 2775 ,

1576 2801 1711 2849 fuisti
1730 2798 1945 2865 perfidiae
1961 2832 1977 2857 ‚
2000 2810 2057 2847 ut
2071 2799 2143 2858 ei,
2161 2798 2303 2858 cujus
2317 2799 2601 2862 sanguinem

1578 2891 1819 2943 tamquam
1832 2878 2101 2927 licitatione
2114 2877 2310 2943 publica
2325 2876 2599 2933 addixeras,

1578 2971 1627 3007 te
1652 2961 1859 3023 amicum
1884 2974 1987 3007 esse
2018 2956 2299 3015 simulares,
2327 2968 2379 3005 et
2402 2956 2464 3004 ed
2488 2972 2599 3003 eum

1579 3050 1823 3103 tamquam
1845 3038 2021 3102 hospes
2041 3037 2106 3085 ad
2124 3037 2369 3101 hospitem
2388 3034 2601 3085 divma-

1576 3135 1678 3174 res,
1700 3117 1980 3183 tamdiuque
1994 3132 2211 3164 manetes
2227 3114 2281 3163 in
2298 3118 2405 3176 ejus
2424 3114 2575 3163 domo
2586 3148 2603 3172 ,

1577 3206 1635 3247 ut
1667 3212 1772 3245 eam
1811 3196 2067 3255 everteris,
2108 3204 2161 3242 et
2192 3194 2450 3259 impensis,
2490 3208 2603 3256 qun

1576 3276 1717 3325 factae
1737 3288 1853 3323 sunt
1864 3310 1879 3335 ‚
1896 3274 2091 3337 penitus
2108 3272 2403 3322 exhauseris.

1654 3362 1701 3413 4.
1726 3355 1977 3417 Eumque,
1994 3351 2151 3401 servis.
2173 3352 2441 3400 Avaritiam
2464 3361 2604 3399 notat

1578 3433 1785 3499 perfidis
1832 3432 2126 3497 implicatam
2148 3426 2165 3489 “,
2216 3430 2355 3493 quod
2404 3446 2603 3479 munera

1580 3512 1821 3577 acceperit
1833 3544 1847 3569 ‚
1874 3521 1921 3557 et
1940 3511 2067 3559 iuter
2086 3519 2273 3557 ceteros
2290 3524 2455 3557 servos
2472 3524 2605 3573 sym·

1575 3592 1851 3657 *phoniacos
1878 3601 1925 3639 et
1950 3591 2183 3637 musicos.

1652 3671 1703 3719 5.
1731 3670 1849 3717 Fide
1869 3680 1972 3718 tua.
1998 3672 2163 3731 Quum
2180 3666 2477 3716 ineolumem
2494 3682 2605 3713 eum

1583 3749 1783 3797 domum
1810 3763 2109 3797 reversurum
2137 3744 2500 3811 spopondisses.

1654 3828 1703 3874 6.
1720 3826 1963 3893 Major-um
1976 3860 1989 3873 .
2012 3860 2024 3872 .
2044 3859 2059 3873 .
2079 3839 2226 3871 mor-e.
2245 3824 2357 3871 Mos
2371 3822 2609 3881 maiorum

1583 3905 1703 3965 suit,
1732 3916 1791 3953 ut
1817 3903 2030 3952 damnati
2059 3903 2207 3967 virgis
2230 3900 2295 3949 ad
2321 3916 2487 3948 necem
2516 3915 2611 3946 οε-

1585 3984 1834 4044 detentat,
1864 3983 1927 4031 ad
1954 3993 2217 4031 extremum
2245 3995 2413 4027 eorum
2443 3977 2612 4026 cervix

1586 4065 1739 4113 securi
1774 4062 2149 4111 abscinderetur.
2242 4108 2254 4117 ,
