2996 4694
784 425 793 430 “
868 401 1263 472 ORATIO
1310 401 1421 472 IN
1471 402 2012 474 VATINIUM.
2380 415 2510 506 ¹47

386 539 677 611 contra,
716 537 973 621 praeter
1008 539 1083 595 te
1106 575 1127 611 ‚
1162 545 1380 594 nemo
1416 546 1764 621 umquam
1799 539 1910 595 est
1951 521 2184 597 facere
2215 546 2516 604 conatus

386 637 603 735 (quae
634 633 927 733 quidem
968 633 1163 732 leges
1190 657 1383 704 anno
1409 649 1618 732 post‚·
1642 633 2100 706 sedentibus9
2131 640 2208 708 in
2237 642 2510 738 templo

386 745 677 817 duobus
740 768 891 815 non
946 742 1367 815 consulibus
1392 753 1453 786 ¹⁰
1473 798 1494 832 ,
1570 743 1698 816 sed
1753 743 2247 842 proditoribus
2295 749 2512 846 hujus

386 856 687 928 civitatis
723 877 802 926 ac
838 852 1196 953 pestibus,
1250 877 1397 925 una
1448 877 1616 925 cum
1659 854 1988 953 auspiciis
2010 909 2029 943 ‚
2075 881 2240 928 cum
2284 861 2512 933 inter·

386 963 831 1039 cessionibus
860 1019 881 1055 ,
946 985 1111 1036 cum
1168 965 1367 1034 omni
1427 963 1592 1059 jure
1666 963 1962 1062 publico
2036 967 2512 1066 conflagrave—

387 1075 655 1174 runt¹¹)
672 1103 692 1166 3
710 1073 1086 1172 ecquando
1100 1072 1451 1144 dubitaris
1472 1087 1728 1144 contra
1753 1098 1869 1146 eas
1885 1073 2076 1172 leges
2104 1101 2269 1149 cum
2297 1078 2514 1178 plebe

388 1209 595 1281 agere
612 1239 633 1271 ‚
660 1199 735 1257 et
767 1183 1149 1257 concilium
1174 1185 1616 1254 convocare?
1634 1207 1808 1254 num
1838 1208 2056 1281 quem
2089 1211 2176 1258 ex
2203 1188 2514 1264 tribunis

384 1293 651 1392 plebis,
678 1295 1122 1392 quicumque
1150 1291 1467 1364 seditiosi
1503 1290 1802 1381 fuerint,
1837 1308 1984 1365 tam
2015 1295 2359 1370 audacem
2389 1325 2516 1371 au-

385 1405 602 1477 dieris
664 1403 920 1492 fuisse,
964 1418 1051 1475 ut
1106 1425 1453 1499 umquam
1512 1418 1762 1474 contra
1806 1403 2037 1528 legem
2091 1408 2340 1480 AEliam
2393 1425 2520 1482 aut

384 1514 659 1587 Fufiam
694 1514 1083 1587 concilium
1128 1512 1511 1584 advocaret
1541 1511 1573 1583 Ρ

480 1631 674 1699 VIII.
711 1629 974 1716 Quaero
1008 1622 1187 1694 illud
1230 1623 1443 1694 etiam
1488 1646 1578 1693 ex
1608 1636 1714 1710 te,
1773 1637 2168 1698 conatusne
2203 1627 2330 1715 sis,
2383 1655 2511 1701 vo·
2601 1646 2606 1651 ’

386 1735 735 1822 luerisne,
778 1733 1093 1831 denique
1134 1733 1472 1828 cogitaris
1504 1732 1668 1829 (est
1709 1733 1904 1804 enim
1949 1757 2066 1805 res
2111 1737 2512 1831 ejusmodi,

386 1859 471 1916 ut
494 1899 513 1933 ‚
544 1846 606 1916 si
647 1844 781 1916 tibi
818 1841 1039 1915 modo
1084 1845 1162 1912 in
1198 1857 1516 1914 mentem
1558 1843 1826 1930 venit¹‚
1863 1868 2082 1916 nemo
2119 1847 2248 1932 sit,
2280 1849 2410 1945 qui
2443 1865 2514 1922 te

389 1953 537 2024 ullo
559 1956 883 2025 cruciatu
906 1977 1059 2025 esse
1086 1951 1465 2050 indignum
1484 1949 1776 2050 putet),
1803 1955 2228 2050 cogitarisne
2247 2011 2267 2045 ,
2283 1957 2363 2027 in
2389 1958 2518 2030 illo

386 2079 515 2136 tuo
554 2063 1024 2150 intolerabili,
1075 2086 1227 2133 non
1271 2087 1497 2158 regno
1549 2062 1768 2156 (nam
1821 2066 2028 2161 cupis
2061 2063 2138 2136 id
2181 2067 2516 2162 audire),

388 2174 509 2245 sed
558 2175 933 2246 latrocinio
948 2183 1005 2261 ²,
1032 2195 1263 2269 augur
1294 2169 1453 2241 fieri
1489 2172 1568 2242 in
1602 2174 1690 2261 Q.
1729 2170 2046 2244 Metelli-³
2077 2173 2366 2247 locum?
2395 2194 2514 2269 ut,

387 2285 833 2383 quicumque
875 2295 948 2355 te
997 2281 1434 2380 adspexisset
1450 2333 1469 2368 ‚
1513 2278 1873 2380 duplicem
1915 2279 2244 2357 dolorem
2291 2291 2516 2385 gemi..

388 2411 692 2496 tumque
726 2399 1119 2496 susciperet
1138 2451 1158 2484 ,
1210 2410 1285 2466 et
1326 2418 1416 2465 ex
1458 2392 1814 2466 desiderio
1849 2397 2216 2469 clarissimi
2256 2416 2330 2473 et
2365 2401 2516 2474 for·

385 2510 639 2581 tissimi
667 2510 839 2579 civis
859 2562 879 2595 ‚
910 2523 983 2581 et
1014 2532 1103 2579 ex
1136 2506 1419 2577 honore
1452 2507 1849 2602 turpissimi
1885 2524 2104 2606 atque
2131 2511 2514 2609 improbis·

386 2620 591 2691 simi?
614 2616 891 2690 adeone
918 2642 1069 2689 non
1096 2613 1520 2688 labefactam
1544 2616 2064 2715 rempublicam
2095 2636 2166 2692 te
2191 2621 2516 2713 tribuno,

387 2752 627 2827 neque
650 2740 1199 2825 conquassatam
1232 2725 1590 2795 civitatem
1607 2723 1664 2814 4,
1701 2726 1828 2798 sed
1863 2742 2142 2825 captam
2183 2729 2370 2803 hanc
2397 2757 2519 2803 ur..

387 2835 557 2910 bem
600 2852 817 2935 atque
872 2860 1189 2910 eversam
1226 2830 1583 2933 putaris⁵‚
1621 2849 1706 2905 ut
1757 2860 2107 2933 augurem
2145 2841 2514 2913 Vatinium

388 2943 577 3023 ferre
610 2948 1036 3047 possemus?
1074 2950 1231 3017 Hoc
1266 2944 1428 3015 loco
1460 2968 1742 3041 quaero‚
1781 2946 1874 3031 si,
1909 2944 1984 3018 id
2014 2948 2215 3045 quod
2245 2974 2511 3023 concu-

386 3090 592 3154 numero
615 3102 803 3152 tribuni
828 3102 983 3168 plebis
1008 3101 1261 3174 seditiosas
1274 3099 1406 3164 legen
1490 3108 1612 3148 mm
1629 3132 1648 3160 ‚
1673 3116 1776 3167 quo
1807 3102 2026 3151 erarium
2059 3103 2309 3167 publicum
2331 3106 2512 3155 exlam-

390 3184 513 3231 ferre
546 3192 818 3242 tentarent,
862 3182 968 3245 lege
1010 3180 1133 3229 AElia
1181 3192 1231 3228 et
1270 3176 1405 3227 Fufia
1492 3178 1618 3237 sisti,
1659 3190 1708 3229 et
1749 3196 1814 3229 ex
1853 3196 2042 3230 summa
2083 3182 2257 3247 inopia
2299 3200 2511 3235 summa

388 3261 545 3309 fuerat
576 3262 844 3320 sancitum,
868 3270 925 3309 ut
951 3272 1221 3310 ceterorum
1256 3257 1409 3321 magi·
1492 3274 1612 3323 opes
1639 3259 1856 3323 attigisti.

388 3348 623 3387 stratuum
656 3340 1027 3389 obnuntiatione
1047 3339 1303 3388 eonsilium
1330 3337 1407 3385 di·
1565 3339 1621 3387 3.
1673 3340 1732 3403 Q.
1775 3338 1978 3389 necent.
2023 3340 2241 3402 Quintus
2281 3342 2512 3393 Metellus

390 3418 579 3466 mittere
602 3429 908 3483 cogerentur.
1494 3417 1637 3467 Celer
1665 3418 1772 3467 fuit.
1811 3418 1939 3467 Huic
1967 3418 2226 3467 succedere
2261 3420 2314 3469 in
2347 3424 2512 3471 animo

386 3494 425 3527 -“
461 3507 514 3559 9.
559 3496 638 3543 Sic
678 3512 753 3561 pr.
798 3498 993 3557 Sextio,
1032 3512 1147 3562 cap.
1188 3497 1272 3545 15.
1306 3494 1409 3545 Alli
1494 3496 1789 3546 destinatum
1814 3497 2022 3545 habebat
2053 3498 2307 3561 Vatinius,
2341 3516 2516 3564 qutun-

384 3584 582 3635 umen,
617 3575 1002 3639 presidentibus.
1019 3576 1071 3625 J.
1086 3578 1150 3623 V.
1174 3578 1234 3624 L.
1470 3592 1641 3641 ‘qnam
1667 3592 1731 3624 ex
1754 3576 2030 3625 tribunatus
2055 3578 2131 3625 sui
2157 3578 2302 3626 initio
2329 3594 2513 3629 renun-

468 3668 547 3703 10.
576 3654 691 3701 Non
715 3652 1005 3703 consulibus.
1026 3653 1205 3703 Pisone
1230 3664 1282 3703 et
1304 3656 1406 3703 Ga·
1476 3656 1658 3703 'uma
1679 3690 1695 3713 ‚
1750 3669 1954 3720 augures
2004 3670 2107 3704 non
2161 3658 2512 3723 impedimento

388 3732 547 3783 binio.
1494 3734 1588 3783 sibi
1614 3735 1802 3783 futuros
1815 3770 1831 3797 ,
1860 3750 1922 3783 ne
1945 3736 2074 3800 leges
2108 3752 2218 3785 sun
2245 3739 2408 3789 taret.

468 3828 549 3863 11.
590 3810 1037 3878 Cotylagravemne.
1058 3812 1211 3860 Velut
1238 3812 1407 3860 ineen-
1571 3820 1617 3869 4.
1657 3814 2040 3877 conquassatam
2074 3816 2329 3865 civitatem.
2371 3818 2516 3869 sedi-

390 3892 478 3942 dio
497 3894 685 3957 periere
701 3899 751 3937 et
768 3888 975 3937 subl-tn
992 3900 1125 3939 sunt.
1494 3892 1685 3949 tionum
1707 3892 1936 3941 fluctibus
1949 3890 2344 3958 'conquassatam

460 3974 603 4021 vm.
642 3988 689 4022 ι.
728 3968 888 4018 Venit.
930 3968 1075 4017 nolit
1096 3970 1297 4041 *Et-nest.
1316 3984 1407 4019 ve·
1571 3974 1621 4022 5.
1665 3972 1814 4035 Vulg.
1856 3984 2054 4036 putares
2078 4006 2095 4032 ,
2142 3973 2279 4037 quod
2319 3974 2510 4024 Ernest.

394 4050 535 4101 uerit.
556 4054 608 4102 J.
628 4054 693 4099 V.
724 4052 779 4099 L.
1496 4068 1698 4118 prorsus
1729 4054 1938 4103 alienum
1973 4054 2179 4115 judicat.
2217 4052 2410 4101 Lnllem.
2437 4064 2513 4103 ta-

470 4148 521 4180 2.
540 4131 643 4181 Sed
666 4127 937 4180 latrocinio.
966 4130 1025 4177 In
1040 4128 1131 4178 iilo
1156 4139 1241 4178 tuo
1262 4128 1411 4177 tribu·
1498 4148 1609 4181 men
1635 4132 1852 4181 retinuit.
1877 4133 1928 4181 J.
1947 4134 2010 4179 V.
2038 4134 2087 4181 1..

2175 4240 2282 4287 10.
