2996 4694
483 360 625 440 2'56
1123 366 1220 434 M.
1273 366 1347 433 T.
1402 362 1969 435 CICERONIS

485 490 744 565 ratoris
777 489 854 557 in
889 508 1178 584 poenam
1209 483 1565 557 exercitus
1596 485 2039 581 expetitum²
2076 508 2231 559 esse
2261 488 2611 563 videatur.

481 608 722 697 Atque
757 596 944 669 hanc
977 593 1475 667 Macedoniam
1495 590 1847 683 ,domitis
1885 596 2033 691 jam
2080 599 2411 694 gentibus
2446 600 2613 677 fini-

479 712 672 785 timis
691 765 712 795 ,
755 704 1234 802 barbariaque
1269 727 1682 801 compressa
1704 758 1724 793 ,
1766 720 2090 801 pacatam
2118 709 2343 806 ipsam
2378 736 2510 810 per
2536 737 2615 784 se

481 838 556 895 et
581 821 903 919 quietam
921 869 940 902 ,
969 816 1172 886 tenui
1197 813 1532 912 praesidio
1548 866 1569 902 ‚
1592 828 1810 911 atque
1838 820 2092 913 exigua
2116 842 2369 909 manu,
2400 822 2611 892 etiam

485 934 639 1005 sine
677 926 984 1025 imperio
1005 978 1026 1011 ‚
1082 947 1214 1022 per
1256 922 1531 1023 legatos
1552 920 1606 1011 ³,
1652 927 1949 997 nomine
1992 928 2151 1025 ipso
2204 929 2461 1029 populi
2498 956 2616 1001 ro·

485 1041 683 1115 mani
719 1035 1150 1109 tuebamur:
1195 1060 1357 1132 quae
1395 1057 1594 1105 nuuc
1625 1034 1997 1112 ,consulari
2045 1038 2351 1135 imperio
2396 1055 2615 1137 atque

485 1152 805 1225 exercitu
836 1148 934 1216 ita
965 1158 1217 1216 vexata
1247 1158 1354 1215 est
1375 1196 1395 1231 ,
1437 1145 1553 1214 vix
1585 1158 1669 1214 ut
1700 1168 1775 1215 se
1812 1146 2039 1241 possit
2069 1146 2412 1219 diuturna
2440 1173 2615 1248 pace

483 1282 851 1335 recreare:
902 1280 1130 1353 quum
1176 1258 1488 1343 interea,
1535 1256 1699 1351 quis
1740 1270 2058 1327 vestrum
2106 1256 2249 1330 hoc
2288 1285 2445 1331 non
2486 1286 2617 1331 au·-

487 1371 704 1457 divit,
765 1366 930 1463 quis
991 1365 1316 1459 ignorat,
1375 1363 1725 1435 Achaeos‘*
1800 1366 2167 1463 ingentem
2233 1372 2616 1466 pecuniam

487 1478 806 1581 pendere
849 1478 927 1545 L.
963 1475 1202 1544 Pisoni
1233 1474 1668 1570 quotannis?
1716 1476 2012 1573 vectigal
2045 1500 2128 1548 ac
2163 1477 2613 1576 portorium⁵

487 1584 1154 1687 Dyrrhachinorum
1191 1598 1424 1654 totum
1457 1586 1535 1654 in
1580 1583 1793 1679 hujus
1824 1588 2047 1657 unius
2074 1604 2425 1684 quaestum
2464 1614 2617 1661 esse

485 1694 968 1772 conversum?
1015 1692 1274 1797 urbem
1327 1698 1837 1791 Byzantiorum
1858 1750 1877 1785 ,
1918 1696 2125 1769 vobis
2176 1714 2399 1797 atque
2450 1699 2619 1771 huic

487 1810 793 1907 imperio
832 1804 1352 1890 fidelissimam,
1391 1805 1725 1877 hostilem
1772 1807 1849 1877 in
1888 1807 2187 1879 modum
2225 1834 2379 1881 esse
2412 1836 2619 1881 vexa-

487 1920 686 1991 tam?
721 1939 872 2013 quo
909 1914 1064 2000 ille,
1107 1929 1577 2011 posteaquam
1618 1916 1803 1987 nihil
1844 1920 2239 2017 exprimere
2273 1919 2367 1992 ab
2396 1944 2615 2018 egen-

486 2029 720 2115 tibus,
757 2025 942 2097 nihil
987 2022 1129 2095 ulla
1167 2030 1235 2095 vi
1270 2050 1310 2095 a
1351 2024 1677 2098 miseris⁶
1714 2042 2145 2125 extorquere
2188 2033 2461 2127 potuit,
2500 2057 2615 2102 co-

491 2138 738 2211 hortes
775 2138 848 2205 in
886 2132 1190 2205 hiberna
1227 2136 1456 2223 misit;
1495 2136 1609 2207 his
1639 2139 2067 2235 praeposuit,
2107 2164 2293 2235 quos
2338 2144 2617 2239 putavit

489 2250 646 2322 fore
691 2244 1264 2342 diligentissimos
1295 2245 1631 2317 satellites
1663 2247 2009 2319 scelerum
2028 2296 2047 2334 ,
2090 2252 2458 2323 ministros
2492 2277 2615 2323 cu-

487 2363 872 2463 piditatum
931 2379 1246 2428 suarum.
1304 2357 1579 2427 Omitto
1637 2357 2213 2452 jurisdictionem
2268 2365 2341 2434 in
2396 2363 2617 2434 libera

487 2474 772 2546 civitate
793 2479 818 2524 ⁷
855 2481 1104 2538 contra
1131 2465 1324 2562 leges
1359 2481 1803 2566 senatusque
1836 2472 2210 2560 consulta3
2247 2473 2475 2545 caedes
2501 2499 2617 2544 re-

1599 2695 1831 2763 Philippo
1850 2699 2137 2752 abalienaret
2153 2737 2167 2760 ‚
2192 2705 2247 2751 in
2263 2704 2469 2752 solemni
2492 2703 2621 2754 festo

1598 2779 1752 2826 totitas
1788 2779 1989 2828 Graeeiae
2030 2781 2299 2831 libertatem
2340 2782 2618 2832 declarave-

559 2723 612 2754 α.
641 2702 800 2752 Scelus
825 2700 1149 2762 imperator-125.
1168 2734 1182 2749 .
1198 2735 1210 2747 .
1223 2698 1509 2763 expetitum.

490 2783 721 2836 Gulielm.
769 2779 1122 2828 emendandum
1177 2779 1368 2826 eensuit
1415 2795 1510 2829 ex·

481 2863 709 2931 piacisse.
733 2861 792 2907 In
817 2857 985 2906 Pisou.
1016 2873 1062 2906 e.
1095 2857 1162 2906 35
1183 2872 1198 2906 ε
1229 2879 1256 2899 ι
1275 2858 1380 2906 Tua
1401 2875 1510 2906 sce·

486 2943 588 2992 lera
604 2977 620 3004 ,
645 2939 714 2988 dii
737 2935 1057 2996 immortales,
1087 2937 1140 2984 in
1165 2947 1359 2984 nostros
1379 2937 1510 2986 mili-

495 3035 567 3072 tes
591 3018 911 3083 expiaverunt
929 3037 972 3065 ιο.

561 3102 610 3150 3.
631 3101 722 3146 Per
739 3095 941 3160 legatos.
955 3094 1121 3158 Legati
1139 3111 1402 3159 numquam
1419 3094 1515 3144 ha-

490 3183 699 3231 huerunt
723 3175 1008 3239 imperium,
1035 3189 1124 3221 nec
1151 3173 1205 3220 id
1233 3173 1348 3223 dare
1369 3185 1511 3239 pote.

487 3271 598 3308 rant
627 3256 796 3321 legatis
835 3253 1150 3319 proconsules
1165 3288 1179 3313 ,
1217 3255 1352 3318 quod
1379 3253 1514 3303 solus

487 3336 704 3404 populus
721 3334 867 3415 dahat
882 3333 988 3397 lege
1005 3335 1205 3382 curiata.

563 3425 611 3472 4.
640 3413 848 3463 Achoeos
863 3447 878 3474 ,
915 3421 1006 3458 ete.
1025 3413 1284 3475 Postquam
1306 3413 1513 3460 Achaici

489 3493 712 3544 foederati
726 3493 778 3539 in
798 3505 940 3538 eausa
955 3489 1302 3554 recuperandae
1317 3489 1515 3540 libem-

493 3575 560 3623 tis
588 3569 894 3627 ceciderunt,
921 3582 1090 3616 omnes
1132 3583 1300 3632 μοι
1341 3585 1513 3636 respa.

487 3652 632 3701 blieoe
653 3665 680 3696 e
709 3662 913 3695 numero
942 3646 1156 3709 gentium
1180 3645 1352 3696 deletae
1369 3660 1515 3712 sunt;

485 3729 572 3780 ina
603 3727 738 3791 regio
777 3739 933 3788 usque
971 3739 1034 3770 eo
1068 3724 1294 3788 depressa
1328 3739 1401 3776 est
1415 3760 1430 3785 ‚
1457 3738 1517 3775 ut

491 3823 634 3858 eumn
669 3805 830 3870 ipsum
879 3815 1059 3849 nomeu
1097 3817 1387 3866 quamquam
1427 3805 1516 3853 im.

486 3885 694 3936 mortale
718 3881 1016 3949 perdiderit3
1035 3890 1084 3928 et
1108 3895 1272 3929 eversa
1296 3898 1324 3929 a
1353 3885 1509 3932 Mum-

486 3965 588 4014 mio
616 3959 855 4013 Corintho
884 3972 968 4006 an.
1001 3959 1100 4006 608
1118 3993 1134 4019 ,
1169 3959 1224 4006 in
1259 3976 1509 4013 mmmm

487 4042 789 4108 provinciam
811 4035 1004 4086 redacta
1033 4027 1112 4086 sit.
1144 4039 1508 4107 Quinquaginta

489 4136 644 4168 annos
681 4130 794 4168 aute
833 4117 1115 4178 Flaminius,
1147 4130 1200 4168 ut
1241 4121 1440 4172 Graecon
1477 4141 1508 4172 a

1596 2867 1699 2919 rat,
1725 2867 1773 2904 et
1798 2858 1899 2906 suis
1937 2859 2125 2925 legibus
2158 2861 2371 2925 propriis
2406 2862 2479 2909 uti
2514 2879 2623 2926 per-

1598 2936 1805 2987 miserat.

1673 3017 1720 3064 5.
1747 3016 2016 3066 Portorinam
2031 3050 2048 3076 ,
2068 3027 2141 3066 est
2161 3018 2295 3082 quod
2316 3019 2621 3082 pendebatur

1600 3109 1691 3158 pro
1712 3094 1976 3154 mercibus,
2004 3110 2115 3159 quas
2132 3096 2209 3144 vel
2230 3095 2619 3161 exportabautm·

1600 3189 1664 3221 a
1686 3191 1742 3222 ea
1774 3175 2004 3239 regione,
2035 3173 2115 3222 vel
2150 3177 2207 3223 in
2244 3191 2348 3224 eam
2386 3177 2621 3241 importa-

1600 3253 1795 3303 bantur.

1674 3334 1725 3381 6.
1758 3332 1897 3382 mul
1913 3334 2015 3382 ulla
2034 3334 2098 3382 υἱ
2116 3351 2150 3382 a
2172 3334 2374 3383 miseris.
2387 3336 2619 3386 Juvenal.

1604 3413 1705 3460 Sat.
1721 3413 1843 3460 vm
1874 3426 1888 3460 ε
1928 3433 1954 3455 σι
1972 3413 2251 3462 Curandum
2282 3415 2337 3462 in
2360 3417 2532 3479 prinis
2554 3431 2621 3463 ue

1604 3507 1774 3555 magna
1793 3490 1968 3556 injuria
1988 3491 2075 3542 flat
2097 3493 2323 3542 Fortibus
2354 3505 2405 3542 et
2432 3493 2621 3542 miseris

1612 3606 1654 3621 ..
1669 3571 1911 3636 ‚spoliatis
1932 3586 2061 3620 arma
2088 3584 2406 3638 supet-sunta.

1678 3667 1727 3712 7.
1752 3649 2133 3700 Iurisdoeeionem
2160 3651 2213 3699 in
2238 3651 2388 3700 libem
2408 3650 2619 3702 civitate.

1602 3729 1747 3777 Unde
1771 3729 2073 3796 intelligitur,
2098 3747 2163 3778 ex
2196 3731 2473 3779 civitatibus
2499 3746 2623 3793 quas

1601 3807 1814 3873 populus
1833 3825 2061 3857 romanus
2081 3810 2133 3857 in
2164 3827 2301 3858 suam
2328 3819 2623 3874 potestatem

1597 3887 1843 3951 redegerat
1856 3924 1871 3948 ,
1909 3889 2027 3936 alias
2070 3889 2217 3938 fuisse
2258 3889 2311 3936 in
2352 3889 2625 3955 provincia

1596 3967 1799 4014 formam
1821 3967 2039 4017 redactas
2055 4001 2069 4027 ,
2090 3969 2144 4015 in
2173 3968 2351 4032 quibus
2368 3969 2623 4031 magistra·

1596 4057 1675 4093 tus
1738 4046 1911 4110 populi
1972 4048 2165 4094 romani
2224 4045 2623 4108 juridictionem

1594 4127 1845 4177 exercebat
1864 4161 1879 4191 ,
1941 4127 2061 4174 alias
2110 4125 2287 4174 liberas
2312 4159 2328 4184 ‚
2372 4141 2483 4190 qun
2523 4127 2627 4176 suis
