2996 4694
975 434 980 441 -
1084 392 1845 463 ARGUMENTUM.
2402 336 2527 460 55·

490 534 560 573 cx
587 512 832 591 epistola
861 510 936 573 ad
961 512 1284 591 Sulpicium
1311 532 1664 593 cognoscere
1684 556 1703 585 ,
1733 512 1809 571 ad
1834 512 1967 571 Div.
1996 517 2101 579 lv,
2134 522 2168 583 4
2190 553 2207 581 ,
2242 513 2363 571 fere
2390 512 2539 572 med.

493 637 518 663 «ι
535 614 725 688 Atque
755 610 868 669 hoc
895 611 1024 689 ipso
1049 610 1262 669 melior
1293 624 1379 671 est
1407 620 1543 684 tua,
1586 629 1761 689 quam
1792 623 1989 670 nostra
2016 608 2293 671 conditio.
2325 615 2461 671 Uno
2489 624 2545 668 te

487 706 751 780 vicimus,
773 706 934 785 quod
951 706 1026 765 de
1047 707 1340 784 Marcelli,
1361 708 1595 787 college
1618 707 1731 777 tui,
1754 707 1939 765 salute
1958 706 2157 785 paullo
2180 719 2315 765 ante
2332 750 2351 779 ‚
2369 726 2543 786 quam

491 818 558 864 tu
577 846 595 877 ‚
641 805 1056 881 cognovimus:
1085 806 1261 865 etiam
1295 804 1627 865 mehercule
1646 848 1665 878 ‚
1707 803 1867 881 quod
1890 846 1907 874 ,
1945 802 2437 883 quemadmodum
2476 824 2545 863 ea

493 922 586 963 res
613 916 900 982 ageretur,
929 902 1196 963 vidimus.
1216 908 1364 965 Nam
1394 902 1477 962 sic
1500 903 1591 963 fac
1610 902 1902 963 existimes
1926 923 1940 959 :
1970 915 2105 981 post
2128 901 2233 961 has
2254 902 2513 961 miserias
2531 944 2549 973 ,

479 1001 530 1061 j.
559 1021 610 1061 e.
643 1012 956 1079 postquam
985 1002 1162 1061 armis
1197 1001 1509 1080 disceptari
1548 1014 1805 1079 coeptum
1846 1013 1933 1063 est
1982 998 2057 1059 de
2094 1000 2228 1078 jure
2262 998 2508 1078 publico
2526 1044 2543 1071 ,

493 1097 638 1157 nihil
689 1118 814 1157 esse
851 1110 1044 1157 actum
1077 1096 1234 1159 aliud
1271 1118 1404 1158 cum
1437 1098 1731 1174 dignitate.
1758 1099 1913 1157 Nam
1940 1109 1999 1159 et
2028 1098 2155 1175 ipse
2184 1101 2406 1167 Coesar,
2442 1116 2545 1155 ac-

493 1207 692 1256 cusata
733 1194 1042 1257 acerbitate
1081 1196 1340 1257 Marcelli
1384 1193 1509 1275 (sic
1556 1195 1711 1255 enim
1750 1194 2158 1275 appellabat),
2197 1194 2546 1271 laudataque

493 1290 1066 1353 honorificentissime
1097 1304 1158 1351 et
1187 1292 1454 1370 nquitate
1477 1305 1577 1353 tua
1604 1304 1661 1351 et
1688 1292 2001 1370 prudentia
2018 1336 2036 1363 ,
2070 1305 2308 1371 repente
2338 1304 2547 1369 praeter

491 1406 656 1463 spem
689 1386 840 1447 dixit
859 1430 876 1458 ,
919 1407 980 1447 se
1008 1388 1232 1448 senatui
1259 1388 1492 1465 roganti
1520 1386 1597 1447 de
1625 1388 1907 1447 Marcello
1934 1408 2007 1447 ne
2033 1387 2285 1449 hominis
2308 1386 2545 1467 quidem

493 1502 666 1544 causa
691 1496 1052 1563 negaturum.
1079 1488 1318 1544 Fecerat
1337 1496 1533 1543 autem
1559 1483 1675 1543 hoc
1694 1498 1957 1557 senatus,
1988 1497 2082 1554 ut,
2106 1504 2287 1562 quum
2316 1504 2351 1543 a
2370 1489 2435 1543 L.
2452 1484 2548 1541 Pi-

493 1598 636 1639 sone
674 1582 892 1641 mentio
933 1593 1082 1641 esset
1123 1581 1274 1642 facta
1305 1580 1382 1641 de
1406 1582 1689 1668 Marcello
1707 1625 1724 1652 ‚
1766 1596 1827 1641 et
1854 1597 2035 1660 quum
2058 1586 2124 1641 C.
2150 1584 2461 1642 Marcellus
2488 1602 2549 1639 se

492 1674 568 1738 ad
591 1678 830 1737 Caesaris
859 1676 1036 1753 pedes
1051 1675 1384 1754 abjecisset,
1413 1692 1658 1737 cunctus
1682 1692 2070 1757 consurgeret,
2090 1668 2149 1737 et
2172 1678 2245 1737 ad
2270 1682 2547 1739 Caesarem

491 1772 736 1851 supplex
769 1772 1094 1834 accederet.
1121 1774 1256 1833 Noli
1279 1794 1541 1851 quaerere
1558 1797 1573 1835 :
1592 1775 1673 1833 ita
1698 1776 1839 1837 mihi
1859 1776 2105 1853 pulcher
2125 1775 2221 1837 hic
2247 1775 2373 1837 dies
2396 1776 2550 1837 visus

491 1881 578 1929 est
591 1912 612 1942 ,
641 1883 704 1929 ut
725 1870 978 1947 speciem
999 1870 1254 1947 aliquam
1274 1870 1509 1929 viderer
1534 1872 1737 1933 videre
1754 1874 1921 1951 quasi
1944 1872 2337 1936 reviviscentis
2358 1874 2550 1952 reipu-

489 1964 676 2027 blicae.
707 1969 910 2043 ltaque
955 1984 1136 2043 quum
1171 1986 1372 2027 omnes
1398 1980 1533 2027 ante
1562 1987 1655 2030 me
1688 1970 1877 2049 rogati
1918 1971 2129 2032 Caesari
2160 1970 2375 2049 gratias
2400 1971 2552 2047 egis—

415 2072 422 2077 ’
491 2076 624 2123 sent
658 2075 869 2141 praeter
905 2064 1235 2124 Volcatium
1267 2086 1280 2121 ε
1313 2064 1364 2125 is
1401 2064 1589 2137 enim,
1618 2067 1667 2125 si
1708 2087 1781 2125 eo
1816 2068 1947 2127 loco
1981 2081 2168 2138 esset,
2210 2068 2439 2145 negavit
2490 2089 2551 2125 se

492 2162 780 2221 facturum
824 2160 998 2223 fuisse
1037 2181 1051 2217 :
1092 2176 1200 2237 ego
1247 2174 1480 2239 rogatus
1500 2203 1518 2232 ,
1566 2165 1782 2223 mutavi
1822 2180 2013 2224 meum
2040 2164 2363 2229 eonsilium.
2400 2169 2549 2225 Nam

489 2268 832 2326 statueram,
853 2276 972 2321 non
995 2254 1328 2317 mehercule
1356 2256 1589 2328 inertia,
1616 2258 1719 2321 sed
1748 2259 2039 2322 desiderio
2068 2261 2325 2338 pristinae
2356 2260 2550 2338 digni-

494 2352 658 2424 tatis,
689 2354 751 2412 in
778 2366 1126 2434 perpetuum
1153 2365 1366 2413 tacere.
1419 2353 1617 2430 Fregit
1642 2353 1755 2414 hoc
1783 2375 1977 2421 meum
2004 2359 2305 2426 consilium
2336 2371 2395 2418 et
2424 2363 2550 2420 Cae-

492 2451 636 2516 saris
681 2451 1022 2530 magnitudo
1059 2450 1276 2522 animi,
1315 2463 1376 2508 et
1419 2463 1655 2520 senatus
1700 2451 1975 2515 officium.
2022 2458 2229 2534 Itaque
2281 2457 2550 2535 pluribus

493 2547 687 2610 verbis
723 2549 817 2628 egi
862 2549 1073 2612 Caesari
1101 2547 1348 2623 gratian
1377 2565 1627 2626 meque*
1650 2562 1879 2618 metuo,
1918 2571 1993 2610 ne
2038 2553 2212 2615 etiam
2247 2555 2307 2614 iu
2339 2557 2548 2614 >ceteris

492 2645 668 2706 rebus
715 2645 961 2706 honesto
1005 2646 1130 2706 otio
1176 2644 1452 2725 privatim
1470 2689 1488 2718 ‚
1546 2645 1704 2723 quod
1755 2661 1879 2707 erat
1932 2666 2114 2714 uuum
2162 2652 2431 2714 solatium
2484 2654 2541 2711 in

493 2742 656 2802 malis
688 2768 730 2800 υ.
1748 2819 1755 2825 .

569 2847 820 2917 Accepto
864 2838 978 2896 hoc
1017 2840 1222 2897 nuntio
1247 2881 1264 2911 ,
1309 2850 1369 2896 et
1417 2840 1584 2896 novis
1638 2839 2139 2902 cohortationibus
2190 2847 2509 2906 amicorum
2530 2893 2545 2918 ,

493 2937 746 2996 reditum
773 2935 1027 3014 cogitare
1058 2936 1234 3014 eoepit
1269 2935 1581 2994 Marcellus
1603 2957 1619 3008 3
1645 2934 1745 2994 sed
1762 2979 1777 3009 ,
1807 2938 1969 2998 velut
1997 2940 2266 3000 tarditate
2293 2943 2549 3004 delecta-

493 3047 616 3106 tus,
637 3034 754 3092 iter
783 3032 844 3091 in
875 3051 1090 3090 annum
1123 3051 1238 3108 709
1261 3031 1506 3089 distulit.
1533 3035 1601 3088 In
1634 3052 1707 3090 eo
1732 3032 1937 3091 itinere
1965 3055 2143 3112 quum
2174 3035 2375 3098 inense
2392 3043 2547 3100 maio

490 3131 552 3187 in
585 3129 866 3200 Piraeeum
909 3127 1184 3186 devectus
1213 3139 1392 3199 esset,
1438 3125 1513 3185 ab
1555 3147 1668 3184 uno
1712 3129 1985 3188 comitum
2034 3151 2302 3205 suorum,
2351 3137 2547 3216 Magio

493 3227 696 3285 Cilone
717 3269 732 3297 ,
774 3224 1082 3284 obscuram
1109 3223 1189 3283 ob
1217 3243 1447 3284 causam
1475 3237 1655 3282 noctu
1678 3225 2013 3286 interfectus
2049 3241 2165 3302 est,
2211 3242 2270 3288 et
2305 3231 2379 3291 ab
2410 3237 2547 3294 Sul..

492 3323 648 3402 picio
675 3322 804 3394 illo,
829 3322 930 3402 qui
968 3333 1091 3380 tum
1116 3319 1432 3400 proconsul
1459 3321 1696 3380 Achaiae
1720 3323 1871 3382 forte
1898 3325 2154 3385 Athenas
2179 3344 2417 3387 venerat
2438 3373 2451 3398 ‚
2484 3333 2543 3390 in

492 3420 624 3478 loco
653 3417 979 3478 Academiae
1003 3417 1292 3477 humatus.
1337 3422 1468 3490 Qua
1501 3416 1576 3476 de
1599 3437 1662 3476 re
1698 3418 1869 3496 hujus
1895 3421 2077 3479 literae
2108 3437 2336 3483 exstant
2372 3445 2547 3487 accu-

493 3529 615 3574 rate
667 3515 898 3594 scriptae
936 3513 1008 3572 ad
1063 3517 1183 3572 Cic.
1231 3513 1306 3572 ad
1353 3515 1486 3572 Div.
1530 3517 1610 3572 IV
1630 3559 1649 3588 ,
1711 3535 1814 3589 1²3
1854 3517 1925 3574 ef.
1975 3518 2101 3577 Liv.
2163 3520 2318 3598 Epit.
2363 3527 2542 3594 CXV,

490 3624 550 3670 et
597 3611 790 3670 valer.
827 3613 986 3668 Max.
1036 3614 1154 3683 IX,
1193 3631 1256 3667 11
1277 3652 1294 3681 ,
1333 3621 1390 3680 t..
1438 3614 1842 3672 Percussorem
1890 3613 2113 3674 homini
2162 3619 2475 3679 immissum
2511 3643 2545 3681 a

489 3714 740 3780 Caesare,
773 3719 839 3765 ut
865 3707 1074 3784 vulgus
1103 3709 1352 3787 pessima
1387 3727 1635 3786 quaeque
1663 3711 2031 3789 cupidissime
2064 3715 2249 3774 credit
2267 3760 2283 3788 ,
2332 3723 2545 3778 recenti

490 3827 555 3865 re
603 3793 766 3864 haud
816 3801 992 3862 dubie
1042 3805 1280 3863 suerunt
1328 3807 1525 3879 multi,
1581 3808 1683 3884 qui
1731 3809 2191 3886 suspicabantur.
2244 3819 2321 3872 At
2376 3817 2544 3875 talem

489 3901 874 3981 suspicionem
899 3897 1073 3958 diluit
1094 3901 1234 3959 olim
1258 3906 1340 3960 Μ.
1363 3906 1575 3962 Brutus
1591 3947 1607 3976 ,
1636 3917 1722 3976 et,
1750 3908 1853 3983 qui
1882 3905 1940 3964 id
1970 3909 2171 3982 refert,
2196 3909 2317 3987 ipse
2342 3913 2544 3972 Cicero

494 4001 568 4058 ad
598 4005 709 4057 Ait.
739 3998 885 4057 XIII
908 4040 924 4067 ,
962 4017 1070 4068 105
1098 4017 1164 4056 ac
1185 4041 1200 4071 ,
1237 4019 1308 4055 ne
1342 3999 1471 4075 quis
1513 4021 1639 4060 eam
1678 4001 1854 4062 hodie
1900 4007 2294 4066 renovandam
2343 4024 2543 4087 putet,

498 4095 698 4156 velant
723 4097 875 4174 leges
907 4093 1160 4152 historiae
1189 4109 1246 4154 et
1270 4114 1459 4155 mores
1481 4099 1736 4157 Caesaris.
1783 4105 1977 4158 Wou.
