2996 4694
791 409 1178 478 ORATIO
1228 410 1329 479 ΙΝ
1379 411 1454 480 L.
1500 411 1581 478 c.
1636 406 2127 477 PISONEM.
2386 403 2525 502 395

335 563 344 572 ·
396 546 510 602 tos
581 529 948 615 Camillos,
1019 525 1381 619 Curiosffi,
1437 530 1842 617 Fabricios,
1906 527 2305 614 Calatinos,
2372 530 2525 600 Sci·-

395 643 682 739 pioneS,
734 641 1147 728 Marcellos,
1189 639 1579 714 Maximos!
1638 667 1685 712 O
1740 653 2099 711 amentem
2162 635 2522 708 Paullum!

394 752 740 823 rusticum
805 750 1148 824 Marium!
1220 753 1489 824 nullius
1556 751 1834 824 consilii
1892 763 2127 847 patres
2176 745 2526 818 horum¹⁹

395 859 776 932 amborum
815 861 1300 950 c‘onsulum20,
1340 866 1468 958 qui
1508 855 2083 958 triumpharunt!

491 974 714 1042 XXV.
767 969 906 1042 Sed
925 1023 944 1056 ,
979 974 1340 1067 quoniam·
1363 973 1723 1070 praeterita
1762 984 2043 1042 mutare
2076 991 2229 1040 non
2264 989 2523 1064 possu-

397 1104 600 1169 mus,
652 1080 828 1178 quid
882 1097 1110 1154 cessat
1160 1081 1280 1154 hic
1329 1081 1767 1167 homullus¹,
1820 1105 1909 1152 ex
1953 1077 2199 1174 argilla
2244 1091 2319 1148 et
2367 1074 2525 1146 luto

397 1187 609 1262 fictus
637 1195 1035 1288 Epicureus
1052 1246 1072 1279 ‚
1115 1191 1286 1266 dare
1313 1193 1464 1264 haec
1500 1191 1835 1291 praeclara
1864 1202 2215 1314 praecepta
2244 1187 2529 1283 sapien-

399 1297 512 1370 tiae
553 1299 944 1374 clarissimo
1007 1317 1078 1376 et
1133 1327 1419 1376 summo
1477 1301 1933 1414 imperatori,
1978 1308 2294 1396 genero²
2348 1296 2529 1368 suo?

397 1413 652 1484 Fertur
685 1412 808 1484 ille
851 1418 979 1499 vir,
1023 1415 1200 1486 mihi
1241 1414 1490 1504 crede,
1536 1415 1799 1512 gloria;
1840 1412 2122 1508 flagrat,
2160 1407 2367 1479 ardet
2396 1429 2527 1478 cu-

398 1515 696 1618 piditate
731 1525 900 1620 justi
933 1540 1006 1596 et
1053 1527 1296 1624 magni
1339 1523 1724 1622 triumphi3
1754 1548 1905 1595 non
1946 1516 2240 1593 didicit³
2276 1515 2529 1588 eadem

395 1631 570 1721 ista,
611 1658 776 1731 quae
817 1651 922 1708 tu.
968 1638 1175 1707 Mitte
1225 1634 1319 1708 ad
1376 1637 1589 1708 eum⁴
1643 1633 1993 1705 libellum.
2041 1627 2181 1700 Sed
2233 1627 2416 1721 jam,
2470 1626 2531 1696 si

397 1741 552 1838 ipse
581 1767 822 1814 coram
859 1743 1203 1841 congredi
1231 1748 1503 1840 poteris
1523 1798 1543 1833 ,
1575 1742 1959 1826 meditare,
1996 1737 2262 1836 quibus
2291 1735 2533 1808 verbis

323 1847 334 1858 ’
398 1853 770 1924 incensam
814 1852 1006 1924 illius
1037 1853 1509 1950 cupiditatem
1548 1855 1983 1951 comprimas
2020 1865 2239 1945 atque
2277 1849 2536 1919 restin-

400 1983 599 2054 guas.
630 1959 918 2032 Valebis
943 1963 1136 2058 apud
1175 1962 1549 2034 hominem
1586 1962 2007 2033 volitantem
2047 1958 2289 2055 gloria:
2323 1957 2528 2055 cupi-

401 2065 658 2154 ditate,
714 2071 827 2140 vir
869 2070 1286 2144 moderatus
1337 2087 1411 2143 et
1463 2085 1838 2155 constans3
1882 2070 2074 2168 apud
2118 2065 2531 2153 indoctum,

401 2175 770 2267 eruditus3
811 2179 1002 2277 apud
1069 2207 1458 2280 generum,
1506 2205 1731 2251 socer.
1785 2181 1997 2251 Dices
2038 2181 2270 2265 enim,
2314 2191 2398 2246 ut
2453 2201 2531 2247 es

401 2285 627 2360 homo
674 2285 982 2381 facetuS,
1025 2292 1116 2365 ad
1161 2291 1745 2392 persuadendum
1786 2288 2185 2361 concinnus
2206 2341 2225 2372 ,
2292 2285 2532 2385 perfe-

401 2410 582 2487 ctus,
604 2399 874 2497 politus
893 2457 916 2490 ‚
951 2426 990 2473 e
1029 2402 1276 2474 schola
1306 2432 1322 2475 ε
1364 2401 1561 2494 Quid
1592 2416 1733 2490 est,
1761 2404 2014 2485 Caesar,
2042 2397 2244 2496 quod
2272 2412 2347 2469 te
2374 2421 2541 2495 sup-

399 2506 824 2605 plicationes
852 2514 1062 2585 toties
1090 2514 1393 2586 decretae
1412 2568 1435 2601 ‚
1471 2526 1585 2586 tot
1611 2500 1961 2599 dierum5,
2005 2524 2385 2607 tantopere
2414 2507 2536 2579 de-

399 2618 710 2693 lectent?
757 2626 834 2693 in
893 2622 1164 2720 quibus
1213 2625 1547 2696 homines
1597 2646 1843 2694 errore
1900 2621 2307 2706 ducuntur3
2354 2641 2535 2716 quas

479 2872 560 2920 18.
597 2872 826 2922 Camillos
843 2907 858 2933 ,
889 2874 1070 2924 arios.
1095 2878 1316 2940 Longum
1343 2876 1422 2924 ni·

405 2950 497 2999 min
539 2964 664 3001 estet
691 2970 863 3002 eorum
899 2954 1174 3019 triumphos
1209 2957 1386 3003 referre
1408 2988 1426 3013 ,

1514 2874 1733 2923 derideat
1754 2884 1936 2935 orator,
1954 2872 2103 2921 verba
2122 2884 2324 2937 usurpat
2339 2889 2365 2919 a
2386 2874 2537 2921 comi-

1514 2954 1585 3002 cis
1620 2954 1826 3012 usit-ta,
1861 2952 1947 3000 ned
1980 2969 2089 3016 que
2124 2952 2263 3001 nullo
2298 2950 2449 3001 modo
2474 2970 2537 3001 ex

405 3028 591 3094 quippe
629 3033 714 3095 qui
760 3034 946 3098 optime
993 3034 1214 3084 historiis
1265 3034 1422 3083 inch-

404 3109 602 3160 mei-int.

482 3191 799 3257 190110mm.
821 3190 906 3240 Al.
931 3192 1384 3241 iscoram.s.v.1..

479 3281 561 3313 πο.
600 3270 866 3317 Anbar-um
893 3272 1167 3319 consulum.
1205 3272 1426 3337 Pompeii

405 3354 458 3393 et
485 3346 916 3413 cnui.1>ompmi
944 3362 1084 3415 pater
1111 3350 1174 3399 de
1207 3350 1426 3411 Picenis,

406 3424 566 3473 Crasti
595 3442 716 3474 vero
747 3428 810 3476 de
845 3430 1086 3479 Lusitanis
1121 3432 1218 3494 egit
1253 3432 1425 3479 trium-

369 3514 384 3531 ·
405 3504 578 3569 pbnm.

475 3586 643 3633 XXV.
691 3602 738 3636 x.
779 3588 870 3635 Hie
901 3588 1158 3639 homullus.
1201 3590 1424 3639 Groevius

407 3664 780 3730 deprehendis-e
807 3683 858 3714 oe
883 3678 1022 3730 putat
1049 3668 1132 3717 hie
1161 3670 1424 3732 fragmenta

406 3754 582 3807 poeta,
611 3744 752 3804 cuju·
779 3760 942 3795 versus
969 3748 1064 3795 hoe
1089 3748 1262 3796 ordine
1289 3748 1427 3812 dige-

409 3824 512 3873 rit:
553 3822 737 3885 «Quid
779 3838 933 3873 cessat
977 3825 1060 3873 hie
1095 3828 1324 3876 homulus
1363 3844 1424 3876 ex

409 3900 590 3968 Argilln
625 3914 770 3966 etque
805 3904 912 3953 luto
946 3902 1090 3953 fletus
1127 3907 1389 3971 Epicureus
1406 3940 1423 3967 ‚

409 3983 522 4030 clare
555 3982 661 4030 hee
699 3986 884 4033 Parate
909 3984 1037 4031 clara
1073 3996 1312 4048 precepta
1345 4002 1424 4033 aa·

410 4062 605 4126 pientio
622 4084 666 4113 n.
689 4062 844 4125 Quod
865 4078 978 4111 vero
995 4080 1296 4127 nequaquam
1316 4081 1426 4129 pro·

409 4140 624 4190 bandum
647 4142 856 4191 videtur.
881 4144 996 4207 Quo
1018 4144 1178 4191 acrius
1203 4143 1424 4194 Pisonem

1513 3031 1735 3079 versibus
1750 3032 1849 3078 tint
1872 3030 2142 3093 desumpta.

1585 3126 1639 3157 2.
1668 3110 1857 3157 Gener-o
1876 3125 1977 3155 suo.
2005 3110 2061 3156 C.
2084 3108 2289 3165 caesari,
2310 3108 2397 3171 qui
2417 3117 2534 3156 tune

1512 3189 1563 3237 in
1600 3188 1755 3238 Gallia
1790 3187 1969 3237 bellum
2010 3186 2223 3251 gerebat.
2260 3214 2331 3225 —
2367 3190 2538 3235 Fertur

1511 3269 1595 3317 ille
1620 3269 1721 3317 vir.
1756 3269 1873 3331 Quo
1909 3262 2100 3315 fertur?
2125 3266 2311 3314 seilicet
2342 3266 2406 3314 ml
2432 3283 2531 3316 ma-

1514 3361 1632 3411 gnas
1676 3362 1751 3395 res
1795 3345 2063 3411 geu-endan
2119 3359 2216 3408 qua
2256 3361 2309 3393 te
2350 3346 2539 3394 fertur?

1514 3426 1680 3491 gloriae
1706 3426 1869 3475 vivida
1896 3424 2183 3488 cupiditate.

1586 3507 1636 3554 3.
1670 3506 1785 3553 Non
1812 3504 1982 3553 didicit
1998 3504 2169 3552 eadem
2191 3502 2283 3551 ἐπα
2300 3539 2316 3564 ,
2339 3520 2453 3571 quoe
2468 3519 2537 3557 tu.

1512 3585 1623 3634 Non
1650 3584 1848 3646 iisdem,
1872 3584 2049 3649 quibus
2066 3594 2140 3643 tu,
2160 3584 2403 3649 praeclaris
2424 3584 2544 3649 Epi-

1512 3665 1618 3713 curi
1638 3666 1893 3729 praeceptis
1912 3662 2126 3712 imbutus
2146 3675 2233 3713 est.

1587 3754 1635 3801 4.
1684 3744 1824 3791 Hieta
1858 3742 1933 3791 ad
1954 3760 2065 3791 eeem
2092 3743 2318 3793 libellum.
2360 3744 2542 3792 Literna

1512 3824 1691 3887 quibus
1726 3840 1837 3871 eum
1885 3840 1913 3871 a
1966 3824 2201 3889 triumphi
2236 3823 2540 3887 eupiditate,

1512 3903 1739 3967 exemplo
1762 3905 2029 3967 praesertim
2054 3914 2143 3951 tuo
2164 3938 2178 3961 ,
2206 3902 2493 3950 dehorteris.

1584 3984 1633 4031 5.
1696 3986 1787 4030 Tot
1824 3984 2029 4033 dictem.
2078 3984 2370 4047 Quindecim
2416 3998 2429 4032 :
2482 3996 2539 4033 ut

1514 4060 1723 4109 diximus
1748 4062 1811 4110 nd
1840 4078 1943 4111 eam
1976 4062 2037 4109 de
2064 4061 2332 4109 Provinciis
2358 4078 2535 4111 consu-

1516 4140 1713 4189 laribus.
