2996 4694
478 390 575 463 90
1119 370 1220 441 M.
1273 370 1349 441 T.
1403 368 1971 439 CICERONIS

574 490 934 565 Nimirum
977 489 1122 563 hoc
1155 489 1336 565 illud
1373 500 1587 582 estu,
1635 492 1837 590 quod
1872 491 1965 565 de
2002 516 2119 563 me
2156 496 2613 591 potissimum

477 614 563 671 tu
613 602 689 672 in
740 602 1192 674 accusatione
1241 606 1557 699 quaesisti
1577 658 1597 689 ,
1656 628 1817 701 quae
1872 618 2060 677 esset
2112 620 2361 677 nostra
2414 608 2615 679 natio

481 712 987 809 optimatium:
1027 714 1130 783 sic
1165 715 1361 785 enim
1397 713 1659 789 dixisti.
1696 718 1875 785 Rem
1914 715 2173 810 quaeris
2210 717 2613 813 praeclaram

477 822 842 917 juventuti
877 822 970 895 ad
1007 822 1474 913 discendum,
1520 848 1657 896 nec
1692 823 1871 894 mihi
1906 821 2273 897 difficilem
2319 825 2410 898 ad
2451 848 2618 924 per-

483 932 896 1007 docendum
927 960 946 1004 2
985 932 1076 1007 de
1112 957 1258 1031 qua
1288 958 1555 1033 pauca,
1587 932 2211 1031 judices‚,dicam;
2246 949 2321 1007 et
2342 989 2365 1017 ,
2404 949 2486 1007 ut
2514 960 2621 1009 ar·

484 1042 740 1132 bitror,
788 1069 927 1117 nec
967 1044 1062 1117 ab
1099 1044 1406 1117 utilitate
1451 1070 1707 1118 eornm
1725 1098 1745 1134 ,
1796 1045 1927 1142 qui
1968 1042 2301 1132 audient,
2348 1070 2489 1117 nec
2528 1043 2621 1117 ab

485 1153 732 1227 officio
774 1168 1058 1241 nostro,
1095 1179 1230 1227 nec
1268 1153 1360 1227 ab
1396 1157 1553 1253 ipsa
1594 1178 1805 1227 causa
1839 1158 1916 1226 P.
1948 1154 2170 1226 Sextii
2198 1142 2625 1229 abhorrebit

487 1265 720 1337 oratio
763 1290 945 1337 mea.

584 1380 798 1447 XLV.
855 1381 1022 1451 Duo
1059 1398 1331 1473 genera
1379 1398 1667 1473 semper
1710 1375 1791 1445 in
1827 1373 1965 1447 hac
2006 1374 2289 1447 civitate
2326 1370 2629 1448 fuerunt

489 1510 746 1559 eorum
765 1541 786 1574 ‚
830 1490 960 1584 qui
1003 1492 1268 1559 versari
1307 1489 1385 1559 in
1427 1485 1836 1586 republica,
1882 1498 2103 1583 atque
2144 1487 2221 1557 in
2263 1508 2347 1559 ea
2382 1508 2459 1559 se
2502 1510 2625 1559 ex-

493 1596 869 1669 cellentius
931 1622 1181 1695 gerere
1241 1599 1725 1671 studuerunt:
1770 1595 2039 1695 quibus
2098 1621 2191 1669 ex
2236 1594 2631 1693 genetibus

493 1708 698 1781 alteri
732 1731 809 1781 se
835 1709 1264 1807 popularesg
1297 1709 1503 1783 alteri
1533 1710 1917 1807 optimates
1950 1723 2023 1779 et
2054 1705 2307 1779 haberi
2324 1760 2345 1795 ‚
2376 1721 2449 1779 et
2474 1730 2630 1781 esse

495 1820 906 1891 voluerunt.
951 1824 1096 1913 Qui
1133 1846 1216 1893 ea
1237 1876 1257 1909 ,
1283 1846 1447 1919 quse
1484 1819 1882 1907 faciebant,
1910 1842 2222 1917 quaeque
2261 1817 2633 1907 dicebant,

495 1929 946 2003 multitudini
994 1932 1320 2029 jucunda
1379 1956 1533 2005 esse
1594 1929 1939 2003 volebant
1962 1984 1983 2018 ,
2036 1930 2457 2028 popularem
2506 1931 2635 2026 qui

497 2054 742 2111 autem
775 2044 878 2113 ita
907 2068 986 2115 se
1023 2041 1405 2141 gerebant,
1439 2059 1526 2115 ut
1558 2066 1689 2114 sua
1720 2042 2021 2114 consilia
2054 2043 2335 2139 optimo
2372 2042 2635 2137 cuique

501 2150 937 2249 probarent,
1001 2156 1385 2253 optimates
1451 2152 1927 2225 habebantur.
1989 2153 2171 2242 Quis
2225 2177 2399 2250 ergo
2419 2161 2442 2195 ¹
2502 2152 2637 2221 iste

505 2265 828 2363 optimus
867 2266 1229 2364 quisque?
1267 2270 1378 2338 De
1419 2286 1727 2337 numero
1774 2268 1837 2334 si
1884 2266 2145 2359 quaeris
2164 2316 2185 2352 ,
2220 2264 2638 2337 innumera-

495 2373 688 2467 biles
730 2403 746 2446 :
797 2401 1040 2476 neque
1085 2379 1280 2449 enim
1321 2377 1529 2450 aliter
1556 2391 1745 2448 stare
1782 2399 2179 2473 possemus.
2222 2379 2407 2446 Sunt
2441 2375 2641 2471 prin·
2728 2465 2735 2474 ν

477 2485 707 2583 ‘cipes
749 2486 1031 2558 consilii
1075 2486 1434 2586 publici²;
1483 2501 1698 2574 sunt,
1750 2486 1879 2581 qui
1919 2509 2176 2557 eorum
2218 2496 2487 2564 sectam
2528 2507 2642 2554 se·—

511 2611 874 2696 quuntur;
913 2612 1085 2667 sunt
1117 2600 1599 2669 maximorum
1644 2595 1985 2668 ordinum
2009 2592 2037 2638 3
2085 2593 2447 2682 homines»,
2488 2595 2643 2690 qui-

512 2702 652 2778 bus
681 2718 878 2801 patet
902 2705 1136 2794 curia;
1163 2721 1335 2780 sunt
1357 2705 1851 2805 municipaleS‚
1870 2703 2305 2800 rusticique‘*
2330 2706 2649 2790 romani;

517 2827 690 2885 sunt
719 2816 1012 2911 negotia
1036 2831 1407 2912 gerentes3
1443 2833 1614 2888 sunt
1646 2817 1858 2890 etiam
1896 2811 2214 2884 libertini
2240 2816 2645 2910 optimates.

523 2927 882 2997 Numerus
902 2981 922 3014 ,
954 2941 1036 2996 ut
1064 2926 1254 3014 dixi,
1281 2927 1503 3025 hujus
1530 2925 1811 3025 generis
1845 2922 1986 2993 late
2019 2935 2092 2992 et
2118 2924 2310 2993 varie
2346 2921 2653 2999 diffusus

595 3182 654 3215 ιι
667 3201 680 3216 .
719 3163 962 3214 Nimirum
999 3163 1090 3212 Ιιοσ
1127 3164 1256 3214 fvnd
1281 3175 1366 3215 ese.
1411 3165 1542 3228 Quia

520 3245 698 3296 Miloni
722 3244 950 3296 Clodium
977 3259 1202 3293 accusare
1238 3261 1326 3309 per
1350 3255 1543 3292 senatus

518 3325 854 3374 auctoritatem
887 3339 988 3372 non
1009 3323 1217 3374 licuerat
1241 3337 1256 3371 ε
1295 3333 1545 3372 accusator

522 3405 706 3466 Sextii,
735 3404 852 3453 inde
881 3415 1072 3472 ain-epta
1101 3403 1383 3460 occasione,
1409 3415 1547 3464 (μικ-

523 3477 640 3535 sivit
664 3501 692 3532 a
717 3483 975 3544 Cicerone,
1003 3485 1263 3548 quiessent
1289 3481 1547 3545 optimates

525 3564 626 3626 illi,
673 3579 797 3628 quos
828 3564 932 3628 ipse
967 3575 1018 3612 et
1055 3563 1246 3611 Sextius
1274 3562 1545 3621 jacui-mu

525 3661 676 3709 quum
725 3655 920 3692 senatus
939 3678 956 3705 ,
1000 3639 1306 3707 impedienda
1349 3638 1550 3685 Milonis

527 3723 858 3782 accusatione,
883 3738 1020 3772 suam
1045 3721 1098 3768 in
1121 3717 1350 3769 Clodium
1371 3715 1549 3764 volun-

528 3815 677 3853 tatem
694 3821 750 3851 ac
769 3802 982 3851 studium
1001 3799 1304 3848 declarasset.
1423 3839 1428 3845 .

598 3885 753 3933 XLV.
799 3898 844 3930 1.
893 3879 1111 3928 Lami-in.
1143 3899 1170 3919 α
1189 3876 1290 3939 Qui
1321 3891 1438 3940 ergo
1467 3876 1553 3926 isti

531 3963 822 4028 optimates?
865 3959 987 4022 qui?
1025 3979 1051 3998 a
1105 3955 1198 4004 Ed.
1251 3954 1549 4006 Gothori-ed.

531 4066 554 4084 «ι
567 4042 692 4106 Quis
704 4055 821 4104 ergo
834 4038 1047 4102 optimus
1067 4035 1172 4084 me?
1183 4037 1316 4100 quis?
1326 4058 1353 4078 n·
1367 4036 1482 4084 «ΙΝ.
1498 4037 1553 4082 1..

601 4136 656 4170 α.
695 4117 937 4182 Principes
962 4114 1154 4163 consilii
1171 4115 1372 4180 publici.
1403 4117 1553 4164 Sena·

1630 3173 1763 3210 tea-es
1780 3193 1795 3220 ,
1816 3171 1865 3208 et
1878 3161 1987 3224 ipsa
2006 3168 2203 3207 senatus
2219 3157 2401 3207 lumina
2416 3193 2431 3216 ‚
2459 3160 2551 3222 qui
2574 3164 2653 3211 vel

1630 3241 1701 3290 ob
1717 3237 1929 3288 honores
1944 3250 2057 3287 ante
2076 3247 2238 3302 gestos
2248 3271 2261 3294 ,
2280 3238 2365 3285 ‘vel
2376 3235 2444 3285 ob
2460 3239 2657 3290 virtutis

1633 3321 1831 3375 famam,
1852 3318 2097 3383 precipue
2117 3318 2169 3365 in
2186 3327 2358 3365 senatu
2381 3317 2653 3380 pollebant.

1706 3399 1753 3446 3.
1796 3397 2129 3448 Maximorum
2164 3395 2307 3444 ordin
2314 3411 2415 3446 nm.
2458 3399 2659 3447 Patebat

1618 3485 1793 3526 autem
1842 3487 2037 3525 senatus
2056 3510 2072 3535 ,
2122 3473 2399 3540 equitibus,
2452 3477 2660 3526 tribunis

1633 3557 1793 3606 aerarll
1806 3591 1821 3614 ,
1843 3567 1895 3604 et
1913 3555 1975 3604 iis
1992 3556 2079 3620 qui
2096 3553 2317 3604 curulem
2334 3557 2658 3619 magistratum

1637 3649 1904 3703 gesserant,
1932 3651 1990 3684 ae
2020 3637 2147 3684 inter
2172 3635 2494 3700 amplissimos
2524 3635 2661 3684 oreli-

1636 3733 1725 3765 nes
1744 3715 2137 3765 numerabantur.
2158 3715 2243 3764 cf.
2268 3714 2397 3763 Gen.
2422 3717 2516 3773 m,
2546 3717 2627 3763 18.

1711 3804 1759 3852 4.
1798 3794 2073 3859 Rusticique
2106 3795 2318 3844 menni.
2358 3796 2475 3844 Erat
2502 3795 2662 3842 hone-

1640 3885 1767 3924 stum
1790 3891 1971 3922 nomen
1994 3873 2147 3936 illnd3
2178 3874 2313 3922 unde
2338 3873 2665 3936 conquereba-

1640 3968 1722 4004 tur
1736 3956 1895 4002 Varro
1912 3953 2277 4018 patresfamilias
2298 3951 2419 3999 falce
2442 3962 2491 3999 et
2508 3963 2667 4000 aratro

1642 4035 1825 4084 relictis
1850 4035 1979 4081 intra
2015 4048 2207 4081 murum
2242 4031 2505 4093 irrepsisse.
2540 4032 2667 4079 'Vide

1644 4117 1865 4164 Gronov.
1884 4113 1947 4162 de
1968 4129 2075 4177 pec.
2098 4123 2193 4160 set.
2212 4111 2305 4168 IV,
2326 4126 2375 4171 9.
