<?xml version="1.0" encoding="UTF-8"?>
<!DOCTYPE html PUBLIC "-//W3C//DTD XHTML 1.0 Transitional//EN"
    "http://www.w3.org/TR/xhtml1/DTD/xhtml1-transitional.dtd">
<html xmlns="http://www.w3.org/1999/xhtml" xml:lang="en" lang="en">
 <head>
  <title>
</title>
<meta http-equiv="Content-Type" content="text/html;charset=utf-8" />
  <meta name='ocr-system' content='tesseract 3.04.00' />
  <meta name='ocr-capabilities' content='ocr_page ocr_carea ocr_par ocr_line ocrx_word'/>
</head>
<body>
  <div class='ocr_page' id='page_1' title='image "./mtciceronisquae08lemagoog/mtciceronisquae08lemagoog_0539.png"; bbox 0 0 2996 4694; ppageno 0'>
   <div class='ocr_carea' id='block_1_1' title="bbox 773 403 2505 478">
    <p class='ocr_par' dir='ltr' id='par_1_1' title="bbox 773 403 2505 478">
     <span class='ocr_line' id='line_1_1' title="bbox 773 403 2505 478; baseline -0.001 -2"><span class='ocrx_word' id='word_1_1' title='bbox 773 410 1158 478; x_wconf 88' lang='lat' dir='ltr'><strong>ORATIO</strong></span> <span class='ocrx_word' id='word_1_2' title='bbox 1209 408 1406 477; x_wconf 87' lang='lat' dir='ltr'><strong>PRO</strong></span> <span class='ocrx_word' id='word_1_3' title='bbox 1456 410 1533 477; x_wconf 90' lang='lat' dir='ltr'><strong>T.</strong></span> <span class='ocrx_word' id='word_1_4' title='bbox 1571 414 1652 477; x_wconf 85' lang='lat' dir='ltr'><strong>A.</strong></span> <span class='ocrx_word' id='word_1_5' title='bbox 1700 408 2140 477; x_wconf 89' lang='lat' dir='ltr'>MILONE.</span> <span class='ocrx_word' id='word_1_6' title='bbox 2366 403 2505 477; x_wconf 79' lang='lat'><strong>535</strong></span> 
     </span>
    </p>
   </div>
   <div class='ocr_carea' id='block_1_2' title="bbox 379 527 2539 2718">
    <p class='ocr_par' dir='ltr' id='par_1_2' title="bbox 379 527 2517 1507">
     <span class='ocr_line' id='line_1_2' title="bbox 379 527 2505 628; baseline -0.001 -26"><span class='ocrx_word' id='word_1_7' title='bbox 379 528 649 618; x_wconf 78' lang='lat' dir='ltr'><strong>sules33</strong></span> <span class='ocrx_word' id='word_1_8' title='bbox 693 529 956 601; x_wconf 88' lang='lat' dir='ltr'><strong>deinde</strong></span> <span class='ocrx_word' id='word_1_9' title='bbox 995 532 1160 626; x_wconf 88' lang='lat' dir='ltr'><strong>quis</strong></span> <span class='ocrx_word' id='word_1_10' title='bbox 1191 532 1266 599; x_wconf 88' lang='lat' dir='ltr'><strong>in</strong></span> <span class='ocrx_word' id='word_1_11' title='bbox 1295 554 1386 601; x_wconf 88' lang='lat' dir='ltr'><strong>eo</strong></span> <span class='ocrx_word' id='word_1_12' title='bbox 1414 544 1721 628; x_wconf 81' lang='lat' dir='ltr'><strong>praetore</strong></span> <span class='ocrx_word' id='word_1_13' title='bbox 1757 530 2009 600; x_wconf 89' lang='lat' dir='ltr'><strong>consul</strong></span> <span class='ocrx_word' id='word_1_14' title='bbox 2054 527 2260 600; x_wconf 86' lang='lat' dir='ltr'><strong>fortis</strong></span> <span class='ocrx_word' id='word_1_15' title='bbox 2282 544 2505 613; x_wconf 87' lang='lat' dir='ltr'><strong>esset,</strong></span> 
     </span>
     <span class='ocr_line' id='line_1_3' title="bbox 379 638 2507 738; baseline -0.001 -27"><span class='ocrx_word' id='word_1_16' title='bbox 379 665 511 738; x_wconf 85' lang='lat' dir='ltr'><strong>per</strong></span> <span class='ocrx_word' id='word_1_17' title='bbox 579 664 795 736; x_wconf 83' lang='lat' dir='ltr'><strong>quem</strong></span> <span class='ocrx_word' id='word_1_18' title='bbox 867 638 1244 711; x_wconf 86' lang='lat' dir='ltr'><strong>tribunum</strong></span> <span class='ocrx_word' id='word_1_19' title='bbox 1270 695 1289 726; x_wconf 89' lang='lat'><strong>,</strong></span> <span class='ocrx_word' id='word_1_20' title='bbox 1353 641 1589 709; x_wconf 85' lang='lat' dir='ltr'><strong>virum</strong></span> <span class='ocrx_word' id='word_1_21' title='bbox 1658 640 2107 710; x_wconf 85' lang='lat' dir='ltr'><strong>consularem</strong></span> <span class='ocrx_word' id='word_1_22' title='bbox 2170 638 2507 711; x_wconf 82' lang='lat' dir='ltr'><strong>crudelis·</strong></span> 
     </span>
     <span class='ocr_line' id='line_1_4' title="bbox 382 746 2510 847; baseline 0 -28"><span class='ocrx_word' id='word_1_23' title='bbox 382 752 558 820; x_wconf 86' lang='lat' dir='ltr'><strong>sime</strong></span> <span class='ocrx_word' id='word_1_24' title='bbox 585 748 958 819; x_wconf 73' lang='lat' dir='ltr'><strong>vexatum⁴</strong></span> <span class='ocrx_word' id='word_1_25' title='bbox 989 774 1142 820; x_wconf 85' lang='lat' dir='ltr'><strong>esse</strong></span> <span class='ocrx_word' id='word_1_26' title='bbox 1178 746 2192 847; x_wconf 77' lang='lat' dir='ltr'><strong>meminisset⁵?Oppr-essisset</strong></span> <span class='ocrx_word' id='word_1_27' title='bbox 2225 753 2466 819; x_wconf 86' lang='lat' dir='ltr'><strong>omnia</strong></span> <span class='ocrx_word' id='word_1_28' title='bbox 2493 803 2510 831; x_wconf 88' lang='lat'><strong>,</strong></span> 
     </span>
     <span class='ocr_line' id='line_1_5' title="bbox 386 858 2511 957; baseline 0 -28"><span class='ocrx_word' id='word_1_29' title='bbox 386 858 818 957; x_wconf 77' lang='lat' dir='ltr'><strong>possideret,</strong></span> <span class='ocrx_word' id='word_1_30' title='bbox 851 873 1134 930; x_wconf 90' lang='lat' dir='ltr'><strong>teneret</strong></span> <span class='ocrx_word' id='word_1_31' title='bbox 1163 886 1178 929; x_wconf 75' lang='grc' dir='ltr'><em>τ</em></span> <span class='ocrx_word' id='word_1_32' title='bbox 1223 860 1378 956; x_wconf 88' lang='lat' dir='ltr'><strong>lege</strong></span> <span class='ocrx_word' id='word_1_33' title='bbox 1411 884 1629 943; x_wconf 80' lang='lat' dir='ltr'><strong>nova,</strong></span> <span class='ocrx_word' id='word_1_34' title='bbox 1674 884 1833 957; x_wconf 88' lang='lat' dir='ltr'><strong>quae</strong></span> <span class='ocrx_word' id='word_1_35' title='bbox 1862 874 1967 931; x_wconf 86' lang='lat' dir='ltr'><strong>est</strong></span> <span class='ocrx_word' id='word_1_36' title='bbox 1996 864 2285 930; x_wconf 86' lang='lat' dir='ltr'><strong>inventa</strong></span> <span class='ocrx_word' id='word_1_37' title='bbox 2315 858 2511 957; x_wconf 87' lang='lat' dir='ltr'><strong>apud</strong></span> 
     </span>
     <span class='ocr_line' id='line_1_6' title="bbox 385 967 2513 1066; baseline 0.001 -27"><span class='ocrx_word' id='word_1_38' title='bbox 385 992 556 1039; x_wconf 87' lang='lat' dir='ltr'><strong>eum</strong></span> <span class='ocrx_word' id='word_1_39' title='bbox 591 992 760 1039; x_wconf 87' lang='lat' dir='ltr'><strong>cum</strong></span> <span class='ocrx_word' id='word_1_40' title='bbox 797 968 1092 1065; x_wconf 87' lang='lat' dir='ltr'><strong>reliquis</strong></span> <span class='ocrx_word' id='word_1_41' title='bbox 1138 968 1418 1066; x_wconf 87' lang='lat' dir='ltr'><strong>legibus</strong></span> <span class='ocrx_word' id='word_1_42' title='bbox 1459 968 1825 1041; x_wconf 81' lang='lat' dir='ltr'>Clodianis</span> <span class='ocrx_word' id='word_1_43' title='bbox 1844 967 1900 1055; x_wconf 80' lang='lat'><strong>⁶,</strong></span> <span class='ocrx_word' id='word_1_44' title='bbox 1944 993 2187 1041; x_wconf 84' lang='lat' dir='ltr'><strong>servos</strong></span> <span class='ocrx_word' id='word_1_45' title='bbox 2228 985 2513 1041; x_wconf 86' lang='lat' dir='ltr'><strong>nostros</strong></span> 
     </span>
     <span class='ocr_line' id='line_1_7' title="bbox 387 1077 2511 1164; baseline 0 -16"><span class='ocrx_word' id='word_1_46' title='bbox 387 1077 682 1150; x_wconf 85' lang='lat' dir='ltr'><strong>libertos</strong></span> <span class='ocrx_word' id='word_1_47' title='bbox 737 1102 908 1149; x_wconf 89' lang='lat' dir='ltr'><strong>suos</strong></span> <span class='ocrx_word' id='word_1_48' title='bbox 955 1077 1237 1151; x_wconf 84' lang='lat' dir='ltr'><strong>fecisset</strong></span> <span class='ocrx_word' id='word_1_49' title='bbox 1255 1092 1306 1149; x_wconf 85' lang='lat'><strong>⁷.</strong></span> <span class='ocrx_word' id='word_1_50' title='bbox 1364 1083 1776 1164; x_wconf 85' lang='lat' dir='ltr'><strong>Postremo,</strong></span> <span class='ocrx_word' id='word_1_51' title='bbox 1818 1081 1958 1149; x_wconf 89' lang='lat' dir='ltr'><strong>nisi</strong></span> <span class='ocrx_word' id='word_1_52' title='bbox 2010 1104 2176 1150; x_wconf 89' lang='lat' dir='ltr'><strong>eum</strong></span> <span class='ocrx_word' id='word_1_53' title='bbox 2224 1079 2323 1150; x_wconf 89' lang='lat' dir='ltr'><strong>dii</strong></span> <span class='ocrx_word' id='word_1_54' title='bbox 2375 1085 2511 1150; x_wconf 84' lang='lat' dir='ltr'><strong>im-</strong></span> 
     </span>
     <span class='ocr_line' id='line_1_8' title="bbox 389 1187 2517 1286; baseline 0 -28"><span class='ocrx_word' id='word_1_55' title='bbox 389 1189 722 1260; x_wconf 86' lang='lat' dir='ltr'><strong>mortales</strong></span> <span class='ocrx_word' id='word_1_56' title='bbox 749 1190 826 1259; x_wconf 91' lang='lat' dir='ltr'><strong>in</strong></span> <span class='ocrx_word' id='word_1_57' title='bbox 869 1214 1028 1260; x_wconf 88' lang='lat' dir='ltr'><strong>eam</strong></span> <span class='ocrx_word' id='word_1_58' title='bbox 1065 1204 1382 1261; x_wconf 86' lang='lat' dir='ltr'><strong>mentem</strong></span> <span class='ocrx_word' id='word_1_59' title='bbox 1421 1187 1913 1286; x_wconf 83' lang='lat' dir='ltr'><strong>impulissent,</strong></span> <span class='ocrx_word' id='word_1_60' title='bbox 1958 1203 2040 1259; x_wconf 91' lang='lat' dir='ltr'><strong>ut</strong></span> <span class='ocrx_word' id='word_1_61' title='bbox 2084 1188 2307 1258; x_wconf 89' lang='lat' dir='ltr'><strong>homo</strong></span> <span class='ocrx_word' id='word_1_62' title='bbox 2345 1187 2517 1259; x_wconf 83' lang='lat' dir='ltr'><strong>effe-</strong></span> 
     </span>
     <span class='ocr_line' id='line_1_9' title="bbox 391 1291 2515 1381; baseline 0 -14"><span class='ocrx_word' id='word_1_63' title='bbox 391 1300 700 1370; x_wconf 88' lang='lat' dir='ltr'><strong>minatus</strong></span> <span class='ocrx_word' id='word_1_64' title='bbox 769 1298 1238 1370; x_wconf 83' lang='lat' dir='ltr'><strong>fortissimum</strong></span> <span class='ocrx_word' id='word_1_65' title='bbox 1299 1300 1535 1370; x_wconf 84' lang='lat' dir='ltr'><strong>virum</strong></span> <span class='ocrx_word' id='word_1_66' title='bbox 1618 1291 2051 1369; x_wconf 79' lang='lat' dir='ltr'><strong>conaretur⁸</strong></span> <span class='ocrx_word' id='word_1_67' title='bbox 2136 1293 2465 1367; x_wconf 85' lang='lat' dir='ltr'><strong>occidere</strong></span> <span class='ocrx_word' id='word_1_68' title='bbox 2496 1352 2515 1381; x_wconf 94' lang='lat'><strong>,</strong></span> 
     </span>
     <span class='ocr_line' id='line_1_10' title="bbox 394 1406 1901 1507; baseline 0 -30"><span class='ocrx_word' id='word_1_69' title='bbox 394 1406 610 1480; x_wconf 89' lang='lat' dir='ltr'><strong>hodie</strong></span> <span class='ocrx_word' id='word_1_70' title='bbox 655 1407 1178 1507; x_wconf 84' lang='lat' dir='ltr'><strong>rempublicam</strong></span> <span class='ocrx_word' id='word_1_71' title='bbox 1217 1409 1488 1481; x_wconf 86' lang='lat' dir='ltr'><strong>nullam</strong></span> <span class='ocrx_word' id='word_1_72' title='bbox 1520 1408 1901 1480; x_wconf 84' lang='lat' dir='ltr'><strong>haberetis.</strong></span> 
     </span>
    </p>

    <p class='ocr_par' dir='ltr' id='par_1_3' title="bbox 395 1518 2539 2718">
     <span class='ocr_line' id='line_1_11' title="bbox 486 1518 2519 1617; baseline 0 -29"><span class='ocrx_word' id='word_1_73' title='bbox 486 1523 600 1589; x_wconf 87' lang='lat' dir='ltr'><strong>An</strong></span> <span class='ocrx_word' id='word_1_74' title='bbox 627 1518 747 1591; x_wconf 90' lang='lat' dir='ltr'><strong>ille</strong></span> <span class='ocrx_word' id='word_1_75' title='bbox 779 1535 1064 1617; x_wconf 82' lang='lat' dir='ltr'><strong>praetor,</strong></span> <span class='ocrx_word' id='word_1_76' title='bbox 1107 1519 1226 1591; x_wconf 89' lang='lat' dir='ltr'><strong>ille</strong></span> <span class='ocrx_word' id='word_1_77' title='bbox 1261 1544 1435 1591; x_wconf 82' lang='lat' dir='ltr'><strong>vero</strong></span> <span class='ocrx_word' id='word_1_78' title='bbox 1468 1520 1763 1607; x_wconf 87' lang='lat' dir='ltr'><strong>consul,</strong></span> <span class='ocrx_word' id='word_1_79' title='bbox 1798 1524 1857 1590; x_wconf 85' lang='lat' dir='ltr'><strong>si</strong></span> <span class='ocrx_word' id='word_1_80' title='bbox 1888 1518 2107 1591; x_wconf 90' lang='lat' dir='ltr'><strong>modo</strong></span> <span class='ocrx_word' id='word_1_81' title='bbox 2150 1519 2300 1591; x_wconf 83' lang='lat' dir='ltr'><strong>haec</strong></span> <span class='ocrx_word' id='word_1_82' title='bbox 2338 1535 2519 1592; x_wconf 88' lang='lat' dir='ltr'><strong>tem-</strong></span> 
     </span>
     <span class='ocr_line' id='line_1_12' title="bbox 395 1628 2527 1727; baseline 0.001 -29"><span class='ocrx_word' id='word_1_83' title='bbox 395 1628 510 1725; x_wconf 89' lang='lat' dir='ltr'><strong>pla</strong></span> <span class='ocrx_word' id='word_1_84' title='bbox 557 1644 774 1726; x_wconf 84' lang='lat' dir='ltr'><strong>atque</strong></span> <span class='ocrx_word' id='word_1_85' title='bbox 818 1634 970 1727; x_wconf 90' lang='lat' dir='ltr'><strong>ipsa</strong></span> <span class='ocrx_word' id='word_1_86' title='bbox 1019 1632 1284 1701; x_wconf 83' lang='lat' dir='ltr'><strong>moenia</strong></span> <span class='ocrx_word' id='word_1_87' title='bbox 1325 1645 1512 1701; x_wconf 85' lang='lat' dir='ltr'><strong>stare</strong></span> <span class='ocrx_word' id='word_1_88' title='bbox 1558 1655 1647 1701; x_wconf 91' lang='lat' dir='ltr'><strong>eo</strong></span> <span class='ocrx_word' id='word_1_89' title='bbox 1684 1636 1851 1701; x_wconf 82' lang='lat' dir='ltr'><strong>vivo</strong></span> <span class='ocrx_word' id='word_1_90' title='bbox 1893 1630 2210 1713; x_wconf 84' lang='lat' dir='ltr'><strong>tamdiu,</strong></span> <span class='ocrx_word' id='word_1_91' title='bbox 2250 1645 2323 1703; x_wconf 86' lang='lat' dir='ltr'><strong>et</strong></span> <span class='ocrx_word' id='word_1_92' title='bbox 2356 1656 2527 1702; x_wconf 91' lang='lat' dir='ltr'><strong>con-</strong></span> 
     </span>
     <span class='ocr_line' id='line_1_13' title="bbox 395 1738 2529 1837; baseline 0.001 -29"><span class='ocrx_word' id='word_1_93' title='bbox 395 1738 706 1809; x_wconf 89' lang='lat' dir='ltr'><strong>sulatum</strong></span> <span class='ocrx_word' id='word_1_94' title='bbox 737 1741 890 1834; x_wconf 88' lang='lat' dir='ltr'><strong>ejus</strong></span> <span class='ocrx_word' id='word_1_95' title='bbox 915 1754 1330 1836; x_wconf 83' lang='lat' dir='ltr'><strong>exspectare</strong></span> <span class='ocrx_word' id='word_1_96' title='bbox 1358 1740 1761 1835; x_wconf 89' lang='lat' dir='ltr'><strong>potuissent</strong></span> <span class='ocrx_word' id='word_1_97' title='bbox 1779 1793 1797 1823; x_wconf 96' lang='lat'><strong>,</strong></span> <span class='ocrx_word' id='word_1_98' title='bbox 1831 1739 1949 1810; x_wconf 90' lang='lat' dir='ltr'><strong>ille</strong></span> <span class='ocrx_word' id='word_1_99' title='bbox 1976 1741 2295 1837; x_wconf 85' lang='lat' dir='ltr'><strong>denique</strong></span> <span class='ocrx_word' id='word_1_100' title='bbox 2326 1742 2529 1813; x_wconf 87' lang='lat' dir='ltr'><strong>vivus</strong></span> 
     </span>
     <span class='ocr_line' id='line_1_14' title="bbox 397 1847 2529 1945; baseline 0.003 -28"><span class='ocrx_word' id='word_1_101' title='bbox 397 1849 564 1919; x_wconf 88' lang='lat' dir='ltr'><strong>mali</strong></span> <span class='ocrx_word' id='word_1_102' title='bbox 615 1847 792 1919; x_wconf 88' lang='lat' dir='ltr'><strong>nihil</strong></span> <span class='ocrx_word' id='word_1_103' title='bbox 841 1848 1156 1933; x_wconf 85' lang='lat' dir='ltr'><strong>fecisset,</strong></span> <span class='ocrx_word' id='word_1_104' title='bbox 1203 1852 1327 1945; x_wconf 89' lang='lat' dir='ltr'><strong>qui</strong></span> <span class='ocrx_word' id='word_1_105' title='bbox 1373 1863 1747 1934; x_wconf 87' lang='lat' dir='ltr'><strong>mortuus,</strong></span> <span class='ocrx_word' id='word_1_106' title='bbox 1798 1876 1951 1921; x_wconf 90' lang='lat' dir='ltr'><strong>uno</strong></span> <span class='ocrx_word' id='word_1_107' title='bbox 2004 1876 2093 1920; x_wconf 83' lang='lat' dir='ltr'><strong>ex</strong></span> <span class='ocrx_word' id='word_1_108' title='bbox 2138 1857 2287 1921; x_wconf 87' lang='lat' dir='ltr'><strong>suis</strong></span> <span class='ocrx_word' id='word_1_109' title='bbox 2323 1853 2529 1924; x_wconf 87' lang='lat' dir='ltr'><strong>satel-</strong></span> 
     </span>
     <span class='ocr_line' id='line_1_15' title="bbox 399 1956 2531 2051; baseline 0.001 -23"><span class='ocrx_word' id='word_1_110' title='bbox 399 1956 642 2029; x_wconf 89' lang='lat' dir='ltr'><strong>litibus</strong></span> <span class='ocrx_word' id='word_1_111' title='bbox 693 1962 881 2029; x_wconf 84' lang='lat' dir='ltr'><strong>Sext.</strong></span> <span class='ocrx_word' id='word_1_112' title='bbox 929 1956 1186 2030; x_wconf 91' lang='lat' dir='ltr'><strong>Clodio</strong></span> <span class='ocrx_word' id='word_1_113' title='bbox 1243 1957 1470 2044; x_wconf 89' lang='lat' dir='ltr'><strong>duce,</strong></span> <span class='ocrx_word' id='word_1_114' title='bbox 1529 1961 1804 2028; x_wconf 88' lang='lat' dir='ltr'><strong>curiam</strong></span> <span class='ocrx_word' id='word_1_115' title='bbox 1856 1960 2309 2030; x_wconf 77' lang='lat' dir='ltr'><strong>incenderit?</strong></span> <span class='ocrx_word' id='word_1_116' title='bbox 2360 1964 2531 2051; x_wconf 88' lang='lat' dir='ltr'><strong>Quo</strong></span> 
     </span>
     <span class='ocr_line' id='line_1_16' title="bbox 397 2066 2527 2166; baseline 0 -27"><span class='ocrx_word' id='word_1_117' title='bbox 397 2067 574 2165; x_wconf 89' lang='lat' dir='ltr'><strong>quid</strong></span> <span class='ocrx_word' id='word_1_118' title='bbox 616 2070 976 2155; x_wconf 78' lang='lat' dir='ltr'><strong>miseriae,</strong></span> <span class='ocrx_word' id='word_1_119' title='bbox 1037 2068 1216 2166; x_wconf 88' lang='lat' dir='ltr'><strong>quid</strong></span> <span class='ocrx_word' id='word_1_120' title='bbox 1267 2066 1637 2153; x_wconf 81' lang='lat' dir='ltr'><strong>acerbius,</strong></span> <span class='ocrx_word' id='word_1_121' title='bbox 1677 2066 1853 2163; x_wconf 89' lang='lat' dir='ltr'><strong>quid</strong></span> <span class='ocrx_word' id='word_1_122' title='bbox 1900 2068 2302 2139; x_wconf 84' lang='lat' dir='ltr'><strong>luctuosius</strong></span> <span class='ocrx_word' id='word_1_123' title='bbox 2346 2070 2527 2141; x_wconf 85' lang='lat' dir='ltr'><strong>vidi-</strong></span> 
     </span>
     <span class='ocr_line' id='line_1_17' title="bbox 399 2175 2531 2276; baseline 0.001 -28"><span class='ocrx_word' id='word_1_124' title='bbox 399 2177 604 2251; x_wconf 81' lang='lat' dir='ltr'><strong>mus?</strong></span> <span class='ocrx_word' id='word_1_125' title='bbox 665 2179 1042 2276; x_wconf 84' lang='lat' dir='ltr'><strong>Templum</strong></span> <span class='ocrx_word' id='word_1_126' title='bbox 1115 2178 1579 2265; x_wconf 70' lang='lat' dir='ltr'><strong>sanctitatiso,</strong></span> <span class='ocrx_word' id='word_1_127' title='bbox 1636 2175 2155 2274; x_wconf 81' lang='lat' dir='ltr'><strong>amplitudinis,</strong></span> <span class='ocrx_word' id='word_1_128' title='bbox 2223 2182 2531 2260; x_wconf 89' lang='lat' dir='ltr'><strong>mentis,</strong></span> 
     </span>
     <span class='ocr_line' id='line_1_18' title="bbox 401 2286 2531 2387; baseline -0.001 -26"><span class='ocrx_word' id='word_1_129' title='bbox 401 2288 677 2361; x_wconf 88' lang='lat' dir='ltr'><strong>consilii</strong></span> <span class='ocrx_word' id='word_1_130' title='bbox 716 2287 1026 2386; x_wconf 90' lang='lat' dir='ltr'><strong>publici,</strong></span> <span class='ocrx_word' id='word_1_131' title='bbox 1071 2303 1291 2387; x_wconf 76' lang='lat' dir='ltr'><strong>caput</strong></span> <span class='ocrx_word' id='word_1_132' title='bbox 1339 2286 1545 2359; x_wconf 88' lang='lat' dir='ltr'><strong>urbis</strong></span> <span class='ocrx_word' id='word_1_133' title='bbox 1564 2298 1650 2375; x_wconf 85' lang='lat'><strong>¹⁰,</strong></span> <span class='ocrx_word' id='word_1_134' title='bbox 1694 2310 1889 2358; x_wconf 88' lang='lat' dir='ltr'><strong>aram</strong></span> <span class='ocrx_word' id='word_1_135' title='bbox 1928 2288 2328 2375; x_wconf 72' lang='lat' dir='ltr'><strong>sociorum,</strong></span> <span class='ocrx_word' id='word_1_136' title='bbox 2368 2312 2531 2386; x_wconf 81' lang='lat' dir='ltr'><strong>por·</strong></span> 
     </span>
     <span class='ocr_line' id='line_1_19' title="bbox 405 2395 2531 2496; baseline -0.001 -26"><span class='ocrx_word' id='word_1_137' title='bbox 405 2415 558 2472; x_wconf 87' lang='lat' dir='ltr'><strong>tum</strong></span> <span class='ocrx_word' id='word_1_138' title='bbox 609 2402 938 2472; x_wconf 90' lang='lat' dir='ltr'><strong>omnium</strong></span> <span class='ocrx_word' id='word_1_139' title='bbox 987 2401 1343 2496; x_wconf 85' lang='lat' dir='ltr'><strong>gentium,</strong></span> <span class='ocrx_word' id='word_1_140' title='bbox 1403 2397 1647 2470; x_wconf 84' lang='lat' dir='ltr'><strong>sedem</strong></span> <span class='ocrx_word' id='word_1_141' title='bbox 1710 2395 1803 2475; x_wconf 86' lang='lat' dir='ltr'><strong>ab</strong></span> <span class='ocrx_word' id='word_1_142' title='bbox 1861 2399 2201 2468; x_wconf 84' lang='lat' dir='ltr'><strong>universo</strong></span> <span class='ocrx_word' id='word_1_143' title='bbox 2251 2399 2531 2496; x_wconf 88' lang='lat' dir='ltr'><strong>populo</strong></span> 
     </span>
     <span class='ocr_line' id='line_1_20' title="bbox 403 2505 2536 2598; baseline 0 -19"><span class='ocrx_word' id='word_1_144' title='bbox 403 2534 706 2581; x_wconf 89' lang='lat' dir='ltr'><strong>romano</strong></span> <span class='ocrx_word' id='word_1_145' title='bbox 741 2533 1150 2580; x_wconf 86' lang='lat' dir='ltr'><strong>concessam</strong></span> <span class='ocrx_word' id='word_1_146' title='bbox 1185 2511 1311 2579; x_wconf 88' lang='lat' dir='ltr'><strong>uni</strong></span> <span class='ocrx_word' id='word_1_147' title='bbox 1350 2507 1634 2598; x_wconf 88' lang='lat' dir='ltr'><strong>ordini,</strong></span> <span class='ocrx_word' id='word_1_148' title='bbox 1672 2505 2139 2597; x_wconf 85' lang='lat' dir='ltr'><strong>inflammari,</strong></span> <span class='ocrx_word' id='word_1_149' title='bbox 2181 2508 2536 2594; x_wconf 81' lang='lat' dir='ltr'><strong>exscindi,</strong></span> 
     </span>
     <span class='ocr_line' id='line_1_21' title="bbox 407 2616 2539 2718; baseline 0.001 -30"><span class='ocrx_word' id='word_1_150' title='bbox 407 2617 790 2690; x_wconf 82' lang='lat' dir='ltr'><strong>funestari?</strong></span> <span class='ocrx_word' id='word_1_151' title='bbox 817 2643 1056 2715; x_wconf 90' lang='lat' dir='ltr'><strong>neque</strong></span> <span class='ocrx_word' id='word_1_152' title='bbox 1076 2617 1151 2690; x_wconf 86' lang='lat' dir='ltr'><strong>id</strong></span> <span class='ocrx_word' id='word_1_153' title='bbox 1175 2619 1334 2692; x_wconf 88' lang='lat' dir='ltr'><strong>fieri</strong></span> <span class='ocrx_word' id='word_1_154' title='bbox 1351 2643 1394 2690; x_wconf 90' lang='lat' dir='ltr'><strong>a</strong></span> <span class='ocrx_word' id='word_1_155' title='bbox 1413 2616 1880 2690; x_wconf 88' lang='lat' dir='ltr'><strong>multitudine</strong></span> <span class='ocrx_word' id='word_1_156' title='bbox 1903 2619 1999 2688; x_wconf 89' lang='lat' dir='ltr'><strong>im</strong></span> <span class='ocrx_word' id='word_1_157' title='bbox 2010 2619 2263 2718; x_wconf 86' lang='lat' dir='ltr'><strong>perita,</strong></span> <span class='ocrx_word' id='word_1_158' title='bbox 2290 2645 2539 2718; x_wconf 89' lang='lat' dir='ltr'><strong>quam-</strong></span> 
     </span>
    </p>
   </div>
   <div class='ocr_carea' id='block_1_3' title="bbox 407 2806 1425 3021">
    <p class='ocr_par' dir='ltr' id='par_1_4' title="bbox 407 2806 1425 3021">
     <span class='ocr_line' id='line_1_22' title="bbox 481 2806 1425 2874; baseline 0.004 -21"><span class='ocrx_word' id='word_1_159' title='bbox 481 2807 528 2854; x_wconf 82' lang='lat'><strong>3.</strong></span> <span class='ocrx_word' id='word_1_160' title='bbox 581 2806 844 2856; x_wconf 77' lang='lat' dir='ltr'><strong>Habuisses</strong></span> <span class='ocrx_word' id='word_1_161' title='bbox 878 2823 988 2856; x_wconf 80' lang='lat' dir='ltr'><strong>suos</strong></span> <span class='ocrx_word' id='word_1_162' title='bbox 1030 2808 1263 2857; x_wconf 79' lang='lat' dir='ltr'><strong>consules.</strong></span> <span class='ocrx_word' id='word_1_163' title='bbox 1313 2811 1425 2874; x_wconf 76' lang='lat' dir='ltr'><strong>uy-</strong></span> 
     </span>
     <span class='ocr_line' id='line_1_23' title="bbox 407 2885 1177 2963; baseline 0.003 -31"><span class='ocrx_word' id='word_1_164' title='bbox 407 2899 590 2963; x_wconf 75' lang='lat' dir='ltr'><strong>psamm</strong></span> <span class='ocrx_word' id='word_1_165' title='bbox 613 2885 796 2935; x_wconf 83' lang='lat' dir='ltr'><strong>scilicet</strong></span> <span class='ocrx_word' id='word_1_166' title='bbox 813 2897 863 2934; x_wconf 80' lang='lat' dir='ltr'><strong>et</strong></span> <span class='ocrx_word' id='word_1_167' title='bbox 883 2887 1177 2951; x_wconf 83' lang='lat' dir='ltr'><strong>Scipionem.</strong></span> 
     </span>
     <span class='ocr_line' id='line_1_24' title="bbox 481 2965 1424 3021; baseline -0.004 -7"><span class='ocrx_word' id='word_1_168' title='bbox 481 2973 531 3021; x_wconf 75' lang='grc'><strong>4.</strong></span> <span class='ocrx_word' id='word_1_169' title='bbox 570 2965 764 3016; x_wconf 80' lang='lat' dir='ltr'><strong>Gruter.</strong></span> <span class='ocrx_word' id='word_1_170' title='bbox 806 2967 1059 3016; x_wconf 70' lang='lat' dir='ltr'><strong>virtutem.</strong></span> <span class='ocrx_word' id='word_1_171' title='bbox 1081 3002 1094 3015; x_wconf 94' lang='lat'><strong>.</strong></span> <span class='ocrx_word' id='word_1_172' title='bbox 1115 3003 1128 3016; x_wconf 95' lang='lat'><strong>.</strong></span> <span class='ocrx_word' id='word_1_173' title='bbox 1166 2977 1424 3014; x_wconf 76' lang='lat' dir='ltr'><strong>vexatam.</strong></span> 
     </span>
    </p>
   </div>
   <div class='ocr_carea' id='block_1_4' title="bbox 302 3047 618 3093">
    <p class='ocr_par' dir='ltr' id='par_1_5' title="bbox 302 3047 618 3093">
     <span class='ocr_line' id='line_1_25' title="bbox 302 3047 618 3093; baseline 0 0"><span class='ocrx_word' id='word_1_174' title='bbox 302 3065 314 3074; x_wconf 94' lang='lat'><strong>·</strong></span> <span class='ocrx_word' id='word_1_175' title='bbox 408 3047 618 3093; x_wconf 85' lang='lat' dir='ltr'><strong>J.v.1..</strong></span> 
     </span>
    </p>
   </div>
   <div class='ocr_carea' id='block_1_5' title="bbox 410 3121 1442 4209">
    <p class='ocr_par' dir='ltr' id='par_1_6' title="bbox 410 3121 1432 3422">
     <span class='ocr_line' id='line_1_26' title="bbox 484 3121 1426 3173; baseline -0.001 -2"><span class='ocrx_word' id='word_1_176' title='bbox 484 3125 532 3173; x_wconf 83' lang='lat'><strong>5.</strong></span> <span class='ocrx_word' id='word_1_177' title='bbox 559 3123 674 3171; x_wconf 76' lang='lat' dir='ltr'><strong>Esse</strong></span> <span class='ocrx_word' id='word_1_178' title='bbox 696 3123 999 3172; x_wconf 75' lang='lat' dir='ltr'><strong>meminisset.</strong></span> <span class='ocrx_word' id='word_1_179' title='bbox 1025 3121 1273 3171; x_wconf 77' lang='lat' dir='ltr'><strong>Tribunus</strong></span> <span class='ocrx_word' id='word_1_180' title='bbox 1299 3122 1426 3170; x_wconf 85' lang='lat' dir='ltr'><strong>euim</strong></span> 
     </span>
     <span class='ocr_line' id='line_1_27' title="bbox 410 3201 1431 3267; baseline -0.002 -17"><span class='ocrx_word' id='word_1_181' title='bbox 410 3201 569 3267; x_wconf 81' lang='lat' dir='ltr'><strong>plebis</strong></span> <span class='ocrx_word' id='word_1_182' title='bbox 587 3202 814 3260; x_wconf 80' lang='lat' dir='ltr'><strong>Clodius,</strong></span> <span class='ocrx_word' id='word_1_183' title='bbox 835 3203 1114 3252; x_wconf 76' lang='lat' dir='ltr'><strong>Ciceronem</strong></span> <span class='ocrx_word' id='word_1_184' title='bbox 1134 3202 1292 3248; x_wconf 81' lang='lat' dir='ltr'><strong>virum</strong></span> <span class='ocrx_word' id='word_1_185' title='bbox 1311 3215 1431 3248; x_wconf 83' lang='lat' dir='ltr'><strong>con-</strong></span> 
     </span>
     <span class='ocr_line' id='line_1_28' title="bbox 413 3279 1432 3336; baseline -0.001 -8"><span class='ocrx_word' id='word_1_186' title='bbox 413 3280 618 3330; x_wconf 84' lang='lat' dir='ltr'><strong>sularem</strong></span> <span class='ocrx_word' id='word_1_187' title='bbox 639 3281 798 3330; x_wconf 82' lang='lat' dir='ltr'><strong>modis</strong></span> <span class='ocrx_word' id='word_1_188' title='bbox 819 3279 1046 3329; x_wconf 82' lang='lat' dir='ltr'><strong>omnibus</strong></span> <span class='ocrx_word' id='word_1_189' title='bbox 1069 3291 1353 3336; x_wconf 74' lang='lat' dir='ltr'><strong>vexaverat,</strong></span> <span class='ocrx_word' id='word_1_190' title='bbox 1381 3289 1432 3327; x_wconf 82' lang='lat' dir='ltr'><strong>et</strong></span> 
     </span>
     <span class='ocr_line' id='line_1_29' title="bbox 414 3361 946 3422; baseline 0 -12"><span class='ocrx_word' id='word_1_191' title='bbox 414 3361 468 3410; x_wconf 86' lang='lat' dir='ltr'><strong>iu</strong></span> <span class='ocrx_word' id='word_1_192' title='bbox 488 3361 709 3410; x_wconf 76' lang='lat' dir='ltr'><strong>exsilium</strong></span> <span class='ocrx_word' id='word_1_193' title='bbox 728 3363 946 3422; x_wconf 82' lang='lat' dir='ltr'><strong>ejecerat.</strong></span> 
     </span>
    </p>

    <p class='ocr_par' dir='ltr' id='par_1_7' title="bbox 415 3437 1434 3741">
     <span class='ocr_line' id='line_1_30' title="bbox 487 3437 1434 3505; baseline -0.004 -17"><span class='ocrx_word' id='word_1_194' title='bbox 487 3441 536 3490; x_wconf 79' lang='lat'><strong>6.</strong></span> <span class='ocrx_word' id='word_1_195' title='bbox 579 3439 786 3505; x_wconf 72' lang='lat' dir='ltr'><strong>Legibus</strong></span> <span class='ocrx_word' id='word_1_196' title='bbox 821 3437 1088 3487; x_wconf 78' lang='lat' dir='ltr'><strong>Clodianis.</strong></span> <span class='ocrx_word' id='word_1_197' title='bbox 1128 3439 1251 3486; x_wconf 80' lang='lat' dir='ltr'><strong>Saue</strong></span> <span class='ocrx_word' id='word_1_198' title='bbox 1270 3438 1434 3487; x_wconf 83' lang='lat' dir='ltr'><strong>iuven-</strong></span> 
     </span>
     <span class='ocr_line' id='line_1_31' title="bbox 417 3515 1434 3582; baseline -0.005 -14"><span class='ocrx_word' id='word_1_199' title='bbox 417 3532 463 3568; x_wconf 81' lang='lat' dir='ltr'><strong>ta</strong></span> <span class='ocrx_word' id='word_1_200' title='bbox 500 3529 574 3567; x_wconf 89' lang='lat' dir='ltr'><strong>est</strong></span> <span class='ocrx_word' id='word_1_201' title='bbox 617 3519 669 3566; x_wconf 89' lang='lat' dir='ltr'><strong>in</strong></span> <span class='ocrx_word' id='word_1_202' title='bbox 697 3517 786 3565; x_wconf 84' lang='lat' dir='ltr'><strong>illo</strong></span> <span class='ocrx_word' id='word_1_203' title='bbox 820 3515 1049 3576; x_wconf 80' lang='lat' dir='ltr'><strong>librario,</strong></span> <span class='ocrx_word' id='word_1_204' title='bbox 1089 3515 1226 3582; x_wconf 85' lang='lat' dir='ltr'><strong>quod</strong></span> <span class='ocrx_word' id='word_1_205' title='bbox 1269 3527 1434 3565; x_wconf 81' lang='lat' dir='ltr'><strong>orator</strong></span> 
     </span>
     <span class='ocr_line' id='line_1_32' title="bbox 415 3595 1434 3656; baseline 0 -12"><span class='ocrx_word' id='word_1_206' title='bbox 415 3599 482 3645; x_wconf 83' lang='lat' dir='ltr'><strong>ait</strong></span> <span class='ocrx_word' id='word_1_207' title='bbox 504 3599 552 3646; x_wconf 84' lang='lat' dir='ltr'><strong>S.</strong></span> <span class='ocrx_word' id='word_1_208' title='bbox 575 3595 802 3646; x_wconf 80' lang='lat' dir='ltr'><strong>Clodium</strong></span> <span class='ocrx_word' id='word_1_209' title='bbox 821 3610 848 3642; x_wconf 87' lang='lat' dir='ltr'><strong>e</strong></span> <span class='ocrx_word' id='word_1_210' title='bbox 869 3595 1020 3643; x_wconf 84' lang='lat' dir='ltr'><strong>domo</strong></span> <span class='ocrx_word' id='word_1_211' title='bbox 1043 3595 1288 3656; x_wconf 75' lang='lat' dir='ltr'><strong>defuncti,</strong></span> <span class='ocrx_word' id='word_1_212' title='bbox 1313 3606 1434 3644; x_wconf 83' lang='lat' dir='ltr'><strong>tam-</strong></span> 
     </span>
     <span class='ocr_line' id='line_1_33' title="bbox 415 3673 1132 3741; baseline -0.004 -16"><span class='ocrx_word' id='word_1_213' title='bbox 415 3691 562 3741; x_wconf 79' lang='lat' dir='ltr'><strong>quam</strong></span> <span class='ocrx_word' id='word_1_214' title='bbox 585 3673 850 3739; x_wconf 81' lang='lat' dir='ltr'><strong>palladium</strong></span> <span class='ocrx_word' id='word_1_215' title='bbox 867 3673 1132 3722; x_wconf 71' lang='lat' dir='ltr'><strong>sustulisse.</strong></span> 
     </span>
    </p>

    <p class='ocr_par' dir='ltr' id='par_1_8' title="bbox 415 3750 1436 4056">
     <span class='ocr_line' id='line_1_34' title="bbox 490 3750 1432 3816; baseline -0.002 -14"><span class='ocrx_word' id='word_1_216' title='bbox 490 3771 541 3816; x_wconf 83' lang='lat'><strong>7.</strong></span> <span class='ocrx_word' id='word_1_217' title='bbox 583 3755 749 3800; x_wconf 80' lang='lat' dir='ltr'><strong>Servos</strong></span> <span class='ocrx_word' id='word_1_218' title='bbox 777 3761 967 3798; x_wconf 79' lang='lat' dir='ltr'><strong>nostros</strong></span> <span class='ocrx_word' id='word_1_219' title='bbox 995 3750 1188 3801; x_wconf 69' lang='lat' dir='ltr'><strong>liber-eos</strong></span> <span class='ocrx_word' id='word_1_220' title='bbox 1222 3769 1332 3801; x_wconf 75' lang='lat' dir='ltr'><strong>suos</strong></span> <span class='ocrx_word' id='word_1_221' title='bbox 1342 3750 1432 3816; x_wconf 73' lang='lat' dir='ltr'><strong>fi-</strong></span> 
     </span>
     <span class='ocr_line' id='line_1_35' title="bbox 415 3828 1433 3894; baseline -0.004 -12"><span class='ocrx_word' id='word_1_222' title='bbox 415 3831 566 3882; x_wconf 74' lang='lat' dir='ltr'><strong>uisset.</strong></span> <span class='ocrx_word' id='word_1_223' title='bbox 598 3832 724 3894; x_wconf 85' lang='lat' dir='ltr'><strong>Quia</strong></span> <span class='ocrx_word' id='word_1_224' title='bbox 756 3846 840 3878; x_wconf 83' lang='lat' dir='ltr'><strong>eos</strong></span> <span class='ocrx_word' id='word_1_225' title='bbox 859 3828 964 3892; x_wconf 79' lang='lat' dir='ltr'><strong>lege</strong></span> <span class='ocrx_word' id='word_1_226' title='bbox 985 3845 1070 3878; x_wconf 78' lang='lat' dir='ltr'><strong>sua</strong></span> <span class='ocrx_word' id='word_1_227' title='bbox 1095 3831 1316 3880; x_wconf 79' lang='lat' dir='ltr'><strong>libertate</strong></span> <span class='ocrx_word' id='word_1_228' title='bbox 1340 3831 1433 3879; x_wconf 83' lang='lat' dir='ltr'><strong>do-</strong></span> 
     </span>
     <span class='ocr_line' id='line_1_36' title="bbox 417 3909 1436 3974; baseline -0.001 -13"><span class='ocrx_word' id='word_1_229' title='bbox 417 3921 599 3968; x_wconf 76' lang='lat' dir='ltr'><strong>nasset,</strong></span> <span class='ocrx_word' id='word_1_230' title='bbox 625 3909 717 3958; x_wconf 81' lang='lat' dir='ltr'><strong>bae</strong></span> <span class='ocrx_word' id='word_1_231' title='bbox 739 3920 902 3957; x_wconf 81' lang='lat' dir='ltr'><strong>mente</strong></span> <span class='ocrx_word' id='word_1_232' title='bbox 929 3917 982 3956; x_wconf 82' lang='lat' dir='ltr'><strong>ut</strong></span> <span class='ocrx_word' id='word_1_233' title='bbox 1007 3909 1070 3957; x_wconf 85' lang='lat' dir='ltr'><strong>ab</strong></span> <span class='ocrx_word' id='word_1_234' title='bbox 1095 3911 1160 3957; x_wconf 79' lang='lat' dir='ltr'><strong>iis</strong></span> <span class='ocrx_word' id='word_1_235' title='bbox 1192 3921 1436 3974; x_wconf 71' lang='lat' dir='ltr'><strong>tamquam</strong></span> 
     </span>
     <span class='ocr_line' id='line_1_37' title="bbox 415 3988 949 4056; baseline -0.009 -17"><span class='ocrx_word' id='word_1_236' title='bbox 415 4001 651 4056; x_wconf 77' lang='lat' dir='ltr'><strong>patmum</strong></span> <span class='ocrx_word' id='word_1_237' title='bbox 675 3988 949 4036; x_wconf 83' lang='lat' dir='ltr'><strong>haberetur.</strong></span> 
     </span>
    </p>

    <p class='ocr_par' dir='ltr' id='par_1_9' title="bbox 421 4062 1442 4209">
     <span class='ocr_line' id='line_1_38' title="bbox 491 4062 1442 4118; baseline -0.001 0"><span class='ocrx_word' id='word_1_238' title='bbox 491 4071 544 4118; x_wconf 82' lang='lat'><strong>8.</strong></span> <span class='ocrx_word' id='word_1_239' title='bbox 597 4068 868 4117; x_wconf 70' lang='lat' dir='ltr'><strong>conantur</strong></span> <span class='ocrx_word' id='word_1_240' title='bbox 913 4062 1150 4113; x_wconf 75' lang='lat' dir='ltr'><strong>occidere.</strong></span> <span class='ocrx_word' id='word_1_241' title='bbox 1203 4067 1283 4114; x_wconf 80' lang='lat' dir='ltr'><strong>Ad</strong></span> <span class='ocrx_word' id='word_1_242' title='bbox 1335 4067 1442 4117; x_wconf 68' lang='lat' dir='ltr'><strong>hnc</strong></span> 
     </span>
     <span class='ocr_line' id='line_1_39' title="bbox 421 4143 1438 4209; baseline -0.001 -13"><span class='ocrx_word' id='word_1_243' title='bbox 421 4147 586 4197; x_wconf 82' lang='lat' dir='ltr'><strong>Clodii</strong></span> <span class='ocrx_word' id='word_1_244' title='bbox 621 4145 768 4195; x_wconf 77' lang='lat' dir='ltr'><strong>verba</strong></span> <span class='ocrx_word' id='word_1_245' title='bbox 801 4144 976 4194; x_wconf 83' lang='lat' dir='ltr'><strong>alludit</strong></span> <span class='ocrx_word' id='word_1_246' title='bbox 989 4179 1004 4204; x_wconf 91' lang='lat'><strong>,</strong></span> <span class='ocrx_word' id='word_1_247' title='bbox 1041 4143 1217 4209; x_wconf 71' lang='lat' dir='ltr'><strong>quibua</strong></span> <span class='ocrx_word' id='word_1_248' title='bbox 1245 4147 1438 4207; x_wconf 78' lang='lat' dir='ltr'><strong>jactita-</strong></span> 
     </span>
    </p>
   </div>
   <div class='ocr_carea' id='block_1_6' title="bbox 1514 2807 2555 4197">
    <p class='ocr_par' dir='ltr' id='par_1_10' title="bbox 1514 2807 2535 2950">
     <span class='ocr_line' id='line_1_40' title="bbox 1517 2807 2535 2867; baseline 0.001 -11"><span class='ocrx_word' id='word_1_249' title='bbox 1517 2820 1671 2867; x_wconf 83' lang='lat' dir='ltr'><strong>verat,</strong></span> <span class='ocrx_word' id='word_1_250' title='bbox 1695 2824 1723 2855; x_wconf 88' lang='lat' dir='ltr'><strong>a</strong></span> <span class='ocrx_word' id='word_1_251' title='bbox 1750 2823 1801 2856; x_wconf 80' lang='lat' dir='ltr'><strong>se</strong></span> <span class='ocrx_word' id='word_1_252' title='bbox 1830 2807 2065 2856; x_wconf 80' lang='lat' dir='ltr'><strong>Milouem</strong></span> <span class='ocrx_word' id='word_1_253' title='bbox 2097 2809 2203 2856; x_wconf 70' lang='lat' dir='ltr'><strong>foro</strong></span> <span class='ocrx_word' id='word_1_254' title='bbox 2231 2809 2535 2857; x_wconf 84' lang='lat' dir='ltr'><strong>intersectum</strong></span> 
     </span>
     <span class='ocr_line' id='line_1_41' title="bbox 1514 2885 2261 2950; baseline -0.001 -16"><span class='ocrx_word' id='word_1_255' title='bbox 1514 2888 1639 2935; x_wconf 82' lang='lat' dir='ltr'><strong>iutra</strong></span> <span class='ocrx_word' id='word_1_256' title='bbox 1661 2887 1809 2935; x_wconf 80' lang='lat' dir='ltr'><strong>trium</strong></span> <span class='ocrx_word' id='word_1_257' title='bbox 1829 2885 2016 2934; x_wconf 85' lang='lat' dir='ltr'><strong>dierum</strong></span> <span class='ocrx_word' id='word_1_258' title='bbox 2035 2887 2261 2950; x_wconf 77' lang='lat' dir='ltr'><strong>spatium.</strong></span> 
     </span>
    </p>

    <p class='ocr_par' dir='ltr' id='par_1_11' title="bbox 1514 2964 2551 4038">
     <span class='ocr_line' id='line_1_42' title="bbox 1588 2964 2539 3028; baseline 0 -15"><span class='ocrx_word' id='word_1_259' title='bbox 1588 2983 1637 3028; x_wconf 86' lang='lat'><strong>9.</strong></span> <span class='ocrx_word' id='word_1_260' title='bbox 1700 2965 1945 3028; x_wconf 79' lang='lat' dir='ltr'><strong>Templum</strong></span> <span class='ocrx_word' id='word_1_261' title='bbox 2000 2964 2293 3013; x_wconf 74' lang='lat' dir='ltr'><strong>sanctitatis.</strong></span> <span class='ocrx_word' id='word_1_262' title='bbox 2354 2967 2539 3014; x_wconf 85' lang='lat' dir='ltr'><strong>Locum</strong></span> 
     </span>
     <span class='ocr_line' id='line_1_43' title="bbox 1514 3043 2540 3105; baseline 0.002 -15"><span class='ocrx_word' id='word_1_263' title='bbox 1514 3045 1853 3105; x_wconf 79' lang='lat' dir='ltr'><strong>inauguratum</strong></span> <span class='ocrx_word' id='word_1_264' title='bbox 1866 3075 1882 3100; x_wconf 90' lang='lat'><strong>,</strong></span> <span class='ocrx_word' id='word_1_265' title='bbox 1900 3045 1955 3088; x_wconf 88' lang='lat' dir='ltr'><strong>iu</strong></span> <span class='ocrx_word' id='word_1_266' title='bbox 1976 3057 2077 3105; x_wconf 85' lang='lat' dir='ltr'><strong>quo</strong></span> <span class='ocrx_word' id='word_1_267' title='bbox 2097 3043 2317 3089; x_wconf 84' lang='lat' dir='ltr'><strong>homines</strong></span> <span class='ocrx_word' id='word_1_268' title='bbox 2341 3045 2540 3092; x_wconf 84' lang='lat' dir='ltr'><strong>sanctis-</strong></span> 
     </span>
     <span class='ocr_line' id='line_1_44' title="bbox 1514 3118 2542 3184; baseline 0.003 -16"><span class='ocrx_word' id='word_1_269' title='bbox 1514 3120 1624 3168; x_wconf 79' lang='lat' dir='ltr'><strong>simi</strong></span> <span class='ocrx_word' id='word_1_270' title='bbox 1654 3119 1913 3167; x_wconf 77' lang='lat' dir='ltr'><strong>sententias</strong></span> <span class='ocrx_word' id='word_1_271' title='bbox 1938 3134 2035 3183; x_wconf 85' lang='lat' dir='ltr'><strong>pro</strong></span> <span class='ocrx_word' id='word_1_272' title='bbox 2069 3118 2317 3182; x_wconf 73' lang='lat' dir='ltr'><strong>republica</strong></span> <span class='ocrx_word' id='word_1_273' title='bbox 2349 3121 2542 3184; x_wconf 79' lang='lat' dir='ltr'><strong>serunt,</strong></span> 
     </span>
     <span class='ocr_line' id='line_1_45' title="bbox 1517 3197 2543 3262; baseline 0.002 -14"><span class='ocrx_word' id='word_1_274' title='bbox 1517 3212 1567 3248; x_wconf 83' lang='lat' dir='ltr'><strong>et</strong></span> <span class='ocrx_word' id='word_1_275' title='bbox 1584 3199 1669 3246; x_wconf 84' lang='lat' dir='ltr'><strong>ubi</strong></span> <span class='ocrx_word' id='word_1_276' title='bbox 1686 3198 1789 3262; x_wconf 80' lang='lat' dir='ltr'><strong>ipsa</strong></span> <span class='ocrx_word' id='word_1_277' title='bbox 1813 3197 2042 3245; x_wconf 84' lang='lat' dir='ltr'><strong>sanctitas</strong></span> <span class='ocrx_word' id='word_1_278' title='bbox 2067 3197 2369 3247; x_wconf 82' lang='lat' dir='ltr'><strong>domicilium</strong></span> <span class='ocrx_word' id='word_1_279' title='bbox 2388 3201 2543 3251; x_wconf 87' lang='lat' dir='ltr'><strong>collo-</strong></span> 
     </span>
     <span class='ocr_line' id='line_1_46' title="bbox 1518 3275 2544 3342; baseline 0.004 -17"><span class='ocrx_word' id='word_1_280' title='bbox 1518 3277 1661 3326; x_wconf 80' lang='lat' dir='ltr'><strong>cavit.</strong></span> <span class='ocrx_word' id='word_1_281' title='bbox 1676 3275 2111 3342; x_wconf 77' lang='lat' dir='ltr'><strong>—Ampiieudinis.</strong></span> <span class='ocrx_word' id='word_1_282' title='bbox 2138 3277 2437 3342; x_wconf 81' lang='lat' dir='ltr'><strong>Amplissimi</strong></span> <span class='ocrx_word' id='word_1_283' title='bbox 2465 3296 2544 3329; x_wconf 87' lang='lat' dir='ltr'><strong>or·</strong></span> 
     </span>
     <span class='ocr_line' id='line_1_47' title="bbox 1519 3355 2545 3422; baseline 0.004 -17"><span class='ocrx_word' id='word_1_284' title='bbox 1519 3355 1647 3405; x_wconf 84' lang='lat' dir='ltr'><strong>diuis</strong></span> <span class='ocrx_word' id='word_1_285' title='bbox 1682 3355 1933 3404; x_wconf 77' lang='lat' dir='ltr'><strong>senatorii.</strong></span> <span class='ocrx_word' id='word_1_286' title='bbox 1957 3383 2027 3392; x_wconf 93' lang='lat'>—</span> <span class='ocrx_word' id='word_1_287' title='bbox 2053 3356 2247 3404; x_wconf 78' lang='lat' dir='ltr'><strong>Mentis.</strong></span> <span class='ocrx_word' id='word_1_288' title='bbox 2286 3359 2545 3422; x_wconf 66' lang='lat' dir='ltr'><strong>sapientiai</strong></span> 
     </span>
     <span class='ocr_line' id='line_1_48' title="bbox 1518 3432 2545 3500; baseline 0.003 -16"><span class='ocrx_word' id='word_1_289' title='bbox 1518 3449 1569 3484; x_wconf 81' lang='lat' dir='ltr'><strong>et</strong></span> <span class='ocrx_word' id='word_1_290' title='bbox 1598 3432 1889 3500; x_wconf 68' lang='lat' dir='ltr'><strong>prudentie.</strong></span> <span class='ocrx_word' id='word_1_291' title='bbox 1928 3461 1995 3473; x_wconf 88' lang='lat'><em>-</em></span> <span class='ocrx_word' id='word_1_292' title='bbox 2024 3433 2225 3484; x_wconf 82' lang='lat' dir='ltr'><strong>Consilii</strong></span> <span class='ocrx_word' id='word_1_293' title='bbox 2242 3437 2447 3499; x_wconf 77' lang='lat' dir='ltr'><strong>publici.</strong></span> <span class='ocrx_word' id='word_1_294' title='bbox 2486 3441 2545 3487; x_wconf 84' lang='lat' dir='ltr'><strong>In</strong></span> 
     </span>
     <span class='ocr_line' id='line_1_49' title="bbox 1522 3513 2545 3580; baseline 0.006 -18"><span class='ocrx_word' id='word_1_295' title='bbox 1522 3531 1623 3580; x_wconf 87' lang='lat' dir='ltr'><strong>quo</strong></span> <span class='ocrx_word' id='word_1_296' title='bbox 1646 3515 1709 3562; x_wconf 86' lang='lat' dir='ltr'><strong>de</strong></span> <span class='ocrx_word' id='word_1_297' title='bbox 1734 3513 1878 3562; x_wconf 84' lang='lat' dir='ltr'><strong>rebus</strong></span> <span class='ocrx_word' id='word_1_298' title='bbox 1900 3516 2121 3562; x_wconf 81' lang='lat' dir='ltr'><strong>maximis</strong></span> <span class='ocrx_word' id='word_1_299' title='bbox 2146 3517 2443 3568; x_wconf 76' lang='lat' dir='ltr'><strong>consultant.</strong></span> <span class='ocrx_word' id='word_1_300' title='bbox 2475 3545 2545 3556; x_wconf 86' lang='lat'><strong>-—</strong></span> 
     </span>
     <span class='ocr_line' id='line_1_50' title="bbox 1522 3594 2544 3660; baseline 0.003 -17"><span class='ocrx_word' id='word_1_301' title='bbox 1522 3599 1695 3643; x_wconf 77' lang='lat' dir='ltr'><strong>Aram.</strong></span> <span class='ocrx_word' id='word_1_302' title='bbox 1742 3594 2019 3658; x_wconf 80' lang='lat' dir='ltr'><strong>Perfugium</strong></span> <span class='ocrx_word' id='word_1_303' title='bbox 2067 3605 2116 3642; x_wconf 81' lang='lat' dir='ltr'><strong>et</strong></span> <span class='ocrx_word' id='word_1_304' title='bbox 2164 3595 2373 3660; x_wconf 77' lang='lat' dir='ltr'><strong>asylum.</strong></span> <span class='ocrx_word' id='word_1_305' title='bbox 2418 3597 2544 3646; x_wconf 82' lang='lat' dir='ltr'><strong>Nam</strong></span> 
     </span>
     <span class='ocr_line' id='line_1_51' title="bbox 1523 3673 2547 3734; baseline 0.002 -12"><span class='ocrx_word' id='word_1_306' title='bbox 1523 3673 1646 3722; x_wconf 87' lang='lat' dir='ltr'><strong>socii</strong></span> <span class='ocrx_word' id='word_1_307' title='bbox 1666 3707 1681 3732; x_wconf 91' lang='lat'><strong>,</strong></span> <span class='ocrx_word' id='word_1_308' title='bbox 1730 3673 1924 3734; x_wconf 78' lang='lat' dir='ltr'><strong>injuriis</strong></span> <span class='ocrx_word' id='word_1_309' title='bbox 1978 3674 2141 3722; x_wconf 81' lang='lat' dir='ltr'><strong>vexati</strong></span> <span class='ocrx_word' id='word_1_310' title='bbox 2159 3707 2176 3734; x_wconf 92' lang='lat'><strong>,</strong></span> <span class='ocrx_word' id='word_1_311' title='bbox 2224 3676 2429 3724; x_wconf 79' lang='lat' dir='ltr'><strong>Romam</strong></span> <span class='ocrx_word' id='word_1_312' title='bbox 2484 3677 2547 3726; x_wconf 88' lang='lat' dir='ltr'><strong>ad</strong></span> 
     </span>
     <span class='ocr_line' id='line_1_52' title="bbox 1522 3751 2551 3816; baseline 0.003 -15"><span class='ocrx_word' id='word_1_313' title='bbox 1522 3763 1741 3801; x_wconf 82' lang='lat' dir='ltr'><strong>senatum</strong></span> <span class='ocrx_word' id='word_1_314' title='bbox 1778 3751 2128 3816; x_wconf 79' lang='lat' dir='ltr'><strong>confugiebant</strong></span> <span class='ocrx_word' id='word_1_315' title='bbox 2147 3789 2164 3813; x_wconf 91' lang='lat'>‚</span> <span class='ocrx_word' id='word_1_316' title='bbox 2206 3765 2257 3803; x_wconf 80' lang='lat' dir='ltr'><strong>et</strong></span> <span class='ocrx_word' id='word_1_317' title='bbox 2295 3753 2410 3802; x_wconf 82' lang='lat' dir='ltr'><strong>inde</strong></span> <span class='ocrx_word' id='word_1_318' title='bbox 2448 3757 2551 3803; x_wconf 85' lang='lat' dir='ltr'><strong>suis</strong></span> 
     </span>
     <span class='ocr_line' id='line_1_53' title="bbox 1524 3831 2548 3898; baseline -0.002 -18"><span class='ocrx_word' id='word_1_319' title='bbox 1524 3831 1759 3898; x_wconf 79' lang='lat' dir='ltr'><strong>petebant</strong></span> <span class='ocrx_word' id='word_1_320' title='bbox 1796 3832 2149 3880; x_wconf 77' lang='lat' dir='ltr'><strong>calamitatibus</strong></span> <span class='ocrx_word' id='word_1_321' title='bbox 2184 3832 2437 3880; x_wconf 80' lang='lat' dir='ltr'><strong>auxilium.</strong></span> <span class='ocrx_word' id='word_1_322' title='bbox 2478 3860 2548 3870; x_wconf 93' lang='lat'><strong>—</strong></span> 
     </span>
     <span class='ocr_line' id='line_1_54' title="bbox 1525 3909 2551 3974; baseline 0 -16"><span class='ocrx_word' id='word_1_323' title='bbox 1525 3909 1790 3960; x_wconf 72' lang='lat' dir='ltr'><strong>Fam-stari.</strong></span> <span class='ocrx_word' id='word_1_324' title='bbox 1807 3911 1969 3958; x_wconf 77' lang='lat' dir='ltr'><strong>Pollui</strong></span> <span class='ocrx_word' id='word_1_325' title='bbox 1988 3910 2219 3959; x_wconf 82' lang='lat' dir='ltr'><strong>cadavere</strong></span> <span class='ocrx_word' id='word_1_326' title='bbox 2238 3910 2551 3974; x_wconf 79' lang='lat' dir='ltr'><strong>impurissimi</strong></span> 
     </span>
     <span class='ocr_line' id='line_1_55' title="bbox 1529 3988 2337 4038; baseline -0.004 -1"><span class='ocrx_word' id='word_1_327' title='bbox 1529 3990 1743 4038; x_wconf 80' lang='lat' dir='ltr'><strong>hominis</strong></span> <span class='ocrx_word' id='word_1_328' title='bbox 1767 3990 1822 4037; x_wconf 79' lang='lat' dir='ltr'><strong>P.</strong></span> <span class='ocrx_word' id='word_1_329' title='bbox 1841 3989 2004 4038; x_wconf 84' lang='lat' dir='ltr'><strong>Clodii</strong></span> <span class='ocrx_word' id='word_1_330' title='bbox 2022 3988 2091 4037; x_wconf 86' lang='lat' dir='ltr'><strong>ibi</strong></span> <span class='ocrx_word' id='word_1_331' title='bbox 2109 3998 2337 4036; x_wconf 81' lang='lat' dir='ltr'><strong>cremato.</strong></span> 
     </span>
    </p>

    <p class='ocr_par' dir='ltr' id='par_1_12' title="bbox 1530 4065 2555 4197">
     <span class='ocr_line' id='line_1_56' title="bbox 1610 4065 2555 4132; baseline 0 -16"><span class='ocrx_word' id='word_1_332' title='bbox 1610 4084 1685 4118; x_wconf 83' lang='lat' dir='ltr'><strong>so.</strong></span> <span class='ocrx_word' id='word_1_333' title='bbox 1704 4069 1829 4118; x_wconf 77' lang='lat' dir='ltr'><strong>MSS</strong></span> <span class='ocrx_word' id='word_1_334' title='bbox 1843 4067 2041 4132; x_wconf 84' lang='lat' dir='ltr'><strong>quidam</strong></span> <span class='ocrx_word' id='word_1_335' title='bbox 2058 4079 2107 4116; x_wconf 79' lang='lat' dir='ltr'><strong>et</strong></span> <span class='ocrx_word' id='word_1_336' title='bbox 2121 4065 2198 4114; x_wconf 85' lang='lat' dir='ltr'><strong>ed.</strong></span> <span class='ocrx_word' id='word_1_337' title='bbox 2218 4069 2251 4116; x_wconf 85' lang='lat' dir='ltr'><strong>J</strong></span> <span class='ocrx_word' id='word_1_338' title='bbox 2254 4075 2358 4115; x_wconf 80' lang='lat' dir='ltr'><strong>unt.</strong></span> <span class='ocrx_word' id='word_1_339' title='bbox 2370 4065 2555 4116; x_wconf 83' lang='lat' dir='ltr'><strong>habent</strong></span> 
     </span>
     <span class='ocr_line' id='line_1_57' title="bbox 1530 4147 2103 4197; baseline -0.005 -1"><span class='ocrx_word' id='word_1_340' title='bbox 1530 4148 1679 4197; x_wconf 73' lang='lat' dir='ltr'><strong>orbis.</strong></span> <span class='ocrx_word' id='word_1_341' title='bbox 1702 4147 1851 4196; x_wconf 82' lang='lat' dir='ltr'><strong>Male.</strong></span> <span class='ocrx_word' id='word_1_342' title='bbox 1877 4147 1928 4195; x_wconf 85' lang='lat' dir='ltr'><strong>J.</strong></span> <span class='ocrx_word' id='word_1_343' title='bbox 1950 4147 2011 4194; x_wconf 78' lang='lat' dir='ltr'><strong>V.</strong></span> <span class='ocrx_word' id='word_1_344' title='bbox 2042 4147 2103 4193; x_wconf 80' lang='lat'><strong>1..</strong></span> 
     </span>
    </p>
   </div>
  </div>
 </body>
</html>
