<?xml version="1.0" encoding="UTF-8"?>
<!DOCTYPE html PUBLIC "-//W3C//DTD XHTML 1.0 Transitional//EN"
    "http://www.w3.org/TR/xhtml1/DTD/xhtml1-transitional.dtd">
<html xmlns="http://www.w3.org/1999/xhtml" xml:lang="en" lang="en">
 <head>
  <title>
</title>
<meta http-equiv="Content-Type" content="text/html;charset=utf-8" />
  <meta name='ocr-system' content='tesseract 3.04.00' />
  <meta name='ocr-capabilities' content='ocr_page ocr_carea ocr_par ocr_line ocrx_word'/>
</head>
<body>
  <div class='ocr_page' id='page_1' title='image "./mtciceronisquae08lemagoog/mtciceronisquae08lemagoog_0515.png"; bbox 0 0 2996 4694; ppageno 0'>
   <div class='ocr_carea' id='block_1_1' title="bbox 738 326 2496 471">
    <p class='ocr_par' dir='ltr' id='par_1_1' title="bbox 738 326 2496 471">
     <span class='ocr_line' id='line_1_1' title="bbox 738 326 2496 471; baseline 0.005 -31"><span class='ocrx_word' id='word_1_1' title='bbox 738 370 1127 442; x_wconf 79' lang='lat' dir='ltr'><strong>ORATIO</strong></span> <span class='ocrx_word' id='word_1_2' title='bbox 1178 371 1379 442; x_wconf 81' lang='lat' dir='ltr'><strong>PRo</strong></span> <span class='ocrx_word' id='word_1_3' title='bbox 1426 373 1504 440; x_wconf 86' lang='lat' dir='ltr'><strong>T.</strong></span> <span class='ocrx_word' id='word_1_4' title='bbox 1549 375 1631 441; x_wconf 79' lang='lat' dir='ltr'><strong>A.</strong></span> <span class='ocrx_word' id='word_1_5' title='bbox 1683 347 2120 444; x_wconf 73' lang='lat' dir='ltr'><strong>M1L‘0NE.</strong></span> <span class='ocrx_word' id='word_1_6' title='bbox 2365 326 2496 471; x_wconf 62' lang='lat'><strong>51⁸1</strong></span> 
     </span>
    </p>
   </div>
   <div class='ocr_carea' id='block_1_2' title="bbox 258 490 2504 1913">
    <p class='ocr_par' dir='ltr' id='par_1_2' title="bbox 258 490 2504 1250">
     <span class='ocr_line' id='line_1_2' title="bbox 363 490 2500 593; baseline 0.004 -27"><span class='ocrx_word' id='word_1_7' title='bbox 363 495 433 566; x_wconf 88' lang='lat' dir='ltr'><strong>in</strong></span> <span class='ocrx_word' id='word_1_8' title='bbox 479 517 697 592; x_wconf 80' lang='lat' dir='ltr'><strong>equo.</strong></span> <span class='ocrx_word' id='word_1_9' title='bbox 748 495 1067 566; x_wconf 82' lang='lat' dir='ltr'><strong>Comites</strong></span> <span class='ocrx_word' id='word_1_10' title='bbox 1122 490 1502 576; x_wconf 80' lang='lat' dir='ltr'><strong>Graeculi³‚</strong></span> <span class='ocrx_word' id='word_1_11' title='bbox 1546 519 2020 593; x_wconf 84' lang='lat' dir='ltr'><strong>quocumque</strong></span> <span class='ocrx_word' id='word_1_12' title='bbox 2060 497 2250 588; x_wconf 87' lang='lat' dir='ltr'><strong>ibat,</strong></span> <span class='ocrx_word' id='word_1_13' title='bbox 2285 504 2500 574; x_wconf 85' lang='lat' dir='ltr'><strong>etiam</strong></span> 
     </span>
     <span class='ocr_line' id='line_1_3' title="bbox 363 604 2504 708; baseline 0.005 -34"><span class='ocrx_word' id='word_1_14' title='bbox 363 629 595 702; x_wconf 89' lang='lat' dir='ltr'><strong>quum</strong></span> <span class='ocrx_word' id='word_1_15' title='bbox 638 605 717 674; x_wconf 90' lang='lat' dir='ltr'><strong>in</strong></span> <span class='ocrx_word' id='word_1_16' title='bbox 766 617 995 674; x_wconf 84' lang='lat' dir='ltr'><strong>castra</strong></span> <span class='ocrx_word' id='word_1_17' title='bbox 1038 606 1389 674; x_wconf 73' lang='lat' dir='ltr'><strong>Etrusca4</strong></span> <span class='ocrx_word' id='word_1_18' title='bbox 1422 604 1906 702; x_wconf 82' lang='lat' dir='ltr'><strong>properabat3</strong></span> <span class='ocrx_word' id='word_1_19' title='bbox 1949 620 2108 678; x_wconf 89' lang='lat' dir='ltr'><strong>tum</strong></span> <span class='ocrx_word' id='word_1_20' title='bbox 2149 633 2504 708; x_wconf 86' lang='lat' dir='ltr'><strong>nugarum</strong></span> 
     </span>
     <span class='ocr_line' id='line_1_4' title="bbox 258 711 2504 813; baseline 0.005 -30"><span class='ocrx_word' id='word_1_21' title='bbox 258 754 261 758; x_wconf 91' lang='lat'>·</span> <span class='ocrx_word' id='word_1_22' title='bbox 364 718 439 786; x_wconf 88' lang='lat' dir='ltr'><strong>in</strong></span> <span class='ocrx_word' id='word_1_23' title='bbox 490 713 836 786; x_wconf 82' lang='lat' dir='ltr'><strong>comitatu</strong></span> <span class='ocrx_word' id='word_1_24' title='bbox 890 713 1093 811; x_wconf 77' lang='lat' dir='ltr'><strong>nihil.</strong></span> <span class='ocrx_word' id='word_1_25' title='bbox 1150 711 1367 802; x_wconf 82' lang='lat' dir='ltr'><strong>Milo,</strong></span> <span class='ocrx_word' id='word_1_26' title='bbox 1436 716 1566 810; x_wconf 91' lang='lat' dir='ltr'><strong>qui</strong></span> <span class='ocrx_word' id='word_1_27' title='bbox 1621 738 2064 813; x_wconf 86' lang='lat' dir='ltr'><strong>numquam,</strong></span> <span class='ocrx_word' id='word_1_28' title='bbox 2119 733 2276 790; x_wconf 87' lang='lat' dir='ltr'><strong>tum</strong></span> <span class='ocrx_word' id='word_1_29' title='bbox 2333 747 2504 796; x_wconf 87' lang='lat' dir='ltr'><strong>casu</strong></span> 
     </span>
     <span class='ocr_line' id='line_1_5' title="bbox 360 821 2504 923; baseline 0.004 -29"><span class='ocrx_word' id='word_1_30' title='bbox 360 849 632 923; x_wconf 85' lang='lat' dir='ltr'><strong>pueros</strong></span> <span class='ocrx_word' id='word_1_31' title='bbox 668 823 1223 922; x_wconf 87' lang='lat' dir='ltr'><strong>symphoniacos</strong></span> <span class='ocrx_word' id='word_1_32' title='bbox 1244 821 1273 868; x_wconf 89' lang='lat'><strong>⁵</strong></span> <span class='ocrx_word' id='word_1_33' title='bbox 1310 826 1560 894; x_wconf 80' lang='lat' dir='ltr'><strong>uxoris</strong></span> <span class='ocrx_word' id='word_1_34' title='bbox 1589 823 1940 914; x_wconf 89' lang='lat' dir='ltr'><strong>ducebat,</strong></span> <span class='ocrx_word' id='word_1_35' title='bbox 1980 842 2056 899; x_wconf 88' lang='lat' dir='ltr'><strong>et</strong></span> <span class='ocrx_word' id='word_1_36' title='bbox 2079 829 2504 902; x_wconf 86' lang='lat' dir='ltr'><strong>ancillarum</strong></span> 
     </span>
     <span class='ocr_line' id='line_1_6' title="bbox 362 935 2504 1037; baseline 0.003 -31"><span class='ocrx_word' id='word_1_37' title='bbox 362 959 640 1033; x_wconf 82' lang='lat' dir='ltr'><strong>greges.</strong></span> <span class='ocrx_word' id='word_1_38' title='bbox 693 935 855 1021; x_wconf 84' lang='lat' dir='ltr'><strong>Ille,</strong></span> <span class='ocrx_word' id='word_1_39' title='bbox 902 936 1035 1032; x_wconf 90' lang='lat' dir='ltr'><strong>qui</strong></span> <span class='ocrx_word' id='word_1_40' title='bbox 1082 957 1371 1031; x_wconf 84' lang='lat' dir='ltr'><strong>semper</strong></span> <span class='ocrx_word' id='word_1_41' title='bbox 1405 959 1654 1006; x_wconf 88' lang='lat' dir='ltr'><strong>secum</strong></span> <span class='ocrx_word' id='word_1_42' title='bbox 1697 951 1967 1023; x_wconf 86' lang='lat' dir='ltr'><strong>scorta,</strong></span> <span class='ocrx_word' id='word_1_43' title='bbox 2007 961 2293 1037; x_wconf 83' lang='lat' dir='ltr'><strong>semper</strong></span> <span class='ocrx_word' id='word_1_44' title='bbox 2325 965 2504 1013; x_wconf 84' lang='lat' dir='ltr'><strong>exo-</strong></span> 
     </span>
     <span class='ocr_line' id='line_1_7' title="bbox 362 1041 2498 1144; baseline 0.005 -31"><span class='ocrx_word' id='word_1_45' title='bbox 362 1043 581 1131; x_wconf 88' lang='lat' dir='ltr'><strong>letos,</strong></span> <span class='ocrx_word' id='word_1_46' title='bbox 630 1069 918 1144; x_wconf 83' lang='lat' dir='ltr'><strong>semper</strong></span> <span class='ocrx_word' id='word_1_47' title='bbox 968 1045 1175 1142; x_wconf 88' lang='lat' dir='ltr'><strong>lupas</strong></span> <span class='ocrx_word' id='word_1_48' title='bbox 1218 1041 1602 1133; x_wconf 80' lang='lat' dir='ltr'><strong>duceret⁶,</strong></span> <span class='ocrx_word' id='word_1_49' title='bbox 1657 1060 1815 1116; x_wconf 90' lang='lat' dir='ltr'><strong>tum</strong></span> <span class='ocrx_word' id='word_1_50' title='bbox 1855 1049 2264 1140; x_wconf 87' lang='lat' dir='ltr'><strong>neminem,</strong></span> <span class='ocrx_word' id='word_1_51' title='bbox 2319 1054 2498 1123; x_wconf 83' lang='lat' dir='ltr'><strong>nisi⁷</strong></span> 
     </span>
     <span class='ocr_line' id='line_1_8' title="bbox 320 1147 1874 1250; baseline 0.003 -26"><span class='ocrx_word' id='word_1_52' title='bbox 320 1243 327 1250; x_wconf 18' lang='grc' dir='ltr'><strong>ρ</strong></span> <span class='ocrx_word' id='word_1_53' title='bbox 363 1169 445 1224; x_wconf 86' lang='lat' dir='ltr'><strong>ut</strong></span> <span class='ocrx_word' id='word_1_54' title='bbox 480 1159 715 1226; x_wconf 87' lang='lat' dir='ltr'><strong>virum</strong></span> <span class='ocrx_word' id='word_1_55' title='bbox 754 1179 795 1225; x_wconf 93' lang='lat' dir='ltr'><strong>a</strong></span> <span class='ocrx_word' id='word_1_56' title='bbox 830 1157 987 1226; x_wconf 85' lang='lat' dir='ltr'><strong>viro</strong></span> <span class='ocrx_word' id='word_1_57' title='bbox 1024 1147 1342 1226; x_wconf 83' lang='lat' dir='ltr'><strong>lectum⁸</strong></span> <span class='ocrx_word' id='word_1_58' title='bbox 1380 1172 1538 1228; x_wconf 82' lang='lat' dir='ltr'><strong>esse</strong></span> <span class='ocrx_word' id='word_1_59' title='bbox 1579 1156 1874 1228; x_wconf 76' lang='lat' dir='ltr'><strong>diceres,</strong></span> 
     </span>
    </p>

    <p class='ocr_par' dir='ltr' id='par_1_3' title="bbox 357 1265 2504 1913">
     <span class='ocr_line' id='line_1_9' title="bbox 459 1265 2502 1366; baseline 0.003 -30"><span class='ocrx_word' id='word_1_60' title='bbox 459 1267 611 1336; x_wconf 87' lang='lat' dir='ltr'><strong>Cur</strong></span> <span class='ocrx_word' id='word_1_61' title='bbox 664 1269 897 1362; x_wconf 62' lang='lat' dir='ltr'><strong>igitur*</strong></span> <span class='ocrx_word' id='word_1_62' title='bbox 932 1267 1165 1336; x_wconf 84' lang='lat' dir='ltr'><strong>victus</strong></span> <span class='ocrx_word' id='word_1_63' title='bbox 1217 1265 1375 1336; x_wconf 84' lang='lat' dir='ltr'><strong>est?</strong></span> <span class='ocrx_word' id='word_1_64' title='bbox 1424 1268 1616 1356; x_wconf 86' lang='lat' dir='ltr'><strong>Quia</strong></span> <span class='ocrx_word' id='word_1_65' title='bbox 1669 1291 1822 1338; x_wconf 87' lang='lat' dir='ltr'><strong>non</strong></span> <span class='ocrx_word' id='word_1_66' title='bbox 1865 1291 2153 1366; x_wconf 89' lang='lat' dir='ltr'><strong>semper</strong></span> <span class='ocrx_word' id='word_1_67' title='bbox 2190 1273 2425 1344; x_wconf 87' lang='lat' dir='ltr'><strong>viator</strong></span> <span class='ocrx_word' id='word_1_68' title='bbox 2461 1295 2502 1342; x_wconf 88' lang='lat' dir='ltr'><strong>a</strong></span> 
     </span>
     <span class='ocr_line' id='line_1_10' title="bbox 360 1373 2504 1472; baseline 0.004 -28"><span class='ocrx_word' id='word_1_69' title='bbox 360 1373 678 1462; x_wconf 86' lang='lat' dir='ltr'><strong>latrone,</strong></span> <span class='ocrx_word' id='word_1_70' title='bbox 722 1397 1283 1472; x_wconf 84' lang='lat' dir='ltr'><strong>nonnumquam</strong></span> <span class='ocrx_word' id='word_1_71' title='bbox 1334 1377 1554 1446; x_wconf 84' lang='lat' dir='ltr'><strong>etiam</strong></span> <span class='ocrx_word' id='word_1_72' title='bbox 1598 1375 1782 1447; x_wconf 85' lang='lat' dir='ltr'><strong>latro</strong></span> <span class='ocrx_word' id='word_1_73' title='bbox 1831 1399 1872 1448; x_wconf 89' lang='lat' dir='ltr'><strong>a</strong></span> <span class='ocrx_word' id='word_1_74' title='bbox 1921 1381 2196 1450; x_wconf 85' lang='lat' dir='ltr'><strong>viatore</strong></span> <span class='ocrx_word' id='word_1_75' title='bbox 2233 1381 2504 1453; x_wconf 88' lang='lat' dir='ltr'><strong>occidi-</strong></span> 
     </span>
     <span class='ocr_line' id='line_1_11' title="bbox 360 1487 2502 1586; baseline 0.003 -30"><span class='ocrx_word' id='word_1_76' title='bbox 360 1499 511 1572; x_wconf 69' lang='lat' dir='ltr'><strong>tur-3</strong></span> <span class='ocrx_word' id='word_1_77' title='bbox 555 1487 762 1582; x_wconf 86' lang='lat' dir='ltr'><strong>quia,</strong></span> <span class='ocrx_word' id='word_1_78' title='bbox 806 1508 1253 1583; x_wconf 89' lang='lat' dir='ltr'><strong>quamquam</strong></span> <span class='ocrx_word' id='word_1_79' title='bbox 1286 1501 1580 1584; x_wconf 88' lang='lat' dir='ltr'><strong>paratus</strong></span> <span class='ocrx_word' id='word_1_80' title='bbox 1619 1488 1696 1556; x_wconf 88' lang='lat' dir='ltr'><strong>in</strong></span> <span class='ocrx_word' id='word_1_81' title='bbox 1745 1488 2136 1586; x_wconf 87' lang='lat' dir='ltr'><strong>imparatos</strong></span> <span class='ocrx_word' id='word_1_82' title='bbox 2170 1491 2502 1576; x_wconf 81' lang='lat' dir='ltr'><strong>Clodius,</strong></span> 
     </span>
     <span class='ocr_line' id='line_1_12' title="bbox 362 1595 2504 1678; baseline 0.004 -12"><span class='ocrx_word' id='word_1_83' title='bbox 362 1611 603 1667; x_wconf 84' lang='lat' dir='ltr'><strong>tamen</strong></span> <span class='ocrx_word' id='word_1_84' title='bbox 650 1595 913 1678; x_wconf 86' lang='lat' dir='ltr'><strong>mulier</strong></span> <span class='ocrx_word' id='word_1_85' title='bbox 966 1595 1317 1668; x_wconf 84' lang='lat' dir='ltr'><strong>inciderat</strong></span> <span class='ocrx_word' id='word_1_86' title='bbox 1350 1601 1429 1666; x_wconf 89' lang='lat' dir='ltr'><strong>in</strong></span> <span class='ocrx_word' id='word_1_87' title='bbox 1480 1599 1736 1668; x_wconf 70' lang='lat' dir='ltr'><strong>viroso.</strong></span> <span class='ocrx_word' id='word_1_88' title='bbox 1783 1602 1934 1670; x_wconf 90' lang='lat' dir='ltr'><strong>Nec</strong></span> <span class='ocrx_word' id='word_1_89' title='bbox 1981 1625 2155 1672; x_wconf 88' lang='lat' dir='ltr'><strong>vero</strong></span> <span class='ocrx_word' id='word_1_90' title='bbox 2203 1603 2306 1674; x_wconf 87' lang='lat' dir='ltr'><strong>sic</strong></span> <span class='ocrx_word' id='word_1_91' title='bbox 2349 1619 2504 1676; x_wconf 86' lang='lat' dir='ltr'><strong>erat</strong></span> 
     </span>
     <span class='ocr_line' id='line_1_13' title="bbox 359 1706 2500 1808; baseline 0.004 -32"><span class='ocrx_word' id='word_1_92' title='bbox 359 1729 710 1802; x_wconf 89' lang='lat' dir='ltr'><strong>umquam</strong></span> <span class='ocrx_word' id='word_1_93' title='bbox 750 1728 903 1782; x_wconf 87' lang='lat' dir='ltr'><strong>non</strong></span> <span class='ocrx_word' id='word_1_94' title='bbox 937 1720 1227 1808; x_wconf 84' lang='lat' dir='ltr'><strong>paratus</strong></span> <span class='ocrx_word' id='word_1_95' title='bbox 1268 1706 1447 1778; x_wconf 87' lang='lat' dir='ltr'><strong>Milo</strong></span> <span class='ocrx_word' id='word_1_96' title='bbox 1482 1720 1742 1778; x_wconf 82' lang='lat' dir='ltr'><strong>contra</strong></span> <span class='ocrx_word' id='word_1_97' title='bbox 1769 1707 2004 1794; x_wconf 88' lang='lat' dir='ltr'><strong>illum,</strong></span> <span class='ocrx_word' id='word_1_98' title='bbox 2043 1724 2128 1780; x_wconf 87' lang='lat' dir='ltr'><strong>ut</strong></span> <span class='ocrx_word' id='word_1_99' title='bbox 2153 1737 2303 1782; x_wconf 88' lang='lat' dir='ltr'><strong>non</strong></span> <span class='ocrx_word' id='word_1_100' title='bbox 2333 1717 2500 1786; x_wconf 88' lang='lat' dir='ltr'><strong>satis</strong></span> 
     </span>
     <span class='ocr_line' id='line_1_14' title="bbox 357 1813 2498 1913; baseline 0.005 -28"><span class='ocrx_word' id='word_1_101' title='bbox 357 1813 510 1885; x_wconf 83' lang='lat' dir='ltr'><strong>fere</strong></span> <span class='ocrx_word' id='word_1_102' title='bbox 556 1827 742 1884; x_wconf 88' lang='lat' dir='ltr'><strong>esset</strong></span> <span class='ocrx_word' id='word_1_103' title='bbox 786 1828 1101 1911; x_wconf 80' lang='lat' dir='ltr'><strong>paratuS.</strong></span> <span class='ocrx_word' id='word_1_104' title='bbox 1139 1819 1438 1913; x_wconf 88' lang='lat' dir='ltr'><strong>Semper</strong></span> <span class='ocrx_word' id='word_1_105' title='bbox 1478 1815 1634 1902; x_wconf 82' lang='lat' dir='ltr'><strong>ille,</strong></span> <span class='ocrx_word' id='word_1_106' title='bbox 1688 1830 1762 1886; x_wconf 90' lang='lat' dir='ltr'><strong>et</strong></span> <span class='ocrx_word' id='word_1_107' title='bbox 1795 1833 2154 1913; x_wconf 88' lang='lat' dir='ltr'><strong>quantum</strong></span> <span class='ocrx_word' id='word_1_108' title='bbox 2191 1823 2498 1896; x_wconf 86' lang='lat' dir='ltr'><strong>interes·</strong></span> 
     </span>
    </p>
   </div>
   <div class='ocr_carea' id='block_1_3' title="bbox 249 1921 2500 2022">
    <p class='ocr_par' dir='ltr' id='par_1_4' title="bbox 249 1921 2500 2022">
     <span class='ocr_line' id='line_1_15' title="bbox 249 1921 2500 2022; baseline 0.004 -27"><span class='ocrx_word' id='word_1_109' title='bbox 249 1927 253 1932; x_wconf 80' lang='grc'><strong>’</strong></span> <span class='ocrx_word' id='word_1_110' title='bbox 358 1940 467 1996; x_wconf 88' lang='lat' dir='ltr'><strong>set</strong></span> <span class='ocrx_word' id='word_1_111' title='bbox 503 1928 576 1994; x_wconf 91' lang='lat' dir='ltr'><strong>P.</strong></span> <span class='ocrx_word' id='word_1_112' title='bbox 626 1921 905 2010; x_wconf 88' lang='lat' dir='ltr'><strong>Clodii,</strong></span> <span class='ocrx_word' id='word_1_113' title='bbox 948 1949 1025 1996; x_wconf 90' lang='lat' dir='ltr'><strong>se</strong></span> <span class='ocrx_word' id='word_1_114' title='bbox 1066 1926 1340 2022; x_wconf 87' lang='lat' dir='ltr'><strong>perire,</strong></span> <span class='ocrx_word' id='word_1_115' title='bbox 1394 1939 1470 1996; x_wconf 91' lang='lat' dir='ltr'><strong>et</strong></span> <span class='ocrx_word' id='word_1_116' title='bbox 1511 1939 1790 2022; x_wconf 79' lang='lat' dir='ltr'><strong>quanto</strong></span> <span class='ocrx_word' id='word_1_117' title='bbox 1827 1925 1932 1996; x_wconf 89' lang='lat' dir='ltr'><strong>illi</strong></span> <span class='ocrx_word' id='word_1_118' title='bbox 1965 1927 2138 2000; x_wconf 90' lang='lat' dir='ltr'><strong>odio</strong></span> <span class='ocrx_word' id='word_1_119' title='bbox 2172 1947 2391 2020; x_wconf 87' lang='lat' dir='ltr'><strong>esset,</strong></span> <span class='ocrx_word' id='word_1_120' title='bbox 2426 1949 2500 2004; x_wconf 90' lang='lat' dir='ltr'><strong>et</strong></span> 
     </span>
    </p>
   </div>
   <div class='ocr_carea' id='block_1_4' title="bbox 354 2031 2498 2685">
    <p class='ocr_par' dir='ltr' id='par_1_5' title="bbox 354 2031 2498 2685">
     <span class='ocr_line' id='line_1_16' title="bbox 358 2031 2498 2131; baseline 0.004 -25"><span class='ocrx_word' id='word_1_121' title='bbox 358 2047 717 2130; x_wconf 85' lang='lat' dir='ltr'><strong>quantum</strong></span> <span class='ocrx_word' id='word_1_122' title='bbox 767 2032 887 2104; x_wconf 87' lang='lat' dir='ltr'><strong>ille</strong></span> <span class='ocrx_word' id='word_1_123' title='bbox 934 2031 1270 2122; x_wconf 80' lang='lat' dir='ltr'><strong>auderet,</strong></span> <span class='ocrx_word' id='word_1_124' title='bbox 1314 2034 1699 2131; x_wconf 81' lang='lat' dir='ltr'><strong>cogitabat.</strong></span> <span class='ocrx_word' id='word_1_125' title='bbox 1743 2036 2236 2124; x_wconf 85' lang='lat' dir='ltr'><strong>Quamobrem</strong></span> <span class='ocrx_word' id='word_1_126' title='bbox 2277 2045 2498 2114; x_wconf 83' lang='lat' dir='ltr'><strong>vitam</strong></span> 
     </span>
     <span class='ocr_line' id='line_1_17' title="bbox 356 2144 2495 2248; baseline 0.006 -36"><span class='ocrx_word' id='word_1_127' title='bbox 356 2169 598 2231; x_wconf 86' lang='lat' dir='ltr'><strong>suam,</strong></span> <span class='ocrx_word' id='word_1_128' title='bbox 648 2166 869 2240; x_wconf 84' lang='lat' dir='ltr'><strong>quam</strong></span> <span class='ocrx_word' id='word_1_129' title='bbox 922 2144 1251 2214; x_wconf 82' lang='lat' dir='ltr'><strong>maximis</strong></span> <span class='ocrx_word' id='word_1_130' title='bbox 1302 2145 1614 2242; x_wconf 79' lang='lat' dir='ltr'><strong>praemiis</strong></span> <span class='ocrx_word' id='word_1_131' title='bbox 1665 2149 2115 2244; x_wconf 79' lang='lat' dir='ltr'><strong>propositam</strong></span> <span class='ocrx_word' id='word_1_132' title='bbox 2171 2164 2244 2219; x_wconf 82' lang='lat' dir='ltr'><strong>et</strong></span> <span class='ocrx_word' id='word_1_133' title='bbox 2293 2175 2495 2248; x_wconf 83' lang='lat' dir='ltr'><strong>poene</strong></span> 
     </span>
     <span class='ocr_line' id='line_1_18' title="bbox 354 2252 2496 2360; baseline 0.003 -34"><span class='ocrx_word' id='word_1_134' title='bbox 354 2253 711 2326; x_wconf 85' lang='lat' dir='ltr'><strong>addictam</strong></span> <span class='ocrx_word' id='word_1_135' title='bbox 742 2252 1114 2341; x_wconf 88' lang='lat' dir='ltr'><strong>sciebat¹⁰,</strong></span> <span class='ocrx_word' id='word_1_136' title='bbox 1144 2266 1547 2352; x_wconf 85' lang='lat' dir='ltr'><strong>num&#39;quam</strong></span> <span class='ocrx_word' id='word_1_137' title='bbox 1575 2260 1650 2326; x_wconf 87' lang='lat' dir='ltr'><strong>in</strong></span> <span class='ocrx_word' id='word_1_138' title='bbox 1685 2257 2090 2355; x_wconf 89' lang='lat' dir='ltr'><strong>periculum</strong></span> <span class='ocrx_word' id='word_1_139' title='bbox 2131 2259 2290 2332; x_wconf 88' lang='lat' dir='ltr'><strong>sine</strong></span> <span class='ocrx_word' id='word_1_140' title='bbox 2317 2285 2496 2360; x_wconf 81' lang='lat' dir='ltr'><strong>prae·-</strong></span> 
     </span>
     <span class='ocr_line' id='line_1_19' title="bbox 357 2364 2496 2463; baseline 0.003 -26"><span class='ocrx_word' id='word_1_141' title='bbox 357 2366 541 2437; x_wconf 88' lang='lat' dir='ltr'><strong>sidio</strong></span> <span class='ocrx_word' id='word_1_142' title='bbox 582 2381 657 2437; x_wconf 85' lang='lat' dir='ltr'><strong>et</strong></span> <span class='ocrx_word' id='word_1_143' title='bbox 708 2369 863 2456; x_wconf 86' lang='lat' dir='ltr'><strong>sine</strong></span> <span class='ocrx_word' id='word_1_144' title='bbox 919 2364 1245 2437; x_wconf 88' lang='lat' dir='ltr'><strong>custodia</strong></span> <span class='ocrx_word' id='word_1_145' title='bbox 1286 2366 1734 2463; x_wconf 85' lang='lat' dir='ltr'><strong>projiciebat.</strong></span> <span class='ocrx_word' id='word_1_146' title='bbox 1786 2366 1990 2439; x_wconf 86' lang='lat' dir='ltr'><strong>Adde</strong></span> <span class='ocrx_word' id='word_1_147' title='bbox 2035 2392 2277 2458; x_wconf 77' lang='lat' dir='ltr'><strong>casuS,</strong></span> <span class='ocrx_word' id='word_1_148' title='bbox 2313 2372 2496 2448; x_wconf 89' lang='lat' dir='ltr'><strong>adde</strong></span> 
     </span>
     <span class='ocr_line' id='line_1_20' title="bbox 355 2472 2493 2575; baseline 0.004 -28"><span class='ocrx_word' id='word_1_149' title='bbox 355 2479 669 2549; x_wconf 87' lang='lat' dir='ltr'><strong>incertos</strong></span> <span class='ocrx_word' id='word_1_150' title='bbox 712 2472 947 2547; x_wconf 67' lang='lat' dir='ltr'><strong>eikitus</strong></span> <span class='ocrx_word' id='word_1_151' title='bbox 986 2488 1440 2575; x_wconf 79' lang='lat' dir='ltr'><strong>pugnarum,</strong></span> <span class='ocrx_word' id='word_1_152' title='bbox 1486 2482 1940 2575; x_wconf 87' lang='lat' dir='ltr'><strong>Martemque</strong></span> <span class='ocrx_word' id='word_1_153' title='bbox 1995 2503 2493 2573; x_wconf 90' lang='lat' dir='ltr'><strong>communem,</strong></span> 
     </span>
     <span class='ocr_line' id='line_1_21' title="bbox 354 2586 2494 2685; baseline 0.004 -28"><span class='ocrx_word' id='word_1_154' title='bbox 354 2588 485 2684; x_wconf 91' lang='lat' dir='ltr'><strong>qui</strong></span> <span class='ocrx_word' id='word_1_155' title='bbox 529 2612 717 2685; x_wconf 82' lang='lat' dir='ltr'><strong>saepe</strong></span> <span class='ocrx_word' id='word_1_156' title='bbox 771 2586 1201 2684; x_wconf 88' lang='lat' dir='ltr'><strong>spoliantem</strong></span> <span class='ocrx_word' id='word_1_157' title='bbox 1228 2587 1381 2682; x_wconf 85' lang='lat' dir='ltr'><strong>jam</strong></span> <span class='ocrx_word' id='word_1_158' title='bbox 1432 2601 1506 2659; x_wconf 88' lang='lat' dir='ltr'><strong>et</strong></span> <span class='ocrx_word' id='word_1_159' title='bbox 1551 2586 2030 2659; x_wconf 85' lang='lat' dir='ltr'><strong>exsultantem</strong></span> <span class='ocrx_word' id='word_1_160' title='bbox 2088 2594 2380 2680; x_wconf 86' lang='lat' dir='ltr'><strong>evertit,</strong></span> <span class='ocrx_word' id='word_1_161' title='bbox 2421 2608 2494 2665; x_wconf 88' lang='lat' dir='ltr'><strong>et</strong></span> 
     </span>
    </p>
   </div>
   <div class='ocr_carea' id='block_1_5' title="bbox 346 2858 1377 4186">
    <p class='ocr_par' dir='ltr' id='par_1_6' title="bbox 354 2858 1377 3003">
     <span class='ocr_line' id='line_1_22' title="bbox 356 2858 1377 2923; baseline -0.002 -17"><span class='ocrx_word' id='word_1_162' title='bbox 356 2859 529 2907; x_wconf 73' lang='lat' dir='ltr'><strong>musici</strong></span> <span class='ocrx_word' id='word_1_163' title='bbox 552 2869 689 2907; x_wconf 78' lang='lat' dir='ltr'><strong>erant</strong></span> <span class='ocrx_word' id='word_1_164' title='bbox 703 2893 719 2917; x_wconf 88' lang='lat'><strong>,</strong></span> <span class='ocrx_word' id='word_1_165' title='bbox 738 2858 821 2907; x_wconf 72' lang='lat' dir='ltr'><strong>olii</strong></span> <span class='ocrx_word' id='word_1_166' title='bbox 848 2868 1035 2907; x_wconf 75' lang='lat' dir='ltr'><strong>tantum</strong></span> <span class='ocrx_word' id='word_1_167' title='bbox 1058 2858 1125 2905; x_wconf 77' lang='lat' dir='ltr'><strong>sd</strong></span> <span class='ocrx_word' id='word_1_168' title='bbox 1147 2858 1377 2923; x_wconf 69' lang='lat' dir='ltr'><strong>volupta-</strong></span> 
     </span>
     <span class='ocr_line' id='line_1_23' title="bbox 354 2939 760 3003; baseline 0.005 -17"><span class='ocrx_word' id='word_1_169' title='bbox 354 2949 453 2987; x_wconf 82' lang='lat' dir='ltr'><strong>tem</strong></span> <span class='ocrx_word' id='word_1_170' title='bbox 480 2939 760 3003; x_wconf 70' lang='lat' dir='ltr'><strong>comp-nti.</strong></span> 
     </span>
    </p>

    <p class='ocr_par' dir='ltr' id='par_1_7' title="bbox 351 3014 1377 3542">
     <span class='ocr_line' id='line_1_24' title="bbox 426 3014 1377 3079; baseline -0.002 -14"><span class='ocrx_word' id='word_1_171' title='bbox 426 3022 475 3079; x_wconf 71' lang='grc'><strong>4.</strong></span> <span class='ocrx_word' id='word_1_172' title='bbox 502 3020 565 3065; x_wconf 77' lang='lat' dir='ltr'><strong>In</strong></span> <span class='ocrx_word' id='word_1_173' title='bbox 588 3029 754 3065; x_wconf 79' lang='lat' dir='ltr'><strong>castra</strong></span> <span class='ocrx_word' id='word_1_174' title='bbox 778 3019 1007 3065; x_wconf 74' lang='lat' dir='ltr'><strong>Etrusca.</strong></span> <span class='ocrx_word' id='word_1_175' title='bbox 1035 3018 1173 3079; x_wconf 68' lang='lat' dir='ltr'><strong>stupe</strong></span> <span class='ocrx_word' id='word_1_176' title='bbox 1196 3014 1377 3079; x_wconf 75' lang='lat' dir='ltr'><strong>Clodio</strong></span> 
     </span>
     <span class='ocr_line' id='line_1_25' title="bbox 351 3094 1376 3158; baseline -0.007 -11"><span class='ocrx_word' id='word_1_177' title='bbox 351 3099 529 3148; x_wconf 82' lang='lat' dir='ltr'><strong>Cicero</strong></span> <span class='ocrx_word' id='word_1_178' title='bbox 554 3097 749 3158; x_wconf 78' lang='lat' dir='ltr'><strong>objicit,</strong></span> <span class='ocrx_word' id='word_1_179' title='bbox 774 3097 963 3145; x_wconf 77' lang='lat' dir='ltr'><strong>socium</strong></span> <span class='ocrx_word' id='word_1_180' title='bbox 1001 3110 1129 3143; x_wconf 37' lang='lat' dir='ltr'><strong>eum‘</strong></span> <span class='ocrx_word' id='word_1_181' title='bbox 1153 3094 1376 3153; x_wconf 72' lang='lat' dir='ltr'><strong>coniura-</strong></span> 
     </span>
     <span class='ocr_line' id='line_1_26' title="bbox 352 3174 1373 3237; baseline -0.006 -10"><span class='ocrx_word' id='word_1_182' title='bbox 352 3178 505 3227; x_wconf 79' lang='lat' dir='ltr'><strong>tionis</strong></span> <span class='ocrx_word' id='word_1_183' title='bbox 530 3177 749 3227; x_wconf 63' lang='lat' dir='ltr'><strong>Catilina</strong></span> <span class='ocrx_word' id='word_1_184' title='bbox 777 3177 923 3225; x_wconf 76' lang='lat' dir='ltr'><strong>fuisse</strong></span> <span class='ocrx_word' id='word_1_185' title='bbox 938 3189 953 3223; x_wconf 76' lang='grc' dir='ltr'><strong><em>ε</em></strong></span> <span class='ocrx_word' id='word_1_186' title='bbox 970 3190 1085 3223; x_wconf 75' lang='lat' dir='ltr'><strong>nam</strong></span> <span class='ocrx_word' id='word_1_187' title='bbox 1108 3190 1261 3237; x_wconf 79' lang='lat' dir='ltr'><strong>quum</strong></span> <span class='ocrx_word' id='word_1_188' title='bbox 1287 3174 1373 3221; x_wconf 76' lang='lat' dir='ltr'><strong>Cn·</strong></span> 
     </span>
     <span class='ocr_line' id='line_1_27' title="bbox 352 3252 1373 3321; baseline -0.007 -16"><span class='ocrx_word' id='word_1_189' title='bbox 352 3257 489 3305; x_wconf 74' lang='lat' dir='ltr'><strong>tilius</strong></span> <span class='ocrx_word' id='word_1_190' title='bbox 508 3270 569 3305; x_wconf 80' lang='lat' dir='ltr'><strong>ex</strong></span> <span class='ocrx_word' id='word_1_191' title='bbox 588 3255 706 3304; x_wconf 81' lang='lat' dir='ltr'><strong>urbe</strong></span> <span class='ocrx_word' id='word_1_192' title='bbox 731 3256 983 3321; x_wconf 77' lang='lat' dir='ltr'><strong>profectus</strong></span> <span class='ocrx_word' id='word_1_193' title='bbox 1010 3264 1113 3314; x_wconf 83' lang='lat' dir='ltr'><strong>est,</strong></span> <span class='ocrx_word' id='word_1_194' title='bbox 1145 3252 1303 3300; x_wconf 74' lang='lat' dir='ltr'><strong>voluit</strong></span> <span class='ocrx_word' id='word_1_195' title='bbox 1318 3268 1373 3299; x_wconf 86' lang='lat' dir='ltr'><strong>se</strong></span> 
     </span>
     <span class='ocr_line' id='line_1_28' title="bbox 352 3331 1372 3395; baseline -0.004 -12"><span class='ocrx_word' id='word_1_196' title='bbox 352 3338 426 3385; x_wconf 87' lang='lat' dir='ltr'><strong>illi</strong></span> <span class='ocrx_word' id='word_1_197' title='bbox 452 3336 655 3385; x_wconf 82' lang='lat' dir='ltr'><strong>Clodius</strong></span> <span class='ocrx_word' id='word_1_198' title='bbox 670 3336 901 3383; x_wconf 82' lang='lat' dir='ltr'><strong>comitem</strong></span> <span class='ocrx_word' id='word_1_199' title='bbox 922 3334 1101 3382; x_wconf 72' lang='lat' dir='ltr'><strong>addere</strong></span> <span class='ocrx_word' id='word_1_200' title='bbox 1115 3369 1131 3394; x_wconf 86' lang='lat'><strong>,</strong></span> <span class='ocrx_word' id='word_1_201' title='bbox 1154 3331 1243 3379; x_wconf 84' lang='lat' dir='ltr'><strong>sed</strong></span> <span class='ocrx_word' id='word_1_202' title='bbox 1261 3348 1372 3395; x_wconf 72' lang='grc' dir='ltr'><strong>ρω-</strong></span> 
     </span>
     <span class='ocr_line' id='line_1_29' title="bbox 354 3412 1373 3471; baseline -0.004 -8"><span class='ocrx_word' id='word_1_203' title='bbox 354 3415 503 3463; x_wconf 83' lang='lat' dir='ltr'><strong>nituit</strong></span> <span class='ocrx_word' id='word_1_204' title='bbox 528 3414 720 3461; x_wconf 83' lang='lat' dir='ltr'><strong>consilii</strong></span> <span class='ocrx_word' id='word_1_205' title='bbox 742 3414 873 3461; x_wconf 82' lang='lat' dir='ltr'><strong>inter</strong></span> <span class='ocrx_word' id='word_1_206' title='bbox 897 3412 1113 3461; x_wconf 79' lang='lat' dir='ltr'><strong>eundum</strong></span> <span class='ocrx_word' id='word_1_207' title='bbox 1127 3447 1143 3471; x_wconf 92' lang='lat'><strong>,</strong></span> <span class='ocrx_word' id='word_1_208' title='bbox 1180 3426 1239 3459; x_wconf 74' lang='lat' dir='ltr'><strong>ac</strong></span> <span class='ocrx_word' id='word_1_209' title='bbox 1270 3412 1373 3459; x_wconf 73' lang='lat' dir='ltr'><strong>Ro·</strong></span> 
     </span>
     <span class='ocr_line' id='line_1_30' title="bbox 352 3502 822 3542; baseline -0.006 0"><span class='ocrx_word' id='word_1_210' title='bbox 352 3510 477 3542; x_wconf 72' lang='lat' dir='ltr'><strong>mam</strong></span> <span class='ocrx_word' id='word_1_211' title='bbox 498 3508 719 3541; x_wconf 81' lang='lat' dir='ltr'><strong>reversus</strong></span> <span class='ocrx_word' id='word_1_212' title='bbox 735 3502 822 3540; x_wconf 84' lang='lat' dir='ltr'><strong>est.</strong></span> 
     </span>
    </p>

    <p class='ocr_par' dir='ltr' id='par_1_8' title="bbox 346 3569 1373 3955">
     <span class='ocr_line' id='line_1_31' title="bbox 426 3569 1373 3663; baseline -0.003 -43"><span class='ocrx_word' id='word_1_213' title='bbox 426 3576 472 3621; x_wconf 84' lang='lat'><strong>5.</strong></span> <span class='ocrx_word' id='word_1_214' title='bbox 494 3575 673 3663; x_wconf 52' lang='lat' dir='ltr'><strong>guerus</strong></span> <span class='ocrx_word' id='word_1_215' title='bbox 692 3569 1085 3635; x_wconf 55' lang='lat' dir='ltr'><strong>symphoniacos.</strong></span> <span class='ocrx_word' id='word_1_216' title='bbox 1104 3570 1207 3633; x_wconf 87' lang='lat' dir='ltr'><strong>Qui</strong></span> <span class='ocrx_word' id='word_1_217' title='bbox 1226 3580 1373 3617; x_wconf 68' lang='lat' dir='ltr'><strong>contu</strong></span> 
     </span>
     <span class='ocr_line' id='line_1_32' title="bbox 352 3648 1370 3713; baseline -0.004 -14"><span class='ocrx_word' id='word_1_218' title='bbox 352 3652 496 3702; x_wconf 70' lang='lat' dir='ltr'><strong>taedia</strong></span> <span class='ocrx_word' id='word_1_219' title='bbox 540 3651 633 3699; x_wconf 66' lang='lat' dir='ltr'><strong>vie</strong></span> <span class='ocrx_word' id='word_1_220' title='bbox 672 3649 905 3697; x_wconf 62' lang='lat' dir='ltr'><strong>fallebant</strong></span> <span class='ocrx_word' id='word_1_221' title='bbox 936 3664 949 3697; x_wconf 88' lang='lat'><strong>:</strong></span> <span class='ocrx_word' id='word_1_222' title='bbox 988 3648 1161 3713; x_wconf 72' lang='lat' dir='ltr'><strong>adjicit</strong></span> <span class='ocrx_word' id='word_1_223' title='bbox 1195 3659 1370 3701; x_wconf 78' lang='lat' dir='ltr'><strong>,orator</strong></span> 
     </span>
     <span class='ocr_line' id='line_1_33' title="bbox 352 3727 1369 3789; baseline -0.007 -10"><span class='ocrx_word' id='word_1_224' title='bbox 352 3729 525 3779; x_wconf 72' lang='lat' dir='ltr'><strong>uxoris</strong></span> <span class='ocrx_word' id='word_1_225' title='bbox 544 3764 559 3785; x_wconf 91' lang='lat'><strong>,</strong></span> <span class='ocrx_word' id='word_1_226' title='bbox 610 3746 673 3777; x_wconf 82' lang='lat' dir='ltr'><strong>ne</strong></span> <span class='ocrx_word' id='word_1_227' title='bbox 700 3728 991 3777; x_wconf 78' lang='lat' dir='ltr'><strong>indecorum</strong></span> <span class='ocrx_word' id='word_1_228' title='bbox 1017 3728 1241 3776; x_wconf 74' lang='lat' dir='ltr'><strong>videatur</strong></span> <span class='ocrx_word' id='word_1_229' title='bbox 1272 3727 1369 3789; x_wconf 77' lang='lat' dir='ltr'><strong>hoe=</strong></span> 
     </span>
     <span class='ocr_line' id='line_1_34' title="bbox 348 3805 1369 3872; baseline -0.007 -13"><span class='ocrx_word' id='word_1_230' title='bbox 348 3810 553 3859; x_wconf 78' lang='lat' dir='ltr'><strong>Milonis</strong></span> <span class='ocrx_word' id='word_1_231' title='bbox 572 3808 825 3872; x_wconf 70' lang='lat' dir='ltr'><strong>gravitati,</strong></span> <span class='ocrx_word' id='word_1_232' title='bbox 851 3805 1021 3853; x_wconf 82' lang='lat' dir='ltr'><strong>molles</strong></span> <span class='ocrx_word' id='word_1_233' title='bbox 1042 3806 1369 3853; x_wconf 71' lang='lat' dir='ltr'><strong>effeminatos·</strong></span> 
     </span>
     <span class='ocr_line' id='line_1_35' title="bbox 346 3880 1331 3955; baseline -0.003 -19"><span class='ocrx_word' id='word_1_234' title='bbox 346 3880 446 3955; x_wconf 61' lang='lat' dir='ltr'><strong>quie</strong></span> <span class='ocrx_word' id='word_1_235' title='bbox 475 3889 607 3935; x_wconf 72' lang='lat' dir='ltr'><strong>viros</strong></span> <span class='ocrx_word' id='word_1_236' title='bbox 625 3902 790 3935; x_wconf 82' lang='lat' dir='ltr'><strong>seeum</strong></span> <span class='ocrx_word' id='word_1_237' title='bbox 815 3884 1001 3947; x_wconf 82' lang='lat' dir='ltr'><strong>ubique</strong></span> <span class='ocrx_word' id='word_1_238' title='bbox 1024 3883 1331 3948; x_wconf 75' lang='lat' dir='ltr'><strong>protrahere.</strong></span> 
     </span>
    </p>

    <p class='ocr_par' dir='ltr' id='par_1_9' title="bbox 350 3962 1370 4111">
     <span class='ocr_line' id='line_1_36' title="bbox 418 3962 1370 4032; baseline -0.007 -16"><span class='ocrx_word' id='word_1_239' title='bbox 418 3970 471 4016; x_wconf 76' lang='lat'><strong>6.</strong></span> <span class='ocrx_word' id='word_1_240' title='bbox 510 3970 673 4032; x_wconf 76' lang='lat' dir='ltr'><strong>Lupus</strong></span> <span class='ocrx_word' id='word_1_241' title='bbox 716 3966 933 4013; x_wconf 70' lang='lat' dir='ltr'><strong>duceret.</strong></span> <span class='ocrx_word' id='word_1_242' title='bbox 976 3963 1059 4011; x_wconf 82' lang='lat' dir='ltr'><strong>Sic</strong></span> <span class='ocrx_word' id='word_1_243' title='bbox 1094 3962 1317 4011; x_wconf 65' lang='lat' dir='ltr'><strong>Gravius</strong></span> <span class='ocrx_word' id='word_1_244' title='bbox 1341 3978 1370 4009; x_wconf 86' lang='lat' dir='ltr'><strong>e</strong></span> 
     </span>
     <span class='ocr_line' id='line_1_37' title="bbox 350 4044 804 4111; baseline 0 -17"><span class='ocrx_word' id='word_1_245' title='bbox 350 4048 441 4095; x_wconf 78' lang='lat' dir='ltr'><strong>MS</strong></span> <span class='ocrx_word' id='word_1_246' title='bbox 464 4063 555 4111; x_wconf 75' lang='lat' dir='ltr'><strong>pso</strong></span> <span class='ocrx_word' id='word_1_247' title='bbox 578 4044 804 4095; x_wconf 75' lang='lat' dir='ltr'><strong>ducebat.</strong></span> 
     </span>
    </p>

    <p class='ocr_par' dir='ltr' id='par_1_10' title="bbox 425 4119 1369 4186">
     <span class='ocr_line' id='line_1_38' title="bbox 425 4119 1369 4186; baseline -0.006 -11"><span class='ocrx_word' id='word_1_248' title='bbox 425 4142 473 4186; x_wconf 74' lang='lat'><strong>7.</strong></span> <span class='ocrx_word' id='word_1_249' title='bbox 505 4126 633 4175; x_wconf 70' lang='lat' dir='ltr'><strong>Male</strong></span> <span class='ocrx_word' id='word_1_250' title='bbox 662 4126 951 4173; x_wconf 72' lang='lat' dir='ltr'><strong>Heumauno</strong></span> <span class='ocrx_word' id='word_1_251' title='bbox 976 4132 1025 4170; x_wconf 84' lang='lat' dir='ltr'><strong>et</strong></span> <span class='ocrx_word' id='word_1_252' title='bbox 1055 4120 1121 4173; x_wconf 81' lang='lat' dir='ltr'><strong>sl.</strong></span> <span class='ocrx_word' id='word_1_253' title='bbox 1160 4119 1255 4169; x_wconf 76' lang='lat' dir='ltr'><strong>nisi</strong></span> <span class='ocrx_word' id='word_1_254' title='bbox 1284 4137 1369 4170; x_wconf 85' lang='lat' dir='ltr'><strong>su·</strong></span> 
     </span>
    </p>
   </div>
   <div class='ocr_carea' id='block_1_6' title="bbox 1458 2856 2490 3557">
    <p class='ocr_par' dir='ltr' id='par_1_11' title="bbox 1464 2856 2490 2986">
     <span class='ocr_line' id='line_1_39' title="bbox 1464 2856 2490 2923; baseline 0.004 -18"><span class='ocrx_word' id='word_1_255' title='bbox 1464 2868 1690 2923; x_wconf 75' lang='lat' dir='ltr'><strong>spectum</strong></span> <span class='ocrx_word' id='word_1_256' title='bbox 1725 2868 1824 2917; x_wconf 83' lang='lat' dir='ltr'><strong>est,</strong></span> <span class='ocrx_word' id='word_1_257' title='bbox 1857 2856 1992 2921; x_wconf 80' lang='lat' dir='ltr'><strong>quod</strong></span> <span class='ocrx_word' id='word_1_258' title='bbox 2027 2872 2230 2922; x_wconf 82' lang='lat' dir='ltr'><strong>prorsus</strong></span> <span class='ocrx_word' id='word_1_259' title='bbox 2267 2874 2490 2910; x_wconf 78' lang='lat' dir='ltr'><strong>neeessa-</strong></span> 
     </span>
     <span class='ocr_line' id='line_1_40' title="bbox 1464 2937 2064 2986; baseline 0 -1"><span class='ocrx_word' id='word_1_260' title='bbox 1464 2937 1592 2985; x_wconf 76' lang='lat' dir='ltr'><strong>riam</strong></span> <span class='ocrx_word' id='word_1_261' title='bbox 1616 2937 1828 2986; x_wconf 78' lang='lat' dir='ltr'><strong>videtur.</strong></span> <span class='ocrx_word' id='word_1_262' title='bbox 1847 2938 1900 2985; x_wconf 86' lang='lat' dir='ltr'><strong>J.</strong></span> <span class='ocrx_word' id='word_1_263' title='bbox 1912 2938 1980 2985; x_wconf 76' lang='lat' dir='ltr'><strong>V.</strong></span> <span class='ocrx_word' id='word_1_264' title='bbox 2009 2938 2064 2985; x_wconf 83' lang='lat'><strong>1..</strong></span> 
     </span>
    </p>

    <p class='ocr_par' dir='ltr' id='par_1_12' title="bbox 1458 3015 2488 3315">
     <span class='ocr_line' id='line_1_41' title="bbox 1539 3015 2486 3082; baseline 0.005 -18"><span class='ocrx_word' id='word_1_265' title='bbox 1539 3018 1590 3068; x_wconf 80' lang='grc'><strong>8.</strong></span> <span class='ocrx_word' id='word_1_266' title='bbox 1616 3015 1798 3063; x_wconf 69' lang='lat' dir='ltr'><strong>Avito</strong></span> <span class='ocrx_word' id='word_1_267' title='bbox 1821 3015 2016 3063; x_wconf 72' lang='lat' dir='ltr'><strong>lectum.</strong></span> <span class='ocrx_word' id='word_1_268' title='bbox 2052 3015 2220 3076; x_wconf 85' lang='lat' dir='ltr'><strong>Quum</strong></span> <span class='ocrx_word' id='word_1_269' title='bbox 2259 3032 2486 3082; x_wconf 71' lang='lat' dir='ltr'><strong>magnum</strong></span> 
     </span>
     <span class='ocr_line' id='line_1_42' title="bbox 1462 3094 2488 3157; baseline 0.006 -14"><span class='ocrx_word' id='word_1_270' title='bbox 1462 3094 1664 3143; x_wconf 70' lang='lat' dir='ltr'><strong>instaret</strong></span> <span class='ocrx_word' id='word_1_271' title='bbox 1683 3094 1956 3157; x_wconf 81' lang='lat' dir='ltr'><strong>perieulum</strong></span> <span class='ocrx_word' id='word_1_272' title='bbox 1973 3126 1990 3152; x_wconf 92' lang='lat'><strong>,</strong></span> <span class='ocrx_word' id='word_1_273' title='bbox 2005 3105 2231 3156; x_wconf 73' lang='lat' dir='ltr'><strong>potestas</strong></span> <span class='ocrx_word' id='word_1_274' title='bbox 2251 3096 2488 3157; x_wconf 74' lang='lat' dir='ltr'><strong>militibus</strong></span> 
     </span>
     <span class='ocr_line' id='line_1_43' title="bbox 1460 3170 2486 3235; baseline 0.007 -15"><span class='ocrx_word' id='word_1_275' title='bbox 1460 3170 1634 3230; x_wconf 72' lang='lat' dir='ltr'><strong>fiebat,</strong></span> <span class='ocrx_word' id='word_1_276' title='bbox 1661 3182 1716 3219; x_wconf 84' lang='lat' dir='ltr'><strong>ut</strong></span> <span class='ocrx_word' id='word_1_277' title='bbox 1747 3171 1930 3235; x_wconf 77' lang='lat' dir='ltr'><strong>singuli</strong></span> <span class='ocrx_word' id='word_1_278' title='bbox 1949 3172 2170 3235; x_wconf 69' lang='lat' dir='ltr'><strong>singulos</strong></span> <span class='ocrx_word' id='word_1_279' title='bbox 2191 3173 2288 3221; x_wconf 83' lang='lat' dir='ltr'><strong>sibi</strong></span> <span class='ocrx_word' id='word_1_280' title='bbox 2307 3176 2486 3227; x_wconf 74' lang='lat' dir='ltr'><strong>virtute</strong></span> 
     </span>
     <span class='ocr_line' id='line_1_44' title="bbox 1458 3250 2277 3315; baseline -0.001 -15"><span class='ocrx_word' id='word_1_281' title='bbox 1458 3252 1740 3301; x_wconf 77' lang='lat' dir='ltr'><strong>notissimos</strong></span> <span class='ocrx_word' id='word_1_282' title='bbox 1764 3250 2014 3315; x_wconf 74' lang='lat' dir='ltr'><strong>eligerent.</strong></span> <span class='ocrx_word' id='word_1_283' title='bbox 2271 3300 2277 3307; x_wconf 75' lang='grc'>,</span> 
     </span>
    </p>

    <p class='ocr_par' dir='ltr' id='par_1_13' title="bbox 1460 3328 2486 3557">
     <span class='ocr_line' id='line_1_45' title="bbox 1531 3328 2482 3395; baseline 0.009 -18"><span class='ocrx_word' id='word_1_284' title='bbox 1531 3347 1581 3395; x_wconf 82' lang='lat'><strong>9.</strong></span> <span class='ocrx_word' id='word_1_285' title='bbox 1598 3333 1659 3378; x_wconf 74' lang='lat' dir='ltr'><strong>In</strong></span> <span class='ocrx_word' id='word_1_286' title='bbox 1677 3328 1831 3379; x_wconf 72' lang='lat' dir='ltr'><strong>viros.</strong></span> <span class='ocrx_word' id='word_1_287' title='bbox 1857 3330 1986 3393; x_wconf 75' lang='lat' dir='ltr'><strong>Quia</strong></span> <span class='ocrx_word' id='word_1_288' title='bbox 2013 3330 2247 3392; x_wconf 79' lang='lat' dir='ltr'><strong>Clodius,</strong></span> <span class='ocrx_word' id='word_1_289' title='bbox 2267 3335 2346 3381; x_wconf 80' lang='lat' dir='ltr'><strong>vir</strong></span> <span class='ocrx_word' id='word_1_290' title='bbox 2371 3337 2482 3386; x_wconf 73' lang='lat' dir='ltr'><strong>effe-</strong></span> 
     </span>
     <span class='ocr_line' id='line_1_46' title="bbox 1460 3409 2481 3478; baseline 0.006 -19"><span class='ocrx_word' id='word_1_291' title='bbox 1460 3411 1672 3459; x_wconf 77' lang='lat' dir='ltr'><strong>-instus</strong></span> <span class='ocrx_word' id='word_1_292' title='bbox 1689 3420 1740 3459; x_wconf 87' lang='lat' dir='ltr'><strong>et</strong></span> <span class='ocrx_word' id='word_1_293' title='bbox 1755 3424 1870 3458; x_wconf 77' lang='lat' dir='ltr'><strong>vero</strong></span> <span class='ocrx_word' id='word_1_294' title='bbox 1892 3410 2096 3469; x_wconf 80' lang='lat' dir='ltr'><strong>mulier,</strong></span> <span class='ocrx_word' id='word_1_295' title='bbox 2135 3409 2188 3459; x_wconf 84' lang='lat' dir='ltr'><strong>in</strong></span> <span class='ocrx_word' id='word_1_296' title='bbox 2214 3412 2452 3465; x_wconf 80' lang='lat' dir='ltr'><strong>Milonem</strong></span> <span class='ocrx_word' id='word_1_297' title='bbox 2467 3452 2481 3478; x_wconf 93' lang='lat'>‚</span> 
     </span>
     <span class='ocr_line' id='line_1_47' title="bbox 1461 3489 2486 3557; baseline 0.006 -18"><span class='ocrx_word' id='word_1_298' title='bbox 1461 3492 1638 3539; x_wconf 77' lang='lat' dir='ltr'><strong>fortem</strong></span> <span class='ocrx_word' id='word_1_299' title='bbox 1667 3490 1826 3537; x_wconf 77' lang='lat' dir='ltr'><strong>virum</strong></span> <span class='ocrx_word' id='word_1_300' title='bbox 1839 3523 1856 3549; x_wconf 90' lang='lat'><strong>,</strong></span> <span class='ocrx_word' id='word_1_301' title='bbox 1885 3489 2144 3539; x_wconf 81' lang='lat' dir='ltr'><strong>inciderat.</strong></span> <span class='ocrx_word' id='word_1_302' title='bbox 2169 3491 2306 3541; x_wconf 77' lang='lat' dir='ltr'><strong>Cui-t.</strong></span> <span class='ocrx_word' id='word_1_303' title='bbox 2331 3496 2456 3546; x_wconf 81' lang='lat' dir='ltr'><strong>vm</strong></span> <span class='ocrx_word' id='word_1_304' title='bbox 2469 3532 2486 3557; x_wconf 91' lang='lat'><strong>,</strong></span> 
     </span>
    </p>
   </div>
   <div class='ocr_carea' id='block_1_7' title="bbox 1447 3560 2485 3633">
    <p class='ocr_par' dir='ltr' id='par_1_14' title="bbox 1447 3560 2485 3633">
     <span class='ocr_line' id='line_1_48' title="bbox 1447 3560 2485 3633; baseline 0.008 -16"><span class='ocrx_word' id='word_1_305' title='bbox 1447 3560 1724 3633; x_wconf 76' lang='lat' dir='ltr'><strong>·1,‘sliquid</strong></span> <span class='ocrx_word' id='word_1_306' title='bbox 1751 3570 1908 3618; x_wconf 84' lang='lat' dir='ltr'><strong>simile</strong></span> <span class='ocrx_word' id='word_1_307' title='bbox 1924 3571 2017 3628; x_wconf 72' lang='lat' dir='ltr'><strong>sit,</strong></span> <span class='ocrx_word' id='word_1_308' title='bbox 2035 3586 2186 3633; x_wconf 85' lang='lat' dir='ltr'><strong>quum</strong></span> <span class='ocrx_word' id='word_1_309' title='bbox 2205 3572 2360 3621; x_wconf 73' lang='lat' dir='ltr'><strong>clitus</strong></span> <span class='ocrx_word' id='word_1_310' title='bbox 2379 3574 2485 3625; x_wconf 75' lang='lat' dir='ltr'><strong>haec</strong></span> 
     </span>
    </p>
   </div>
   <div class='ocr_carea' id='block_1_8' title="bbox 1456 3648 2485 4193">
    <p class='ocr_par' dir='ltr' id='par_1_15' title="bbox 1456 3648 2483 3787">
     <span class='ocr_line' id='line_1_49' title="bbox 1456 3648 2483 3705; baseline 0.006 -9"><span class='ocrx_word' id='word_1_311' title='bbox 1456 3648 1738 3699; x_wconf 73' lang='lat' dir='ltr'><strong>Alexandro</strong></span> <span class='ocrx_word' id='word_1_312' title='bbox 1780 3648 1928 3697; x_wconf 74' lang='lat' dir='ltr'><strong>verbs</strong></span> <span class='ocrx_word' id='word_1_313' title='bbox 1975 3650 2092 3698; x_wconf 72' lang='lat' dir='ltr'><strong>sarit</strong></span> <span class='ocrx_word' id='word_1_314' title='bbox 2118 3664 2135 3699; x_wconf 74' lang='grc' dir='ltr'><strong><em>ε</em></strong></span> <span class='ocrx_word' id='word_1_315' title='bbox 2161 3672 2186 3693; x_wconf 72' lang='lat' dir='ltr'><strong>e</strong></span> <span class='ocrx_word' id='word_1_316' title='bbox 2203 3651 2343 3700; x_wconf 78' lang='lat' dir='ltr'><strong>Pater</strong></span> <span class='ocrx_word' id='word_1_317' title='bbox 2368 3666 2483 3705; x_wconf 74' lang='lat' dir='ltr'><strong>tuus</strong></span> 
     </span>
     <span class='ocr_line' id='line_1_50' title="bbox 1456 3728 2332 3787; baseline 0.006 -12"><span class='ocrx_word' id='word_1_318' title='bbox 1456 3728 1512 3776; x_wconf 83' lang='lat' dir='ltr'><strong>in</strong></span> <span class='ocrx_word' id='word_1_319' title='bbox 1534 3728 1668 3776; x_wconf 71' lang='lat' dir='ltr'><strong>viro·</strong></span> <span class='ocrx_word' id='word_1_320' title='bbox 1694 3728 1872 3777; x_wconf 81' lang='lat' dir='ltr'><strong>incidit</strong></span> <span class='ocrx_word' id='word_1_321' title='bbox 1884 3762 1900 3787; x_wconf 89' lang='lat'><strong>,</strong></span> <span class='ocrx_word' id='word_1_322' title='bbox 1926 3739 1982 3776; x_wconf 83' lang='lat' dir='ltr'><strong>tu</strong></span> <span class='ocrx_word' id='word_1_323' title='bbox 1999 3728 2052 3776; x_wconf 78' lang='lat' dir='ltr'><strong>in</strong></span> <span class='ocrx_word' id='word_1_324' title='bbox 2069 3728 2274 3778; x_wconf 75' lang='lat' dir='ltr'><strong>feminas</strong></span> <span class='ocrx_word' id='word_1_325' title='bbox 2289 3752 2332 3780; x_wconf 66' lang='lat' dir='ltr'><strong>n.</strong></span> 
     </span>
    </p>

    <p class='ocr_par' dir='ltr' id='par_1_16' title="bbox 1456 3806 2485 4193">
     <span class='ocr_line' id='line_1_51' title="bbox 1535 3806 2480 3871; baseline 0.007 -16"><span class='ocrx_word' id='word_1_326' title='bbox 1535 3822 1618 3855; x_wconf 79' lang='grc' dir='ltr'><strong>ιο.</strong></span> <span class='ocrx_word' id='word_1_327' title='bbox 1645 3806 1914 3856; x_wconf 71' lang='lat' dir='ltr'><strong>Addictum</strong></span> <span class='ocrx_word' id='word_1_328' title='bbox 1931 3806 2134 3858; x_wconf 73' lang='lat' dir='ltr'><strong>sciebat.</strong></span> <span class='ocrx_word' id='word_1_329' title='bbox 2165 3810 2330 3871; x_wconf 82' lang='lat' dir='ltr'><strong>Quum</strong></span> <span class='ocrx_word' id='word_1_330' title='bbox 2351 3812 2480 3865; x_wconf 76' lang='lat' dir='ltr'><strong>Milo</strong></span> 
     </span>
     <span class='ocr_line' id='line_1_52' title="bbox 1456 3886 2480 3953; baseline 0.005 -19"><span class='ocrx_word' id='word_1_331' title='bbox 1456 3886 1722 3935; x_wconf 68' lang='lat' dir='ltr'><strong>multon-um</strong></span> <span class='ocrx_word' id='word_1_332' title='bbox 1762 3886 1932 3935; x_wconf 79' lang='lat' dir='ltr'><strong>fraude</strong></span> <span class='ocrx_word' id='word_1_333' title='bbox 1971 3898 2022 3935; x_wconf 84' lang='lat' dir='ltr'><strong>et</strong></span> <span class='ocrx_word' id='word_1_334' title='bbox 2059 3886 2248 3935; x_wconf 76' lang='lat' dir='ltr'><strong>insidiis</strong></span> <span class='ocrx_word' id='word_1_335' title='bbox 2281 3892 2384 3953; x_wconf 83' lang='lat' dir='ltr'><strong>peti</strong></span> <span class='ocrx_word' id='word_1_336' title='bbox 2429 3911 2480 3943; x_wconf 68' lang='lat' dir='ltr'><strong>se</strong></span> 
     </span>
     <span class='ocr_line' id='line_1_53' title="bbox 1457 3965 2485 4031; baseline 0.001 -18"><span class='ocrx_word' id='word_1_337' title='bbox 1457 3965 1775 4029; x_wconf 76' lang='lat' dir='ltr'><strong>intelligeret,</strong></span> <span class='ocrx_word' id='word_1_338' title='bbox 1793 3980 2056 4030; x_wconf 74' lang='lat' dir='ltr'><strong>numquam</strong></span> <span class='ocrx_word' id='word_1_339' title='bbox 2069 4000 2085 4025; x_wconf 93' lang='lat'><strong>,</strong></span> <span class='ocrx_word' id='word_1_340' title='bbox 2113 3967 2250 4013; x_wconf 83' lang='lat' dir='ltr'><strong>omni</strong></span> <span class='ocrx_word' id='word_1_341' title='bbox 2277 3984 2373 4031; x_wconf 74' lang='lat' dir='ltr'><strong>ope</strong></span> <span class='ocrx_word' id='word_1_342' title='bbox 2399 3972 2485 4021; x_wconf 66' lang='lat' dir='ltr'><strong>de.</strong></span> 
     </span>
     <span class='ocr_line' id='line_1_54' title="bbox 1458 4043 2484 4109; baseline 0.005 -17"><span class='ocrx_word' id='word_1_343' title='bbox 1458 4046 1657 4093; x_wconf 80' lang='lat' dir='ltr'><strong>stitutus</strong></span> <span class='ocrx_word' id='word_1_344' title='bbox 1672 4078 1690 4105; x_wconf 88' lang='lat'>‚</span> <span class='ocrx_word' id='word_1_345' title='bbox 1723 4044 1976 4109; x_wconf 75' lang='lat' dir='ltr'><strong>prodibs13</strong></span> <span class='ocrx_word' id='word_1_346' title='bbox 1997 4043 2086 4092; x_wconf 83' lang='lat' dir='ltr'><strong>sed</strong></span> <span class='ocrx_word' id='word_1_347' title='bbox 2109 4058 2302 4107; x_wconf 81' lang='lat' dir='ltr'><strong>semper</strong></span> <span class='ocrx_word' id='word_1_348' title='bbox 2319 4063 2484 4101; x_wconf 69' lang='lat' dir='ltr'><strong>servos</strong></span> 
     </span>
     <span class='ocr_line' id='line_1_55' title="bbox 1458 4122 2408 4193; baseline 0.001 -22"><span class='ocrx_word' id='word_1_349' title='bbox 1458 4122 1668 4172; x_wconf 69' lang='lat' dir='ltr'><strong>habebat</strong></span> <span class='ocrx_word' id='word_1_350' title='bbox 1685 4122 2102 4185; x_wconf 39' lang='lat' dir='ltr'><strong>aid-defensionem</strong></span> <span class='ocrx_word' id='word_1_351' title='bbox 2128 4132 2342 4186; x_wconf 71' lang='lat' dir='ltr'><strong>paratos.</strong></span> <span class='ocrx_word' id='word_1_352' title='bbox 2401 4186 2408 4193; x_wconf 85' lang='lat'><strong>.</strong></span> 
     </span>
    </p>
   </div>
  </div>
 </body>
</html>
