2996 4694
504 356 641 446 524
1140 365 1237 432 M.
1292 365 1369 434 T.
1424 367 1992 438 clcEnoms
2087 345 2100 360 ‘

504 483 927 554 memoriam
956 481 1323 582 publicam
1358 491 1835 576 recensionis,
1871 483 2134 560 tabulis
2159 483 2468 584 publicis
2505 488 2638 557 im-

502 617 859 691 pressam,
902 596 1428 694 exstingueret3
1465 623 1636 670 eum
1687 595 2044 696 denique,
2085 596 2203 668 cui
2245 597 2394 692 jam
2439 597 2640 668 nulla

500 700 615 772 lex
632 718 817 792 erat,
844 703 1125 776 nullum
1148 707 1356 778 civile
1376 707 1524 802 jus,
1549 707 1733 781 nulli
1759 709 2290 807 possessionum
2314 708 2639 795 termini3

500 815 630 910 qui
664 839 817 886 non
864 815 1225 888 calumnia
1272 817 1508 890 litium
1532 811 1630 910 ¹3,
1671 843 1822 891 non
1861 817 2147 913 injustis
2189 817 2524 889 vindiciis
2555 841 2642 888 ac

500 927 964 998 sacramentis
1026 925 1301 1001 alienos
1367 927 1672 1019 fundos,
1731 928 1858 1002 sed
1933 929 2218 1018 castris,
2279 929 2642 1012 exercitu,

498 1037 721 1132 signis
766 1035 1159 1110 inferendis
1202 1037 1537 1136 petebat3
1573 1042 1702 1138 qui
1745 1063 1890 1110 non
1945 1037 2178 1110 solum
2213 1041 2554 1108 Etruscos
2579 1037 2642 1092 ¹⁴

499 1147 657 1242 (eos
682 1151 877 1218 enim
905 1149 1195 1247 penitus
1220 1150 1823 1250 contempserat),
1852 1149 1979 1222 sed
1998 1149 2196 1220 bunc
2207 1151 2297 1240 Q.
2319 1148 2646 1236 Varium,

502 1254 741 1328 virum
788 1253 1263 1330 fortissimum
1318 1273 1540 1358 atque
1589 1264 1952 1358 optimum
2012 1261 2241 1331 civem
2259 1313 2280 1346 ,
2319 1255 2642 1354 judicem

504 1377 833 1436 nostrum
852 1421 871 1455 ,
904 1365 1173 1466 pellere
1209 1369 1819 1466 possessionibus,
1847 1369 2063 1440 armis
2094 1369 2487 1466 castrisque
2515 1393 2645 1439 co-

504 1487 716 1547 natus
750 1491 893 1565 est;
931 1475 1255 1574 qui'cum
1300 1479 1708 1550 architectis
1745 1495 1818 1551 et
1857 1469 2397 1578 decempedis-2¹⁵
2439 1478 2646 1550 villas

500 1582 899 1656 multorum
927 1587 1325 1685 hortosque
1366 1589 1830 1688 peragrabam
1860 1592 1986 1688 qui
2015 1588 2342 1662 Janiculo
2367 1603 2440 1665 et
2458 1587 2650 1687 Alpi-

502 1691 642 1765 bus
664 1719 867 1792 spem
891 1699 1427 1793 possessionum
1448 1697 1882 1772 terminabat
1903 1721 2228 1788 suarum3
2259 1699 2387 1796 qui
2408 1721 2646 1796 quum

506 1803 597 1876 ab
624 1807 869 1903 equite
902 1809 1204 1880 romano
1241 1809 1627 1908 splendido
1658 1823 1732 1881 et
1765 1808 1966 1893 forti,
1999 1813 2079 1879 T.
2111 1809 2408 1880 Pacavio
2431 1861 2452 1896 ,
2491 1831 2648 1878 non

505 1913 988 2012 impetrasset,
1047 1933 1133 1990 ut
1184 1919 1495 2002 insulam
1552 1922 1628 1990 in
1679 1919 1844 1991 lacu
1893 1919 2126 1990 Prelio
2146 1913 2213 1967 ¹⁶
2260 1916 2649 2005 venderet,

504 2039 807 2123 repente
850 2027 1191 2100 lintribus
1228 2033 1301 2100 in
1334 2039 1493 2102 eam
1537 2029 1848 2102 insulam
1891 2029 2304 2115 materiam,
2339 2028 2648 2116 calcem,

506 2151 887 2228 caementa,
948 2152 1169 2238 atque
1230 2163 1430 2212 arma
1492 2143 1831 2213 convexit
1857 2194 1877 2229 ,
1944 2139 2394 2238 dominoque
2449 2153 2652 2212 trans

508 2246 739 2344 ripam
774 2248 1260 2349 inspectante,
1294 2275 1446 2322 non
1482 2249 1840 2322 dubitavit
1869 2248 2250 2322 aedificium
2279 2261 2653 2321 exstruere

507 2356 585 2427 in
618 2356 892 2447 alien03
932 2362 1062 2458 qui
1094 2360 1265 2433 huie
1300 2366 1378 2433 T.
1424 2362 1802 2452 Furfanio,
1837 2363 1957 2434 cui
1987 2362 2192 2433 viro?
2225 2358 2324 2431 dii
2357 2360 2652 2432 immor-

508 2466 717 2539 tales!
764 2469 987 2568 (quid
1023 2474 1216 2543 enim
1246 2496 1381 2569 ego
1410 2472 1502 2545 de
1529 2470 1958 2545 muliercula
1987 2470 2314 2545 Scantia?
2349 2470 2528 2569 quid
2553 2468 2652 2543 de

503 2574 961 2651 adolescente
998 2583 1289 2679 Aponio
1324 2581 1605 2655 dicam?
1647 2575 1966 2681 quorum
2003 2581 2294 2678 utrique
2323 2592 2638 2651 mortem

503 2702 612 2758 est
634 2689 1037 2781 minitatus,
1066 2693 1203 2763 nisi
1232 2690 1367 2764 sibi
1391 2692 1777 2765 hortorum
1805 2692 2253 2791 possessione
2278 2690 2636 2783 cessisset)

505 2796 633 2869 sed
660 2823 877 2873 ausus
900 2816 1009 2875 est
1044 2800 1387 2879 Furfanio
1414 2804 1656 2875 dicere
1675 2858 1695 2893 ‚
1726 2806 1789 2875 si
1809 2802 1948 2875 sibi
1975 2804 2381 2900 pecuniam,
2407 2824 2638 2899 quan-

507 2922 654 2980 tam
688 2926 1164 3011 poposcerat,
1196 2936 1349 2985 non
1384 2912 1735 3003 dedisset,
1771 2928 2143 2985 mortuum
2163 2922 2222 2969 ¹⁷
2269 2934 2346 2985 se
2387 2912 2466 2982 in
2501 2910 2635 2981 do-

504 3042 705 3093 mum
747 3022 904 3119 ejus
947 3023 1355 3114 illaturum,
1392 3049 1538 3123 qua
1581 3023 1849 3097 invidia
1891 3022 2063 3097 huic
2101 3036 2288 3095 esset
2323 3018 2446 3095 tali
2480 3021 2636 3093 viro

506 3131 1143 3231 conflagrandum3
1218 3136 1347 3233 qui
1414 3136 1732 3234 Appium
1791 3132 2082 3207 fratrem
2103 3130 2190 3221 ¹⁸,
2263 3132 2634 3207 hominem

506 3240 679 3311 mihi
717 3244 1191 3341 conjunctum
1234 3243 1580 3317 fidissima
1621 3245 1881 3341 gratia,
1926 3242 2298 3314 absentem
2333 3238 2426 3312 de
2463 3262 2632 3339 pos-

502 3352 817 3425 sessione
864 3351 1073 3426 fundi
1114 3354 1413 3451 dejecit,
1450 3356 1578 3454 qui
1616 3356 1962 3455 parietem
2013 3354 2115 3427 sic
2151 3378 2285 3451 per
2322 3347 2634 3423 vestibu-

576 3552 660 3599 13.
694 3548 951 3600 Calan-nia
974 3551 1147 3601 Ιὶήιιπι.
1174 3550 1426 3601 calumnia
1450 3560 1526 3601 est
1613 3552 1711 3616 Qui
1747 3554 1954 3602 Romam
1987 3551 2120 3601 inter
2155 3560 2206 3598 et
2237 3548 2514 3597 Vim-binni
2545 3558 2636 3595 eut.

501 3629 676 3679 callida
690 3640 741 3677 et
764 3629 1003 3679 malitiosa
1023 3630 1149 3691 iuris
1169 3630 1524 3696 interpretatio.
1589 3622 1596 3631 “
1689 3648 1769 3691 η.
1799 3632 2065 3680 Hermum.
2105 3628 2331 3679 nomini·
2368 3626 2518 3676 oeni-⁶
2557 3642 2640 3675 en-

578 3716 659 3765 ¹4·
692 3709 935 3757 Etruscos.
967 3710 1150 3759 Eorum
1178 3710 1341 3775 sylv·-
1366 3726 1527 3776 popu·
1615 3710 1780 3769 «laver,
1797 3718 1856 3759 ut
1876 3709 1928 3757 in
1948 3708 2188 3770 indicium
2213 3706 2470 3756 hrauin-
2493 3722 2640 3755 voe--

499 3788 629 3839 lans
650 3788 805 3837 fuerat
826 3788 1064 3852 Clodius,
1084 3788 1363 3856 bellumque
1393 3806 1524 3856 qno-
1616 3800 1749 3839 retur
1767 3824 1783 3850 ,
1823 3799 1872 3837 et
1915 3788 2010 3837 hnc
2067 3787 2252 3836 invidia
2293 3802 2398 3835 non
2444 3785 2640 3834 adnisui

404 3930 413 3942 ,
500 3866 763 3917 mnodo
786 3866 1049 3927 indigem.
1615 3870 1832 3919 mininis
1853 3868 2187 3934 oona-gant.

576 3948 659 3997 15.
706 3947 1039 4014 Dece-pedis.
1087 3951 1315 3999 Memor·
1356 3947 1526 3999 decem
1693 3950 1772 3999 ιδ.
1801 3946 2251 4013 Appinmfiatmm.
2281 3944 2498 4010 Appium
2519 3943 2636 3993 Clo-

505 4026 713 4090 pedibns
730 4039 975 4082 §omnum
1615 4028 1766 4087 dium,
1783 4029 1868 4093 qui
1889 4028 2054 4093 paullo
2075 4036 2188 4091 post
2214 4040 2386 4073 censor
2409 4024 2502 4072 mit
2526 4038 2638 4070 cnm

582 4109 659 4155 ιδ.
686 4109 841 4157 Insul.
868 4107 917 4158 in
954 4108 1065 4158 lacu
1095 4108 1251 4157 Prelio
1277 4108 1524 4157 undet-ee.
1617 4111 1672 4157 L.
1699 4108 1897 4157 Pisone.
