2996 4694
443 386 584 461 508
1077 392 1177 460 M.
1227 392 1305 459 T.
1359 392 1943 461 CICERONIS

441 528 670 585 noctu
721 534 1178 583 accessurum
1234 510 1542 600 sciebat,
1586 508 2153 582 subsidendum⁴
2198 525 2419 608 atque
2456 538 2580 584 ex-

438 620 915 720 spectandum
959 620 1119 693 fuit.
1154 627 1396 695 Noctu
1415 676 1435 711 ‚
1473 622 1831 693 invidioso
1860 635 1933 692 et
1965 620 2185 719 pleno
2214 621 2578 693 latronum

437 735 514 803 in
553 734 716 804 loco
751 732 1150 804 occidisset.
1195 736 1428 807 Nemo
1471 735 1541 804 ei
1586 735 1875 829 neganti
1929 755 2077 803 non
2118 730 2539 804 credidisset
2562 786 2581 819 ‚

439 866 662 941 quem
691 866 846 915 esse
873 866 1130 915 omnes
1155 842 1430 915 salvum
1452 898 1473 931 ‚
1508 843 1721 913 etiam
1760 840 2230 914 confitentem
2254 896 2273 929 ‚
2300 842 2581 914 volunt.

441 953 912 1023 Sustinuisset
943 950 1084 1023 hoc
1111 954 1384 1025 crimen
1417 955 1905 1050 primumipse
1927 951 2046 1023 ille
2075 952 2439 1023 latronum
2464 976 2583 1024 oc-

439 1059 784 1135 cultator⁵
815 1078 890 1135 et
919 1076 1328 1161 receptator
1352 1063 1557 1135 locus
1577 1116 1597 1149 ‚
1632 1088 1863 1161 quum
1898 1086 2141 1160 neque
2176 1077 2379 1133 muta
2410 1064 2581 1135 soli-

439 1170 622 1243 tudo
647 1170 1063 1256 indicasset‚
1087 1195 1330 1269 neque
1353 1198 1535 1245 caeca
1560 1198 1709 1245 nox
1732 1173 2163 1245 ostendisset
2184 1174 2536 1245 Milonem
2562 1202 2579 1244 ε

442 1280 708 1353 deinde
749 1281 854 1353 ibi
891 1282 1096 1353 multi
1143 1282 1235 1355 ab
1286 1283 1412 1355 illo
1467 1281 1782 1370 violati⁶‚
1836 1284 2159 1384 spoliati,
2195 1283 2409 1355 bonis
2460 1310 2583 1355 ex-

438 1392 630 1489 pulsi
649 1446 669 1480 ‚
703 1392 916 1462 multi
947 1395 1164 1463 etiam
1201 1393 1352 1464 baec
1377 1397 1715 1465 timentes
1740 1395 1815 1465 in
1845 1396 2329 1491 suspicionem
2370 1393 2581 1465 cade-

441 1516 646 1590 rent3
686 1516 838 1571 tota
875 1500 1198 1599 denique
1231 1526 1354 1573 rea
1391 1504 1735 1575 citaretur
1769 1506 2051 1575 Etruria
2067 1514 2115 1573 ⁷.

543 1615 787 1707 Atque
819 1610 947 1682 illo
976 1612 1111 1683 die
1155 1626 1350 1684 certe
1385 1614 1616 1684 Aricia
1638 1613 1927 1684 rediens
1955 1612 2259 1684 devertit
2284 1612 2594 1684 Clodius·

441 1717 534 1789 ad
563 1714 674 1789 se⁸
709 1720 784 1789 in
813 1717 1194 1791 Albanum.
1216 1721 1433 1811 Quod
1465 1738 1549 1793 ut
1578 1724 1791 1793 sciret
1824 1723 2047 1809 Milo,
2065 1722 2267 1793 illum
2286 1724 2583 1793 Ariciae9

441 1827 696 1915 fuisse,
732 1829 1082 1927 suspicari
1119 1846 1362 1903 tamen
1389 1832 1681 1919 debuit,
1727 1856 1896 1903 eum
1918 1886 1937 1919 ,
1974 1834 2247 1903 etiamsi
2276 1836 2583 1903 Romam

438 1939 570 2010 illo
603 1939 720 2011 dic
755 1942 1021 2011 reverti
1050 1942 1298 2027 vellet,
1337 1944 1426 2014 ad
1463 1944 1705 2013 villam
1742 1966 1981 2031 suam,
2015 1968 2177 2039 quae
2202 1947 2391 2013 viam
2423 1959 2585 2012 tan-

437 2065 682 2147 geret,
725 2048 1222 2124 deversurum.
1268 2058 1420 2125 Cur
1455 2080 1695 2152 neque
1729 2067 1897 2125 ante
1942 2054 2300 2141 occurrit,
2338 2080 2433 2125 ne
2462 2055 2585 2125 ille

441 2162 516 2231 in
551 2161 720 2232 villa
750 2162 1098 2233 resideret
1121 2174 1226 2251 ¹⁰3
1265 2186 1401 2236 nec
1445 2189 1535 2236 eo
1573 2169 1651 2236 in
1688 2164 1851 2235 loco
1893 2162 2251 2252 subsedit,
2283 2188 2435 2260 quo
2463 2163 2585 2234 ille

439 2287 670 2342 noctu
711 2286 1066 2343 venturus
1101 2276 1331 2344 esset?

538 2383 778 2454 Video
809 2383 1048 2454 adhuc
1071 2398 1406 2454 constare
1435 2387 1713 2469 omnia,
1734 2384 2057 2478 judices:
2086 2381 2339 2455 Miloni
2368 2387 2583 2454 etiam

435 2493 615 2564 utile
659 2491 877 2564 fuisse
931 2492 1268 2564 Clodium
1306 2497 1589 2582 vivere-3
1642 2495 1745 2564 illi
1790 2493 1881 2565 ad
1918 2519 2033 2580 ea,
2088 2519 2252 2590 quae
2306 2517 2583 2564 concu-

436 2606 703 2701 pierat,
735 2606 1267 2699 optatissimum
1298 2607 1670 2676 interitum
1703 2605 1994 2675 Milonis
2030 2631 2045 2675 :
2078 2605 2327 2676 odium
2366 2603 2587 2676 fuisse

431 2714 626 2784 illius
650 2713 724 2780 in
750 2711 948 2783 hunc
977 2712 1553 2804 acerbissimum3
1587 2720 1661 2786 in
1694 2714 1897 2785 illum
1928 2714 2149 2809 hujus
2170 2726 2226 2758 ¹¹
2256 2715 2583 2786 nullum:

507 2867 555 2915 4.
597 2855 980 2906 subsidendum.
1017 2859 1084 2904 Η.
1119 2873 1164 2904 ο.
1207 2858 1260 2905 in
1298 2857 1464 2922 aliquo

435 2939 552 2986 loeo
581 2936 748 2984 furtim
775 2936 1070 2984 mend-m
1086 2971 1104 2998 ‚
1131 2947 1182 2984 et
1203 2937 1258 2984 in
1275 2937 1466 2984 insidiis

435 3015 821 3081 exspectandum
833 3050 848 3071 ‚
863 3015 1028 3080 quoad
1043 3015 1248 3064 Clodius
1261 3017 1464 3066 veniret.

507 3097 562 3145 5.
595 3097 860 3142 Lelmnum
891 3094 1188 3142 occultator.
1221 3095 1340 3143 Non
1375 3099 1466 3144 mi-

435 3190 544 3222 rum
572 3185 646 3222 est
679 3175 893 3240 Appiam
921 3175 1048 3222 viam
1082 3175 1228 3223 fuisse
1255 3175 1468 3223 latroni-

433 3254 528 3302 bus
553 3253 796 3311 infestam,
809 3269 960 3317 quum
983 3267 1088 3302 eam
1105 3254 1318 3301 mendici
1337 3269 1468 3301 sem-

435 3347 528 3396 per
545 3331 825 3380 obsiderent
845 3345 860 3380 ε
887 3343 936 3380 et
961 3333 1016 3380 in
1045 3333 1138 3382 bae
1163 3343 1264 3380 erat
1287 3347 1468 3379 monum

439 3421 658 3458 mentum
701 3411 873 3470 Basili,
917 3411 1134 3460 caedibus
1171 3427 1230 3458 ac
1265 3411 1464 3460 latroci-

436 3489 558 3548 niis,
585 3499 696 3536 ante
717 3473 844 3537 alio-⁸
861 3491 1032 3549 locos,
1055 3490 1254 3536 infame.

507 3567 566 3616 6,
582 3565 722 3614 nula?
737 3567 802 3615 ab
823 3568 912 3618 :⁸110
929 3567 1123 3617 violati.
1149 3567 1464 3616 Demonstrat

437 3645 518 3693 his
543 3645 706 3693 verbis
729 3647 927 3696 solitum
949 3663 1054 3695 esse
1081 3645 1288 3706 Clodio,
1308 3645 1388 3695 his
1409 3649 1465 3694 in

438 3723 564 3772 loeis
585 3725 798 3774 facinora
825 3743 911 3775 sna
937 3736 1232 3791 perpetrare.

511 3819 564 3863 7.
587 3803 832 3854 citaretur·
854 3804 1066 3853 Etruria.
1083 3803 1210 3850 Nam
1229 3805 1466 3851 Etruscos

441 3882 620 3945 sapiu·
661 3899 690 3931 e
723 3881 1116 3946 possessionibus
1151 3881 1252 3928 ‘suis
1281 3881 1464 3945 pellere

441 3960 645 4010 Clodius
671 3971 954 4009 tentaverat.

515 4037 566 4088 8.
601 4041 683 4086 Sic
720 4039 921 4088 lelem.
964 4039 1152 4086 Primus
1183 4037 1375 4084 addidit
1397 4039 1472 4086 ad

444 4133 494 4163 se
535 4120 777 4166 Gruterus
815 4133 842 4164 e
885 4119 976 4166 MS
1021 4115 1323 4166 Coloniensi.
1371 4117 1468 4166 Sed

1552 2859 1725 2906 multis
1760 2858 1857 2916 ad,
1900 2858 1979 2906 vel
2024 2857 2077 2906 s'n
2116 2859 2361 2906 Albanam
2407 2858 2585 2920 glossas

1554 2948 1833 3002 suspectum
1856 2946 1946 2984 est.
1968 2965 2037 2974 —
2062 2937 2147 2984 Ad
2176 2953 2245 2985 ee.
2278 2937 2338 2984 Id
2378 2948 2485 2994 est,
2522 2935 2589 2984 ad

1554 3016 1721 3066 villam
1750 3031 1906 3064 snam.

1622 3111 1678 3160 ⁴9.
1718 3094 1923 3143 Aricia.
1969 3093 2095 3142 Latii
2134 3092 2407 3156 oppidum,
2442 3094 2589 3153 juxta

1554 3175 1685 3223 viam
1712 3174 1925 3237 Appiam
1942 3209 1955 3233 ‚
1986 3172 2113 3220 ultra
2144 3171 2361 3219 Bovillas
2384 3174 2550 3220 sitnm.

1634 3265 1718 3299 ιο.
1750 3251 1827 3298 Ne
1854 3251 1905 3298 in
1928 3249 2055 3298 villa
2090 3249 2341 3298 resideret.
2380 3248 2507 3298 Nam
2544 3251 2589 3297 si

1553 3330 1757 3380 insidias
1796 3329 1923 3377 Milo
1966 3329 2251 3391 struxisset,
2296 3329 2592 3393 querendae

1556 3419 1662 3456 erat
1697 3417 2015 3470 opportunus
2054 3407 2189 3455 furto
2229 3408 2391 3456 locus.
2431 3407 2593 3470 Atqui

1558 3497 1719 3543 corte,
1754 3488 1797 3532 si
1844 3501 2045 3543 servus,
2089 3495 2147 3534 ut
2190 3486 2349 3535 aiebat
2382 3486 2589 3543 Arrius,

1550 3565 1763 3614 reditun
1790 3563 1953 3612 Clodii
1986 3565 2257 3612 nuntiasset
2271 3597 2287 3622 ,
2314 3564 2445 3614 uno
2468 3563 2593 3614 clo-

1553 3643 1691 3691 dium
1712 3651 2011 3691 antevertere
2037 3654 2244 3692 conatus
2270 3645 2441 3692 fuisset
2456 3677 2471 3702 ‚
2504 3659 2595 3692 an·

1552 3735 1749 3786 tequam
1768 3721 1821 3767 in
1834 3721 2003 3768 villam
2022 3737 2157 3770 snam
2176 3723 2485 3787 perveniret3
2504 3716 2595 3770 ubi

1553 3817 1669 3852 sane
1688 3799 2031 3851 difficillimu-
2060 3812 2163 3849 erat
2190 3804 2235 3850 si
2256 3804 2359 3850 vim
2382 3801 2595 3862 infern,

1554 3892 1631 3932 tot
1670 3881 1825 3928 servis
1864 3889 1915 3928 et
1950 3882 2309 3946 gladiatoribus
2348 3885 2453 3930 suis
2496 3885 2599 3930 cir·

1560 3969 1837 4008 eumvento.

1637 4052 1715 4084 ει.
1748 4038 1909 4102 Hujus·
1936 4039 2143 4088 nullum.
2180 4035 2323 4100 Nisi,
2355 4050 2413 4086 nt
2442 4055 2593 4104 aspra

1558 4115 1711 4173 dixit,
1738 4116 1865 4166 illud
1890 4116 2109 4166 naturale
2134 4117 2305 4193 offlam
2319 4153 2337 4176 ‚
2374 4132 2480 4181 quo
2518 4118 2597 4166 vir
