2996 4694
870 354 1270 461 (mmo
1315 392 1432 461 m·
1471 394 2009 464 νΑΤιΝωΜ.
2364 396 2507 483 ·ι45

383 509 758 608 legemque
794 509 1050 600 ferres,
1081 510 1288 609 quod
1313 536 1404 585 eo
1430 510 1549 585 die
1583 515 1799 586 scires
1834 513 1929 587 de
1966 514 2140 587 caelo
2172 526 2337 589 esse'
2362 544 2507 593 ser-

381 622 678 693 vatum?
720 626 858 707 Et,
895 622 1246 718 quoniam
1277 621 1398 693 hic
1439 623 1645 695 locus
1679 648 1871 695 unus
1906 639 2017 696 est
2034 621 2087 713 ⁵,
2122 650 2343 723 quem
2374 630 2508 701 tibi

383 754 552 802 cum
589 734 862 801 Caesare
905 754 1366 803 communem
1405 754 1561 804 esse
1599 731 1833 823 dicaS,
1884 735 2255 832 sejungam
2298 752 2371 809 te
2414 740 2509 813 ab

383 839 541 929 illo,
579 864 732 911 non
779 840 1012 911 solum
1049 839 1464 939 reipublicae
1503 864 1755 929 causa,
1802 866 2057 914 verum
2102 847 2313 916 etiam
2356 852 2509 921 Cae..

385 954 562 1021 saris
589 998 610 1037 ,
671 958 766 1021 'ne
800 974 946 1047 qua
985 976 1074 1022 ex
1117 965 1242 1023 tua
1282 976 1563 1023 summa
1610 952 2033 1048 indignitate
2078 952 2275 1027 labes
2318 958 2511 1033 illius

387 1058 718 1155 dignitati
761 1059 1098 1157 adspersa
1127 1059 1480 1133 videatur.
1533 1061 1851 1133 Primum
1886 1088 2177 1159 quaero„
2210 1090 2387 1137 num
2430 1084 2513 1141 tu

385 1173 669 1241 senatui
709 1192 998 1241 causam
1043 1185 1242 1241 tuam
1294 1171 1701 1267 permittas,
1744 1169 1947 1268 quod
1984 1169 2204 1243 facit⁶
2242 1178 2516 1247 Caesar?

389 1277 652 1351 deinde
671 1332 692 1367 ,
722 1304 886 1377 quae
923 1280 1017 1350 sit
1051 1280 1438 1351 auctoritas
1474 1280 1663 1376 ejuS,
1689 1283 1817 1377 qui
1852 1304 1927 1351 se
1963 1280 2255 1353 alterius
2285 1282 2515 1373 fact0,

387 1414 544 1461 non
580 1414 714 1460 suo
758 1387 1143 1461 defendat?
1175 1386 1438 1461 deinde
1475 1388 1855 1487 (erumpet
1897 1391 2087 1461 enim
2124 1390 2517 1489 aliquando

389 1522 484 1571 ex
517 1520 656 1593 ume
697 1518 865 1569 vera
911 1523 1054 1570 vox
1077 1552 1098 1588 ,
1151 1514 1226 1569 et
1267 1497 1500 1571 dicam
1554 1503 1711 1571 sine
1758 1500 2255 1587 cunctatione,
2313 1503 2517 1600 quod

391 1606 712 1705 sentio),
751 1613 810 1681 si
835 1610 982 1706 jam
1015 1608 1442 1682 violentior⁷
1478 1607 1715 1706 aliqua
1745 1609 1819 1679 in
1855 1630 1935 1679 re
1972 1612 2047 1679 C.
2082 1612 2312 1681 Coesar
2344 1612 2517 1685 suis-

391 1734 538 1807 set,
584 1720 645 1790 si
680 1742 848 1791 eum
881 1714 1302 1815 magnitudo
1338 1718 1855 1805 contentioniS,
1882 1716 2200 1789 studium
2238 1719 2517 1816 gloriae,

391 1841 736 1927 praestaris
763 1829 1069 1915 animuS,
1086 1826 1440 1899 excellens
1457 1825 1795 1898 nobilitas
1813 1826 2059 1924 aliquo
2084 1828 2181 1898 im
2187 1852 2235 1927 p
2243 1830 2523 1917 ulisset;

395 1937 598 2035 quod
629 1939 706 2009 in
737 1936 862 2007 illo
893 1932 1089 2009 viro⁸
1123 1952 1199 2008 et
1233 1951 1390 2007 tum
1421 1934 1801 2007 ferendum
1842 1950 2069 2026 esset,
2095 1952 2169 2008 et
2194 1942 2523 2013 maximis

391 2044 658 2134 rebus,
695 2068 878 2144 quas
913 2060 1164 2144 postea
1202 2048 1456 2143 gessit,
1502 2043 2084 2133 obliterandum3
2130 2048 2203 2119 id
2240 2064 2321 2121 tu
2356 2050 2522 2139 tibi,

395 2152 728 2244 furcifer,
761 2179 1040 2244 sumes,
1096 2169 1170 2227 et
1217 2156 1482 2227 Vatinii
1533 2153 1833 2225 latronis
1882 2178 1966 2225 ac
2016 2158 2337 2255 sacrilegi
2380 2186 2523 2232 vox

397 2264 766 2355 audietur,
825 2264 968 2337 hoc
1000 2264 1468 2365 postulantis,
1513 2278 1597 2335 ut
1634 2263 1830 2336 idem
1866 2262 2009 2337 sibi
2047 2267 2523 2360 concedatur,

399 2375 602 2474 quod
635 2376 934 2450 Caesari?

497 2491 652 2560 vll.
688 2488 804 2560 Sic
837 2489 1036 2560 enim
1071 2513 1162 2560 ex
1199 2504 1270 2562 te
1301 2509 1571 2587 quaero.
1606 2483 1982 2560 Tribunus
2020 2485 2252 2587 plebis
2288 2488 2523 2563 fuisti:

399 2596 698 2694 sejunge
741 2612 818 2670 te
865 2621 910 2669 a
949 2599 1267 2670 consule.
1327 2599 1657 2697 Collegas‘
1698 2597 2015 2670 habuisti
2054 2599 2250 2672 viros
2302 2598 2527 2674 fortes

401 2730 666 2778 novem
687 2715 742 2777 ¹.
787 2713 896 2780 Ex
933 2706 1050 2780 his
1095 2722 1238 2780 tres
1282 2723 1488 2783 erant
1508 2761 1529 2797 ,
1566 2732 1751 2806 quos
1779 2721 1861 2778 tu
1895 2705 2219 2804 quotidie
2254 2709 2528 2786 sciebas

402 2838 683 2896 servare
719 2813 812 2888 de
841 2817 1015 2888 coelo
1033 2827 1105 2904 ²3
1138 2842 1324 2915 quos
1357 2816 1707 2891 irridebas
1721 2871 1741 2904 ‚
1789 2841 1975 2916 quos
2016 2819 2335 2915 privatos
2372 2846 2528 2896 esse

403 3020 496 3069 ned
517 3017 804 3075 concilium,
831 3017 969 3081 quasi
997 3027 1180 3082 partem
1205 3015 1416 3082 populi:
1504 3015 1598 3064 bus
1627 3015 1691 3064 de
1715 3015 1869 3064 causis
1894 3017 2067 3076 faeiat,
2092 3017 2191 3078 jam
2212 3018 2398 3069 dictum
2426 3033 2531 3082 ειη

403 3099 634 3166 patricios
660 3097 790 3146 enim
820 3097 1092 3145 advocandi
1109 3098 1190 3157 jus
1207 3111 1310 3145 non
1333 3092 1420 3143 ha·
1507 3107 1721 3144 ceterum
1771 3095 1910 3142 nullo
1962 3096 2113 3143 modo
2167 3097 2368 3146 Caesarin
2414 3117 2529 3148 cum

401 3177 491 3228 bet
529 3177 754 3227 tribunus
779 3177 854 3241 pl.
877 3175 1118 3241 populum
1144 3186 1306 3224 autem
1332 3175 1420 3223 ad·
1507 3173 1687 3221 Bibulo
1718 3171 1902 3236 collega
1943 3174 2283 3223 contentiones
2320 3193 2531 3242 possunt

405 3267 550 3306 vocat
568 3290 585 3314 ,
627 3271 731 3304 non
763 3256 1064 3304 concilium:
1096 3254 1209 3318 quia
1234 3254 1350 3303 licet
1374 3256 1420 3302 ei
1509 3252 1756 3310 excusat-13
1803 3251 1999 3300 infamis
2043 3253 2174 3300 enim
2220 3257 2326 3316 qius
2374 3257 2533 3307 suerat

405 3348 498 3400 pro
533 3343 726 3383 summo
769 3335 978 3401 imperio
1011 3334 1230 3397 Quirites
1251 3349 1422 3383 omnes
1512 3330 1688 3395 agendi
1712 3329 1853 3378 ratio.

405 3413 665 3462 advocare.
1586 3411 1635 3458 8.
1669 3409 1815 3474 Quod
1836 3409 1887 3457 in
1911 3409 1997 3456 illo
2024 3407 2153 3458 vim.
2179 3410 2232 3458 Si
2256 3411 2379 3476 quid
2400 3417 2533 3464 euim

474 3494 526 3542 5.
561 3495 716 3542 Luem
737 3509 866 3542 unus
899 3503 987 3542 ese.
1023 3493 1234 3556 Propter
1267 3499 1425 3554 gestae
1512 3489 1776 3537 violentius
1794 3490 1849 3536 in
1866 3489 2123 3537 consulatu
2140 3489 2301 3539 Caesar
2319 3493 2535 3556 admisit,

407 3572 642 3624 Caesarem
661 3575 790 3622 inter
811 3585 861 3622 et
881 3571 1110 3622 Bibulum
1128 3569 1422 3620 inimicitias.
1512 3567 1609 3616 hoc
1650 3581 1731 3614 res
1774 3577 1920 3632 gesta
1962 3577 2129 3632 postea
2174 3585 2403 3620 excusare
2444 3575 2534 3622 de·

477 3652 532 3701 6.
565 3650 846 3718 Quodfaeit
866 3651 1049 3700 Coesar.
1068 3649 1187 3699 Nou
1203 3662 1424 3697 recusare
1512 3647 1649 3695 bent-

405 3745 458 3778 σε
474 3731 633 3780 caesar
652 3731 776 3779 dixit
789 3769 805 3792 ,
829 3729 1090 3794 quominus
1105 3745 1163 3778 ea
1187 3743 1299 3791 qna
1317 3743 1420 3792 ςα-
1578 3727 1693 3774 vn.
1716 3739 1763 3775 ι.
1786 3721 2093 3788 Vitossbrces
2104 3743 2289 3776 novem.
2302 3729 2535 3794 Quinque

406 3819 536 3857 serat
569 3810 622 3855 in
655 3810 913 3858 consulatu
952 3824 983 3857 a
1025 3817 1194 3855 senatu
1235 3807 1422 3867 judica·
1510 3815 1701 3853 tantum
1722 3821 1749 3851 a
1777 3804 2023 3868 principio
2046 3805 2231 3854 tribuni
2252 3807 2327 3869 pl.
2344 3807 2537 3857 fuerant

407 3897 606 3939 :cutura
641 3887 783 3951 quod
817 3897 868 3936 et
909 3873 1132 3950 Pompeii
1155 3895 1208 3934 et
1229 3885 1421 3934 Pisonis
1510 3884 1792 3942 constituti,
1829 3881 1915 3930 ned
1954 3893 2153 3947 postea,
2180 3896 2428 3932 crescente
2460 3903 2535 3934 re-

407 3965 586 4029 opibus
611 3966 762 4015 fretus
787 3967 978 4016 fecerat.
1508 3961 1705 4028 publiea
1720 3995 1737 4018 ,
1780 3960 1843 4008 ad
1884 3961 2055 4008 decem
2104 3975 2261 4025 usque
2303 3975 2533 4015 numerus

484 4060 532 4106 ¹7.
565 4045 850 4094 Vt‘olentt'or.
876 4049 952 4095 De
981 4045 1142 4093 diviso
1171 4044 1422 4109 Campano
1509 4055 1675 4091 eorum
1704 4038 1797 4087 fuit
1822 4053 2110 4103 provectus.

407 4135 528 4186 agro
555 4123 793 4174 caesam-
827 4133 982 4174 tentat
1015 4137 1264 4174 excusare.
1299 4122 1422 4186 Qui-
1583 4135 1631 4168 ει.
1663 4119 1863 4166 Servare
1894 4117 1956 4164 de
1986 4117 2127 4165 celo.
2170 4115 2288 4166 Nou
2326 4133 2534 4186 augur„

556 4213 644 4282 V.
699 4227 788 4275 cie.
813 4242 922 4288 pars
954 4225 1170 4274 secunda.
2162 4225 2247 4273 10
