2996 4694
810 389 1189 459 ORATIO
1240 389 1445 459 PRO
1494 383 2032 474 P..SEXT10.·
2352 397 2474 443 mi

361 513 705 587 Liciniam
726 565 747 596 ‚
795 511 1081 582 Juniam
1122 505 1574 603 contempsit.
1637 503 1968 574 Etiamne
2001 498 2158 594 ejus
2186 552 2206 585 ,
2264 508 2484 594 qu‘em

290 625 295 639 '
364 647 493 696 sua
527 623 682 718 lege
726 634 799 691 et
836 643 969 691 suo
1001 615 1358 689 beneficio
1404 628 1737 688 ornatum
1757 666 1776 699 ,
1823 609 2221 694 munitum,
2255 627 2486 676 arma-

366 746 523 804 tum
566 729 752 802 solet
802 729 1091 827 gloriari
1118 724 1209 816 ¹⁸,
1266 731 1349 798 C.
1389 727 1680 796 Caesaris
1739 722 1970 818 legem
2023 716 2116 788 de
2166 715 2492 813 pecuniis

366 840 784 939 repetundis
800 864 949 910 non
977 851 1187 937 putat
1212 861 1364 908 esse
1388 834 1668 933 legem?
1697 836 1788 903 Et
1814 832 2054 917 aiunt,
2084 825 2264 897 alios
2295 847 2448 894 esse
2470 876 2489 909 ,

368 955 496 1047 qui
530 963 685 1022 acta
721 949 1011 1020 Gaesaris
1050 943 1495 1033 rescindant,
1537 965 1767 1041 quum
1813 940 1966 1011 haec
2015 937 2294 1036 optima
2343 932 2494 1018 lex,

370 1082 442 1139 et
468 1065 561 1137 ab
588 1065 711 1136 illo
742 1088 994 1137 socero
1032 1055 1217 1159 ejus,
1252 1077 1327 1134 et
1366 1060 1459 1133 ab
1492 1061 1636 1132 hoc
1667 1057 1931 1132 assecla
1955 1065 2020 1115 ¹9
2057 1048 2497 1150 negligatur?
2593 1131 2604 1140 ,

465 1181 557 1246 Et
595 1174 957 1246 cohortari
1000 1197 1215 1245 ausus
1252 1187 1359 1244 est
1396 1184 1765 1243 accusator
1803 1170 1876 1238 in
1915 1165 2050 1236 hac
2083 1187 2296 1236 causa
2317 1183 2462 1230 vos
2477 1213 2498 1243 ,

365 1284 674 1381 judices,
708 1299 795 1356 ut
830 1282 1219 1384 aliquando
1256 1283 1507 1354 essetis
1543 1280 1809 1368 severi,
1853 1271 2248 1373 aliquando
2282 1266 2500 1340 medi·

370 1397 605 1468 cinam
640 1393 1077 1466 adhiberetis
1101 1457 1110 1470 .
1131 1390 1572 1492 reipublicae.
1624 1391 1793 1462 Non
1831 1402 1938 1460 est
1979 1409 2064 1457 ea
2103 1381 2496 1466 medicina,

372 1529 599 1602 quum
636 1529 819 1576 sanae
838 1505 1027 1603 parti
1046 1503 1373 1601 corporis
1393 1501 1812 1599 scalpellum
1842 1494 2255 1581 adhibetur,
2278 1505 2502 1586 atque

370 1618 663 1713 integrae
698 1644 714 1685 z
752 1613 1165 1686 carnificina
1194 1627 1301 1685 est
1331 1615 1491 1700 ista,
1520 1627 1593 1683 et
1623 1608 2029 1683 crudelitas.
2079 1606 2172 1675 Hi
2199 1599 2500 1674 meden-

376 1741 497 1797 tur
548 1721 992 1822 reipublicae,
1056 1726 1185 1822 qui
1230 1738 1568 1795 exsecant
1607 1735 1884 1820 pestem
1920 1718 2271 1814 aliquam,
2318 1725 2500 1782 tam-

376 1859 591 1932 quam
627 1845 1051 1905 strumam²⁰
1086 1835 1407 1904 civitatis.
2411 1841 2418 1849 '

472 1947 683 2016 LXV.
730 1942 902 2029 Sed,
922 1956 1005 2013 ut
1029 1953 1049 1986 ¹
1072 1955 1471 2014 extremum
1487 1939 1750 2012 habeat
1769 1935 2036 2036 aliquid
2063 1933 2294 2007 oratio
2323 1955 2505 2016 mea,

380 2069 452 2124 et
498 2067 583 2123 ut
621 2077 753 2148 ego
795 2067 961 2124 ante
1011 2051 1298 2123 dicendi
1358 2049 1584 2122 finem
1622 2050 1913 2136 faciam,
1961 2071 2178 2145 quam
2217 2068 2348 2114 vos
2387 2063 2506 2112 me

382 2175 529 2233 tam
550 2176 820 2233 attente
838 2158 1219 2250 audiendi,
1238 2159 1669 2233 concludam
1693 2157 1870 2230 illud
1899 2158 1990 2228 de
2017 2152 2508 2254 optimatibuS,

380 2294 783 2369 eorumque
835 2268 1315 2369 principibus,
1368 2293 1451 2341 ac
1498 2268 1911 2368 reipublicae
1963 2260 2510 2346 defensoribus3

383 2408 655 2480 vosque
682 2435 703 2470 ,
747 2382 1236 2455 adolescentes
1256 2434 1277 2471 ,
1312 2396 1387 2455 et
1423 2384 1551 2478 qui
1595 2380 1878 2453 nobiles
1903 2381 2072 2452 estis
2093 2432 2114 2464 ,
2151 2376 2239 2448 ad
2278 2372 2510 2468 majo-

381 2517 543 2565 rum
591 2507 901 2565 vestrum
939 2494 1409 2563 imitationem
1442 2491 1806 2577 excitabo,
1842 2503 1916 2561 et
1941 2490 2066 2585 qui
2108 2485 2402 2582 ingenio
2438 2496 2513 2554 et

383 2604 650 2692 virtute
688 2599 1141 2675 nobilitatem
1182 2605 1483 2699 potestis
1527 2602 1874 2697 consequi
1901 2596 2054 2686 ,ad
2091 2620 2251 2668 eam
2286 2597 2509 2666 ratio·

385 2736 590 2801 nem,
626 2711 701 2781 in
742 2735 888 2807 qua
913 2711 1125 2781 multi
1156 2711 1487 2783 homines
1515 2711 1730 2781 novi²
1762 2723 1834 2781 et
1873 2707 2152 2778 honore
2184 2720 2259 2776 et
2289 2704 2518 2802 gloria

384 2820 789 2891 floruerunt
808 2873 827 2906 ,
860 2818 1323 2892 cohortabor.
1353 2826 1532 2891 Haec·
1549 2834 1654 2892 est
1681 2843 1829 2891 una
1852 2818 1990 2905 via,
2015 2815 2193 2887 mihi
2221 2813 2518 2901 credite,

386 2944 457 2999 et
506 2926 771 3014 laudis,
814 2943 885 2999 et
920 2928 1319 3025 dignitatiS,
1356 2944 1431 3001 et
1459 2930 1757 3001 honoris
1781 2982 1801 3012 ,
1839 2952 1880 2999 a
1915 2924 2128 2997 bonis
2159 2928 2368 3011 viris,
2405 2948 2518 2995 sa-

389 3034 794 3134 pientibuS,
848 3050 922 3107 et
956 3036 1145 3110 bene
1185 3054 1442 3110 natura
1482 3040 1928 3125 constitutiS,
1979 3034 2252 3107 laudari
2296 3049 2368 3107 et
2406 3033 2517 3105 di-
2603 3022 2606 3027 ¹

468 3245 547 3292 ιε.
582 3245 840 3292 Annaeum
866 3244 991 3292 solet
1022 3245 1249 3310 gloriari.-
1284 3247 1413 3295 Vere
1572 3248 1724 3295 va.
1755 3262 1799 3299 ι.
1824 3246 1942 3305 Sed,
1967 3258 2036 3295 ue.
2061 3246 2158 3294 Hic
2182 3244 2402 3293 omnium
2429 3242 2523 3290 eibi

392 3320 711 3385 gloriabatur:
740 3338 853 3371 nam
890 3322 937 3371 ei
970 3324 1179 3372 Galliam
1210 3324 1417 3389 Cisalpi·
1503 3327 1691 3374 animos
1755 3326 1986 3375 conciliat
2051 3336 2253 3386 oraton-3
2309 3321 2526 3371 ostendit

392 3417 505 3449 nam
556 3416 663 3448 cnm
708 3402 883 3467 Illyrio
931 3405 983 3451 in
1028 3404 1415 3468 quinquennium
1501 3420 1678 3469 nempe
1703 3404 1940 3468 gratiosos
1964 3403 2155 3469 populo
2183 3404 2316 3451 cive·
2344 3400 2493 3449 suine
2510 3434 2526 3459 ,

392 3480 497 3545 lege
521 3480 618 3529 lata
644 3480 859 3532 dederat.
1505 3485 1590 3547 qni
1616 3494 1809 3532 senatus
1834 3484 2168 3532 auctoritatem
2193 3482 2324 3530 sicut
2351 3490 2400 3528 et
2426 3495 2521 3545 po-

470 3575 553 3621 ¹9·
578 3560 795 3610 Λυκία.
818 3562 901 3612 ΔΙ.
919 3565 1158 3614 assecula.
1186 3565 1411 3614 Vatinius
1505 3562 1610 3625 puli
1633 3563 1904 3611 libertatem
1929 3561 2248 3610 defenderint.
2270 3563 2386 3625 Quo
2410 3560 2524 3623 qni·

392 3638 447 3685 in
466 3637 715 3687 tribunatu
740 3640 971 3702 pecunias
986 3642 1283 3705 iniquissime
1300 3650 1413 3691 doe·
1501 3641 1611 3689 dem
1619 3641 1828 3691 artificio
1839 3640 2072 3690 invidiam
2085 3642 2390 3705 exstinguere
2402 3639 2524 3687 mihi

394 3717 493 3781 git,
532 3727 701 3767 contra
735 3716 890 3781 legem
934 3720 995 3767 de
1034 3722 1316 3785 repetundis
1350 3738 1415 3771 eo
1502 3721 1718 3780 videtur,
1747 3738 1892 3785 quam
1919 3738 1980 3769 ex
2005 3721 2151 3785 longa
2172 3721 2376 3769 nimium
2403 3734 2524 3783 que-

392 3796 505 3861 ipso
520 3812 651 3845 anno
672 3814 697 3845 a
718 3798 917 3845 consule
938 3799 1121 3847 Caeeare
1140 3812 1375 3865 rogatam.
1503 3801 1602 3849 tela
1617 3801 1864 3849 concitare
1877 3801 2132 3863 potuisset.

467 3891 553 3923 20.
606 3878 877 3939 Tamquam
918 3886 1152 3925 strumam
1191 3879 1415 3932 civitatis,
1578 3896 1631 3929 a.
1676 3880 1903 3927 Homines
1946 3880 2072 3927 novi.
2116 3878 2218 3941 Qni
2253 3878 2384 3941 gent-i
2425 3890 2525 3923 sne

396 3958 689 4018 Frequenter
714 3954 973 4003 inVatInii
997 3968 1203 4005 strumas
1238 3970 1313 4007 est
1334 3962 1417 4021 jo·
1506 3958 1810 4007 nobilitatem
1861 3957 2120 4005 virtutibus
2179 3956 2278 4004 mis
2329 3970 2532 4019 pepere-

397 4044 557 4096 catne,
596 4033 649 4080 in
700 4034 921 4082 oratione
968 4036 1231 4099 prasertim
1274 4052 1416 4099 quam
1507 4047 1622 4085 runt
1638 4071 1654 4098 ‚
1691 4050 1742 4085 et
1779 4038 1926 4101 primi
1969 4035 2160 4084 curules
2207 4046 2321 4083 eunt
2363 4032 2532 4097 adepti

398 4122 563 4161 eontra
585 4113 719 4161 hunc
740 4112 925 4163 habuit.
1509 4116 1830 4180 magistratus.
