2996 4694
722 395 1110 467 ORATIO
1157 399 1364 466 PRO
1417 399 1494 466 T.
1534 399 1611 466 A.
1666 395 2107 467 MILONE.
2354 399 2487 486 481

361 519 494 591 illae
532 520 1026 590 intermortuae
1059 521 1448 591 conciones
1469 509 1539 606 ⁵,
1582 517 1853 616 quibus
1890 518 2216 616 quotidie
2260 547 2497 593 meam

361 634 757 730 potentiam
787 628 1139 701 invidiose
1163 628 1701 718 criminabatur,
1726 653 1950 725 quum
1980 628 2272 720 diceret,
2298 657 2499 705 sena·

363 755 558 828 tum,
599 765 751 810 non
797 739 1000 837 quod
1041 741 1383 826 sentiret,
1437 737 1565 811 sed
1608 739 1811 837 quod
1848 759 1985 837 ego
2024 740 2314 830 vellem,
2368 744 2497 814 de-

363 877 682 926 cernere.
703 857 883 943 Quae
905 851 1202 949 quidem
1221 853 1280 922 si
1307 851 1635 950 potentia
1655 864 1765 922 est
1784 850 2209 949 appellanda
2233 838 2500 952 potius»,

365 989 585 1061 quam
627 978 932 1062 propter
959 949 1215 1058 magna
1252 963 1328 1033 in
1364 960 1891 1061 rempublicam
1933 964 2186 1034 merita
2223 963 2499 1036 medio·

364 1076 504 1146 cris
537 1076 612 1144 in
650 1073 868 1145 bonis
903 1075 1134 1145 causis
1180 1074 1566 1146 auctoritas
1588 1127 1621 1168 ,δ
1643 1086 1769 1143 aut
1819 1087 2121 1170 propter
2156 1071 2289 1144 hos
2334 1073 2499 1146 offi-

366 1187 600 1255 ciosos
651 1180 988 1257 labores⁶
1038 1207 1239 1255 meos
1287 1182 1647 1255 nonnulla
1697 1181 1893 1279 apud
1946 1181 2185 1254 bonos
2228 1186 2495 1283 gratia:

365 1294 774 1393 appelletur
820 1297 918 1366 ita
971 1317 1175 1382 sane,
1230 1291 1636 1366 dummodo
1692 1317 1777 1365 ea
1830 1317 1968 1364 nos
2018 1307 2310 1368 utamur
2366 1320 2501 1394 pro

365 1405 594 1477 salute
620 1403 988 1476 bonorum
1021 1419 1273 1476 contra
1311 1406 1701 1478 amentiam
1733 1403 2207 1503 perditorum.

460 1519 662 1587 Hanc
689 1539 864 1587 vero
902 1515 1378 1612 quaestionem
1401 1527 1457 1604 ⁷,
1492 1517 1629 1587 etsi
1664 1539 1818 1586 non
1848 1529 1958 1586 est
1986 1515 2265 1613 iniq‘ua,
2296 1539 2507 1587 num-

364 1650 587 1724 quam
636 1641 880 1698 tamen
943 1639 1234 1697 senatus
1291 1624 1871 1696 constituendam
1926 1626 2227 1723 putavit.
2284 1629 2507 1697 Erant

366 1738 560 1806 enim
593 1736 826 1831 leges,
863 1748 1068 1805 erant
1105 1735 1546 1832 quaestiones
1575 1733 1691 1806 vel
1728 1731 1822 1805 de
1856 1732 2051 1805 caede
2072 1789 2091 1820 ‚
2125 1735 2241 1805 vel
2272 1733 2363 1807 de
2395 1739 2507 1821 vi;

368 1869 504 1916 nec
527 1857 811 1914 tantum
836 1867 1228 1915 moerorem
1245 1867 1328 1915 ac
1352 1844 1629 1916 luctum
1651 1846 1931 1915 senatui
1950 1867 2145 1916 mors
2168 1849 2243 1914 P.
2272 1844 2509 1915 Clodii

365 1951 716 2024 afferebat
729 2006 750 2040 ,
772 1967 856 2022 ut
873 1976 1061 2024 nova
1077 1956 1380 2051 quaestio
1403 1954 1990 2048 constitueretur.
2018 1954 2243 2048 Cujus
2259 1943 2293 1997 ⁸
2310 1957 2511 2024 enim

367 2059 458 2132 de
493 2060 620 2132 illo
663 2065 944 2134 incesto
985 2073 1290 2160 stupro9
1337 2061 1695 2158 judicium
1740 2061 2179 2133 decernendi
2226 2065 2512 2156 senatui

367 2183 906 2266 potestasesset
939 2186 1184 2269 erepta
1202 2225 1221 2259 ,
1257 2171 1349 2244 de
1376 2171 1534 2268 ejus
1560 2171 1859 2243 interitu
1888 2172 2052 2267 quis
2080 2184 2321 2269 potest
2348 2195 2509 2243 cre-

370 2278 542 2355 dere
591 2296 923 2357 senatum
975 2282 1336 2378 judicium
1395 2305 1675 2355 novum
1727 2280 2315 2354 constituendum
2368 2305 2513 2380 pu-

367 2394 602 2463 tasse?
641 2396 792 2465 Cui·
841 2395 1062 2491 igitur
1095 2392 1517 2465 incendium
1575 2392 1829 2482 curiae,
1886 2396 2511 2491 oppugnationem

365 2499 626 2575 aedium
654 2506 752 2575 M.
789 2501 1046 2601 Lepidi
1071 2514 1159 2591 ¹⁰,
1201 2503 1466 2575 caedem
1505 2500 1695 2573 hanc
1727 2504 1996 2600 ipsam,
2032 2516 2285 2574 contra
2320 2526 2514 2572 rem-

366 2609 736 2710 publicam
784 2628 1084 2686 senatus
1131 2611 1389 2685 factam
1447 2637 1603 2685 esse
1658 2612 2025 2683 decrevit?
2068 2614 2256 2701 Quia
2312 2612 2514 2684 nulla

367 2725 474 2795 vis
502 2750 854 2823 umquam
880 2727 1092 2797 estin
1127 2722 1356 2797 libera
1385 2724 1673 2797 civitate
1700 2736 2033 2821 suscepta
2060 2725 2254 2795 inter
2278 2723 2469 2795 cives
2486 2777 2505 2807 ‚

369 2960 777 3000 commentatores
799 2967 902 2999 non
926 2950 1058 2999 idem
1077 2948 1140 2999 de
1159 2951 1257 3000 hoc
1283 2950 1398 2999 loco

370 3044 584 3089 sensere,
609 3040 659 3079 et
693 3030 841 3079 verbs
876 3030 962 3078 ille
992 3030 1061 3079 ite
1095 3030 1396 3095 explanant:

371 3107 630 3156 Fabiorum
671 3124 787 3174 gens
802 3143 816 3168 ,
856 3124 951 3158 uns
991 3124 1052 3158 ex
1087 3108 1398 3175 principibus

370 3186 650 3250 reipublice
681 3188 1002 3238 celeberrimis
1020 3222 1036 3247 ,
1071 3190 1266 3236 nomini
1302 3202 1396 3236 suo

370 3278 642 3328 cognomen
663 3266 889 3315 Ambusti
909 3266 1245 3331 adscripscrat.
1275 3268 1396 3314 Ors-

370 3351 450 3391 tor
468 3346 632 3408 itaque
649 3346 900 3394 tribunum
919 3346 1016 3395 hoc
1033 3346 1233 3394 nomine
1247 3345 1394 3404 dicit,

369 3430 428 3469 ut
453 3421 678 3481 irrideat,
701 3424 828 3471 sieut
853 3423 970 3473 elias
993 3438 1122 3489 saepe
1146 3424 1199 3472 in
1225 3424 1397 3472 adver-

365 3500 524 3549 sarios
543 3512 616 3549 est
637 3503 850 3563 iocatus.
883 3502 965 3550 Sic
986 3503 1115 3551 enim
1133 3503 1398 3553 Gabinium

370 3580 714 3628 Cincinnatum
738 3580 986 3629 consulem
1006 3614 1022 3639 ,
1049 3591 1102 3630 et
1126 3582 1390 3631 Cincinna-

369 3666 478 3704 tum
505 3656 798 3719 Galeouem,
825 3660 1034 3708 vocavit.

445 3736 494 3784 5.
549 3736 882 3785 Incennortuoe
937 3738 1212 3787 conciones.
1271 3740 1394 3801 Quae

371 3814 576 3863 flammis
595 3816 795 3865 fuerunt
815 3816 1110 3881 interceptae.

441 3896 492 3943 6.
534 3894 784 3963 officiosos
812 3897 1023 3945 labores.
1061 3898 1390 3946 Patrocinium

371 3986 422 4023 et
453 3974 830 4024 benivolentiam
860 3991 973 4045 erga
1009 3992 1132 4024 reos.
1168 3977 1330 4025 Graev.
1366 3994 1394 4026 e

371 4052 487 4102 cod.
515 4054 618 4102 Erf.
643 4054 833 4105 addidit
859 4056 966 4103 hos.

445 4148 496 4199 7.
545 4136 690 4181 Hane
734 4150 860 4183 vero
889 4134 1228 4207 attentionem.
1277 4136 1396 4185 Non

520 4220 583 4285 ΧΤ
591 4274 603 4287 .
661 4239 749 4285 cie.
771 4256 880 4299 pars
899 4238 1110 4285 secunda.

1483 2961 1677 3000 senatus
1702 2950 1830 2999 euim
1855 2964 1958 2997 eam
1978 2958 2236 3007 statuerat,
2254 2946 2342 2997 sed
2368 2950 2512 2997 Pom-

1483 3030 1640 3094 peius,
1654 3029 1735 3075 cui
1747 3028 1995 3090 negotium
2010 3026 2131 3073 illud
2148 3026 2475 3076 mandaverat.

1560 3109 1606 3155 8.
1644 3106 1789 3172 Cujus
1815 3105 1964 3155 enim.
1994 3105 2118 3168 Quis
2142 3104 2333 3167 credat,
2358 3123 2511 3169 quum

1482 3184 1610 3235 Fufii
1658 3196 1710 3233 et
1740 3184 2089 3233 Clodianorum
2132 3184 2479 3236 intercessione
2494 3222 2511 3249 ,

1483 3264 1672 3314 senatui
1699 3273 1915 3329 potestas
1945 3264 2009 3313 sit
2036 3264 2219 3329 erepta'
2236 3265 2413 3325 iudicii
2456 3268 2511 3315 in

1483 3342 1713 3392 Clodium
1737 3342 2015 3403 statuendi,
2042 3342 2109 3391 its
2134 3345 2381 3393 memorio
2406 3347 2511 3408 ejus

1483 3420 1633 3469 fnisse
1667 3420 1941 3471 studiosum
1961 3455 1977 3480 ,
2006 3432 2065 3469 ut
2098 3437 2252 3470 novas
2288 3420 2421 3486 leges
2448 3425 2510 3473 de

1483 3500 1687 3549 interitu
1708 3501 1811 3562 ejus
1834 3499 2117 3549 ulciscendo
2140 3501 2435 3550 decerneret.

1552 3596 1602 3645 9.
1629 3582 1817 3627 Incerto
1832 3591 2018 3644 stupro.
2044 3581 2130 3628 ms
2150 3578 2313 3629 verbis
2328 3582 2511 3630 intelli-

1481 3660 1552 3724 git
1578 3659 1735 3708 scelus
1761 3676 1788 3707 s
1813 3660 1995 3709 Clodio
2020 3660 2282 3711 admissum
2305 3698 2320 3723 ‚
2355 3678 2506 3725 quum

1479 3750 1614 3787 veste
1634 3738 1859 3787 muliebri
1884 3738 2084 3787 indutus
2099 3775 2115 3800 ,
2136 3738 2185 3786 in
2204 3756 2337 3788 sacre
2357 3742 2508 3789 Bonze

1480 3818 1597 3867 Deae
1620 3818 1842 3883 irrepsit,
1876 3834 1987 3882 quae
2013 3834 2041 3865 ι
2070 3816 2356 3866 mulieribus
2383 3818 2508 3866 cele-

1480 3896 1766 3960 brabantur,
1792 3908 1847 3945 ut
1877 3908 2098 3961 stuprum
2127 3892 2328 3946 Caesaris
2364 3900 2511 3946 uxori

1480 3977 1698 4026 inferret.
1760 3976 2017 4041 corruptis
2081 3988 2243 4025 autem
2299 3977 2509 4041 pecunia

1477 4056 1729 4118 judicibus
1746 4070 1819 4105 est
1836 4055 2101 4105 absolutus.

1562 4150 1635 4184 10.
1660 4135 1853 4183 AEdt'um
1875 4138 1937 4183 M.
1963 4133 2145 4197 Lepr’dt'.
2170 4134 2378 4181 Biduum
2398 4146 2511 4199 post

2178 4218 2257 4288 31
