2996 4694
534 389 626 484 78
1171 375 1272 455 M.
1320 387 1396 454 T.
1451 387 2013 457 CICERONIS

529 510 786 609 spiritu
839 529 1272 603 exsanguem
1317 520 1391 578 et
1433 504 1845 579 confectum
1895 507 2262 594 viderent3
2312 506 2654 608 defatiga-

531 623 728 690 tione
773 618 990 715 magis
1030 629 1104 688 et
1137 641 1384 688 errore
1411 613 1466 706 ⁵,
1509 641 1727 714 quam
1770 617 2247 690 misericordia
2282 635 2355 692 et
2386 621 2645 708 modo,

529 726 915 826 aliquando
965 724 1234 798 caedere
1277 722 1732 798 destiterunt.
1791 731 1880 799 Et
1932 751 2217 799 causam
2261 727 2433 801 dicit
2470 735 2645 802 Sex-

533 842 670 912 tius
695 838 788 910 de
815 838 927 908 vi?
953 837 1150 927 Quid
1179 837 1322 907 ita?
1359 841 1531 934 quia
1574 837 1769 908 vivit.
1818 839 1909 908 At
1942 836 2019 907 id
2062 859 2212 907 non
2256 861 2386 909 sua
2420 839 2653 936 culpa.

529 951 735 1048 Plaga
767 968 913 1020 una
944 948 1062 1019 illa
1097 961 1414 1018 extrema
1460 945 1691 1017 defuit
1721 973 1737 1015 ε
1778 969 1938 1043 quoe
1970 947 2028 1016 si
2064 947 2511 1034 accessisset,
2541 970 2658 1016 re-

527 1062 810 1160 liquum
845 1060 1178 1158 spiritum
1219 1056 1681 1128 exhausisset.
1710 1059 1979 1140 Accusa
2004 1053 2421 1127 Lentidium
2454 1082 2470 1126 ε
2504 1079 2659 1126 non

529 1175 885 1272 percussit
945 1163 1258 1239 locum⁶.
1313 1159 1731 1240 Maledicito·
1778 1165 2104 1255 Sabinio‚
2152 1164 2432 1238 homini
2484 1170 2662 1236 Rea-

533 1285 690 1356 tino
716 1336 736 1370 ‚
784 1283 915 1352 eur
963 1293 1109 1349 tam
1168 1279 1476 1375 tempori
1535 1278 1951 1350 exclamarit
2008 1277 2347 1348 occisum.
2414 1281 2661 1373 Ipsum

531 1417 708 1464 vero
750 1389 930 1489 quid
969 1387 1304 1460 accusas?
1359 1413 1539 1460 num
1590 1386 1821 1460 defuit
1872 1387 2171 1486 gladiis?
2214 1411 2393 1460 num
2438 1411 2662 1484 repu-

535 1499 822 1598 gnavit?
869 1522 1084 1587 num,
1143 1511 1226 1568 ut
1279 1497 1836 1594 gladiatoribus⁷
1874 1499 2209 1596 imperari
2248 1497 2468 1585 solet,
2520 1495 2661 1568 fer-

533 1635 698 1684 rum
741 1632 895 1680 non
939 1604 1302 1706 recepitss?

633 1721 1022 1793 XXXVIII.
1069 1721 1178 1788 An
1223 1718 1370 1792 haec
1417 1719 1575 1818 ipsa
1612 1721 1719 1791 vis
1755 1734 1899 1807 est,
1945 1742 2095 1789 non
2138 1741 2351 1816 posse
2386 1715 2665 1788 emori?

539 1857 627 1904 an
673 1831 828 1917 illa,
865 1828 1068 1928 quod
1107 1827 1444 1901 tribunus
1490 1828 1727 1928 plebis
1764 1828 2114 1928 templum
2144 1837 2167 1874 ¹
2214 1827 2665 1900 cruentavit?

537 1965 667 2027 an,
697 1941 928 2038 quod,
963 1963 1196 2038 quum
1237 1953 1421 2010 esset
1460 1939 1775 2026 ablatus,
1816 1941 2279 2038 primumque
2320 1939 2663 2036 resipuis-

540 2065 648 2123 set
669 2061 724 2139 ²‚
765 2077 918 2122 non
947 2075 1023 2122 se
1065 2047 1316 2120 referri
1347 2050 1606 2145 jussit?
1638 2049 1780 2121 Ubi
1810 2063 1919 2121 est
1958 2051 2229 2121 crimen
2251 2101 2270 2134 ,
2310 2046 2515 2146 quod
2548 2073 2663 2119 re-

536 2159 1024 2259 prehenditis?
1067 2159 1198 2230 Hic
1237 2183 1517 2257 quaero,
1553 2159 1867 2256 judices,
1906 2160 1965 2230 si
2000 2158 2124 2230 iilo
2162 2159 2283 2230 die
2316 2183 2495 2256 gens
2526 2160 2663 2230 ista

533 2270 782 2367 Qlodia
807 2269 859 2360 ³,
897 2269 1098 2370 quod
1141 2255 1370 2342 facere
1407 2271 1677 2361 voluit,
1728 2267 2113 2358 effecisset3
2146 2271 2205 2340 si
2238 2274 2309 2340 P.
2342 2271 2661 2359 Sextius,

532 2387 660 2483 qui
697 2410 834 2483 pro
868 2386 1108 2456 occiso
1142 2384 1437 2455 relictus
1465 2397 1573 2455 est
1594 2437 1613 2470 ‚
1653 2384 1931 2453 occisus
1960 2396 2178 2470 esset3
2214 2379 2541 2452 fuistisne
2568 2378 2663 2453 ad

528 2520 728 2567 arma
766 2496 984 2565 ituri?
1019 2492 1354 2565 fuistisne
1387 2516 1519 2563 vos
1560 2489 1653 2563 ad
1692 2495 2007 2588 patrium
2049 2490 2253 2562 ilium
2294 2490 2617 2561 animum
2642 2538 2663 2577 ‚

527 2605 1030 2700 majorumque
1055 2599 1444 2673 virtutem⁴
1471 2602 1887 2673 excitaturi?
1910 2599 2239 2672 fuistisne
2270 2597 2660 2696 aliquando

600 2764 650 2811 5.
673 2762 863 2809 &me-e.
889 2760 1018 2823 Quia
1041 2770 1290 2808 mortuum
1308 2770 1552 2825 putarent.

599 2842 650 2891 6.
672 2844 867 2889 Locum
885 2841 1046 2901 Quem
1070 2840 1132 2887 ad
1151 2838 1450 2888 intemndam
1465 2856 1553 2889 ne-

525 2938 632 2972 cem
657 2918 849 2985 percuti
871 2918 1110 2982 oportuit.

601 3016 650 3062 7.
664 2996 1050 3047 Matar-ibas.
1067 2995 1166 3059 Qui
1180 2997 1551 3060 quuninarena

491 3120 500 3129 ,
529 3087 801 3147 pugnantes
828 3076 1015 3141 populo
1060 3092 1165 3125 non
1201 3076 1551 3137 satisfecerint,

525 3162 702 3211 lanista
729 3170 898 3205 corun
921 3156 1150 3221 magister
1175 3157 1412 3205 ees-vicem
1439 3156 1555 3205 dare

1638 2761 1775 2826 quod
1800 2764 1949 2813 vivat.
1978 2762 2066 2811 ma
2086 2762 2271 2811 invidia
2294 2762 2496 2829 premit,
2522 2774 2664 2828 urget

1638 2841 1935 2891 adversarios
1956 2878 1973 2903 ,
1996 2842 2114 2891 dnm
2134 2844 2289 2892 Sextii
2307 2843 2503 2905 culpan
2528 2859 2673 2893 num

1640 2920 1943 2985 depreeatur,
1960 2938 2091 2969 nnnc
2109 2922 2179 2970 eis
2196 2921 2433 2986 imponit,
2449 2938 2661 2985 quornm

1636 3000 1815 3050 scelere
1836 3012 1887 3050 et
1904 3000 2145 3065 inperitia
2160 3000 2361 3050 letale-n
2382 3016 2485 3049 non
2501 3001 2663 3051 hausit

1636 3080 1847 3145 plns-¹·-
2556 3097 2571 3109 ’

1710 3162 2007 3209 xxxvm.
2034 3172 2081 3209 ι.
2104 3160 2355 3224 Templum
2377 3160 2665 3211 munais·

522 3242 690 3304 jussos
713 3234 960 3285 interficit.

602 3320 654 3366 8.
685 3316 798 3363 Non
831 3314 1025 3379 recepit.
1063 3313 1309 3378 Singulari
1341 3314 1551 3379 quadus

527 3396 713 3463 ingenii
735 3394 924 3443 flam
945 3392 1084 3441 ardet
1107 3394 1246 3443 loeus
1270 3394 1378 3455 hio,
1405 3412 1553 3459 qnam

530 3474 958 3525 vehementissimis
977 3474 1316 3523 Demosthenis
1331 3476 1549 3524 motibus

529 3572 635 3605 non
677 3553 908 3617 imparem
944 3553 1247 3602 crediderim.
1288 3554 1550 3619 Postquam

530 3634 662 3683 enim
679 3630 963 3681 clodian-m
978 3631 1239 3696 procellam
1255 3634 1359 3682 fuse
1377 3633 1553 3681 descri-

527 3714 659 3779 psit,
676 3710 862 3760 acervis
877 3726 1139 3775 corporum
1159 3712 1212 3759 in
1231 3713 1342 3761 foro
1361 3724 1551 3762 exstru-

527 3794 619 3841 ctis
648 3790 950 3855 deploravit,
985 3806 1206 3839 securum
1247 3793 1468 3840 Sextium
1502 3801 1553 3839 et

529 3874 772 3934 majestate
795 3884 852 3917 ac
885 3870 1136 3919 sanctitate
1163 3872 1338 3919 fretun
1376 3870 1555 3934 depin-

527 3952 628 4009 xit,
659 3951 714 3997 in
741 3949 1080 3997 amarissim-
1114 3948 1278 3997 snbito
1307 3947 1557 3996 invehitur

527 4030 732 4079 ironiam
757 4029 1070 4093 eamdemque
1097 4028 1468 4083 vividissimum.
1497 4039 1555 4078 ut

526 4124 670 4156 omne
709 4108 864 4157 scelus
897 4110 1048 4157 Sextii
1085 4123 1190 4156 esse
1223 4106 1553 4167 demonstret,

1641 3240 1885 3305 Sanguine
1907 3255 2015 3287 suo.

1711 3335 1761 3367 n.
1790 3317 2089 3384 Best‘puisset.
2115 3316 2282 3367 Animi
2306 3318 2535 3383 fugiatis
2558 3320 2667 3369 reli·

1638 3398 1777 3463 qnias
1802 3398 2079 3463 recepisset.

1709 3479 1762 3527 3.
1802 3479 1935 3527 Gens
1961 3478 2061 3525 ista
2089 3476 2277 3527 Clodia.
2306 3478 2434 3539 Ista,
2462 3493 2573 3542 qna
2596 3478 2663 3527 ad

1635 3556 1841 3608 Clodios
1882 3556 2185 3621 pertinebat,
2224 3556 2547 3620 giadiatnmm
2592 3556 2665 3605 fs·

1636 3637 1792 3685 milia.

1709 3723 1759 3772 4.
1782 3714 2125 3780 Major-nmque
2138 3714 2385 3764 virtutem.
2413 3716 2523 3777 Qua
2544 3714 2669 3761 Tar-

1637 3794 1836 3858 quinios
1854 3794 1915 3841 de
1934 3794 2107 3857 populi
2124 3794 2355 3841 servitute
2368 3792 2669 3856 triunphan-

1644 3884 1746 3930 tes,
1778 3888 1868 3936 qua
1895 3874 2115 3938 Appium
2140 3872 2395 3921 Claudium
2422 3872 2668 3919 decemvi-

1643 3966 1751 3998 rum
1788 3952 2005 3999 virorum
2038 3951 2249 3999 libertati
2284 3966 2341 3998 ae
2377 3949 2665 3997 semitm-nm

1642 4028 1893 4092 pudicitioe
1908 4029 2217 4077 insultantem
2232 4044 2261 4077 a
2280 4026 2547 4077 cervicibus
2562 4028 2669 4077 suis

1642 4107 1949 4172 depulerunt.
