2996 4694
816 375 1202 445 ORATIO
1252 374 1451 443 PRO
1503 378 1580 443 L.
1627 376 1702 444 C.
1751 362 2151 443 BALBo.'
2384 370 2526 469 329

401 522 559 570 eam
594 497 990 583 civitatem,
1022 496 1243 593 hujus
1268 511 1562 594 rogatu,
1593 494 1832 567 studia
1871 509 1944 565 et
1973 490 2328 565 beneficia
2353 518 2524 565 con·

402 608 667 681 tulerit.
708 607 937 680 Multa
977 622 1359 706 praetereo,
1406 632 1568 705 quae
1611 604 1976 705 quotidie,
2011 603 2262 675 labore
2301 602 2522 699 hujus

400 734 473 791 et
515 716 758 790 studio
780 774 799 807 ‚
844 734 970 789 aut
996 722 1344 808 omnino,
1384 733 1510 790 aut
1546 732 1738 790 certe
1764 699 2047 787 facilius
2073 738 2524 812 consequun-

400 842 539 899 tur.
563 834 813 926 Itaque
846 844 918 899 et
934 827 1197 899 adsunt
1228 832 1594 927 principes
1613 826 1912 899 civitatis
1933 880 1954 912 ‚
1976 839 2047 896 et
2075 821 2516 895 defendunt:

398 961 678 1027 amore,
715 952 799 1009 ut
836 962 1051 1009 suum
1093 940 1353 1023 civem3
1400 937 1813 1009 testimonio
1838 991 1858 1026 ‚
1890 949 1975 1007 ut
2005 948 2372 1025 nostrum3
2399 933 2515 1007 of·-

399 1044 603 1133 ficio‚
658 1061 741 1119 ut
768 1072 857 1121 ex
886 1047 1335 1119 nobilissimo
1380 1048 1519 1119 civi
1547 1047 2078 1119 sanctissimum
2114 1044 2524 1144 hospitem;

396 1158 639 1231 studio
656 1212 675 1246 ‚
704 1173 789 1230 ut
814 1159 1435 1257 diligentissimum
1471 1155 1930 1230 defensorem
1957 1157 2510 1229 commodorum

396 1292 716 1340 suorum.

491 1384 594 1450 Ac
613 1435 633 1470 ‚
674 1404 769 1451 ne
802 1380 937 1479 ipsi
976 1378 1315 1453 Gaditani
1342 1376 1810 1469 arbitrentur,
1840 1402 2282 1478 quamquam
2311 1377 2514 1450 nullo

392 1490 856 1563 incommodo
892 1489 1319 1577 afficiantur,
1354 1492 1413 1563 si
1440 1492 1680 1580 liceat,
1720 1508 1968 1563 eorum
2009 1492 2198 1563 cives
2233 1491 2520 1561 virtutis

392 1624 605 1673 causa
652 1602 729 1673 in
778 1616 1097 1674 nostram
1142 1602 1504 1673 civitatem
1547 1601 1830 1689 venire,
1881 1614 2122 1671 tamen
2171 1599 2312 1672 hoc
2355 1602 2518 1697 ipso

390 1706 689 1783 inferius
724 1735 877 1783 esse
914 1736 1127 1783 suum
1162 1710 1400 1782 foedus
1420 1766 1441 1798 ‚
1474 1734 1694 1808 quam
1749 1726 2154 1783 ceterorum
2188 1738 2204 1779 :
2255 1734 2514 1782 conso-

392 1817 599 1891 labor
618 1818 647 1865 ⁵
674 1835 749 1892 et
782 1821 919 1893 hos
951 1836 1338 1919 praesentes
1357 1875 1377 1910 ‚
1407 1824 1600 1893 viros
1640 1822 1954 1918 optimos
1980 1876 2000 1907 ‚
2029 1836 2102 1893 et
2129 1822 2320 1892 illam
2343 1821 2522 1894 fide-

391 1929 728 2001 lissimam
770 1945 989 2027 atque
1038 1932 1534 2002 amicissimam
1587 1929 1800 2001 nobis
1854 1932 2254 2018 civitatem3
2300 1931 2516 2003 simul

391 2050 465 2108 et
500 2062 665 2125 νος,
702 2064 855 2109 non
892 2042 1303 2135 ignorantes
1318 2036 1373 2127 ⁶,
1398 2039 1714 2135 judices,
1757 2037 2206 2127 admoneb0‚
2235 2064 2386 2137 quo
2423 2041 2514 2112 de

384 2146 549 2255 jure
588 2147 733 2219 hoc
771 2148 1125 2242 judicium
1163 2151 1636 2221 constitutum
1675 2151 1801 2236 sit,
1851 2149 1942 2220 de
1987 2174 2074 2222 eo
2117 2174 2516 2249 numquam

390 2256 693 2329 o‘mnino
728 2282 885 2329 esse
921 2258 1350 2330 dubitatum.

484 2373 637 2440 XX.
682 2371 887 2459 Quos
928 2371 1143 2466 igitur
1179 2369 1780 2468 prudentissimos
1813 2375 2248 2469 interpretes
2290 2368 2520 2442 foede-

384 2504 585 2564 rum,
621 2505 811 2578 quos
848 2481 1317 2579 peritissimos
1343 2480 1582 2554 bellici
1621 2483 1802 2577 juris
1827 2535 1846 2570 ‚
1887 2506 2076 2580 quos
2119 2481 2516 2581 diligentis-

384 2592 603 2662 simos
646 2591 719 2661 in
768 2590 1227 2689 exquirendis
1282 2590 1830 2663 conditionibus
1875 2593 2240 2663 civitatum
2297 2607 2517 2690 atque

383 2704 613 2774 causis
655 2725 808 2775 esse
857 2700 1326 2773 arbitramur?
1353 2727 1479 2774 eos
1515 2700 1884 2801 profect0‚
1928 2704 2056 2801 qui
2089 2703 2236 2799 jam
2285 2705 2514 2802 impe-

384 2815 489 2886 ria
545 2841 627 2888 ac
673 2815 861 2888 bella
912 2831 1312 2914 gesserunt.
1374 2821 1656 2889 Etenim
1683 2877 1701 2903 ‚
1755 2821 1810 2890 si
1861 2822 1949 2910 Q.
1997 2821 2352 2891 Scaevola¹
2397 2820 2515 2892 ille

386 3000 834 3065 Carthaginiense..
872 3019 1015 3066 quom
1049 3002 1214 3052 Julius
1244 3003 1405 3051 Cesar
1490 3004 1578 3052 sed
1595 3019 1746 3068 quum
1765 3006 2036 3068 vulgatam,
2063 3021 2126 3053 ue
2153 3006 2385 3053 varietate
2409 3009 2516 3070 qui·

385 3080 630 3129 sustulerit
646 3117 663 3141 ‚
700 3082 835 3130 huno
859 3083 1027 3131 locum
1056 3083 1288 3146 intelligit
1305 3085 1405 3130 Va·
1494 3082 1608 3130 dem
1636 3093 1804 3130 notata
1826 3116 1842 3142 ,
1870 3083 1924 3130 in
1945 3084 2066 3130 meis
2091 3083 2418 3131 anbinianis
2445 3086 2516 3132 in-

386 3156 529 3206 lain·
551 3159 613 3208 ad
638 3161 903 3225 fragmenta
931 3162 1104 3210 Dionis
1127 3160 1321 3212 Cooceii
1350 3161 1403 3208 in

386 3236 693 3286 Peireseianis
718 3240 989 3304 Exuet-ptis.

453 3315 507 3364 5.
534 3315 847 3367 consolabor.
882 3319 1153 3368 Gaditano·
1177 3318 1401 3368 consola·

386 3404 468 3442 tur
487 3392 655 3440 eadem
677 3411 825 3460 opera
840 3429 855 3454 ,
880 3413 975 3460 qun
1008 3397 1155 3446 docet
1170 3431 1187 3458 ,
1212 3398 1273 3446 de
1291 3399 1401 3459 jure

382 3471 563 3520 civium
588 3489 651 3521 ex
676 3474 921 3523 federatis
946 3477 1224 3525 civitatibus
1244 3477 1401 3524 adsci-

332 3549 337 3555 '
382 3549 673 3598 mendorum
697 3568 962 3616 numquam
981 3571 1085 3605 esse
1106 3555 1397 3604 dubitatum.

381 3627 553 3676 Nihilo
589 3629 720 3678 enim
758 3633 899 3695 pejus
940 3649 1051 3680 eum
1092 3634 1169 3682 his
1202 3645 1399 3700 agetur,

381 3723 525 3771 quam
564 3723 675 3757 rum
715 3709 822 3757 aliis
854 3711 1113 3760 illustrium
1148 3715 1401 3762 civitatum

381 3786 797 3847 conjunctissimis
836 3790 1083 3839 foederatis
1119 3802 1278 3840 aetum
1307 3794 1403 3842 fne-

380 3865 421 3912 ri
428 3876 461 3914 t.
478 3867 725 3915 Immerito
745 3867 827 3915 hie
844 3868 983 3917 hoesit
1004 3871 1193 3918 Ernest-

457 3945 509 3992 6.
522 3946 635 3992 Non
647 3946 943 4010 ignorantes.
958 3946 1105 3995 Solus
1116 3949 1227 3996 Car.
1236 3951 1402 4015 Stepb.

384 4023 523 4086 quod
540 4041 641 4074 non
668 4025 931 4091 ignoratis,
954 4029 1157 4092 ejusque
1180 4029 1327 4078 lectio
1350 4031 1405 4078 in

385 4103 501 4149 Ἴον.
518 4103 673 4154 lectt.
691 4104 877 4154 oliveti
894 4105 1131 4155 lambino
1152 4106 1399 4168 tribuitur3

1490 3161 1725 3218 venerim,
1741 3161 1972 3218 arbitror,
1995 3163 2153 3210 virum
2173 3163 2514 3225 prestantissi-

1488 3256 1642 3299 mum,
1663 3243 1716 3288 in
1743 3241 1896 3304 prim·
1920 3240 2140 3289 editione
2161 3242 2435 3306 Stephano,
2463 3254 2514 3291 et

1489 3321 1594 3381 eius
1636 3319 1798 3367 codici
1833 3319 2072 3384 paruisse,
2111 3318 2290 3368 deiude
2325 3332 2516 3370 senten·

1488 3399 1608 3448 tiam
1633 3409 1860 3448 mutasse.

1558 3480 1679 3527 ΣΧ.
1705 3494 1752 3528 1.
1777 3481 1836 3543 Q.
1853 3477 2092 3528 Soaevola.
2117 3480 2214 3528 Hie
2227 3492 2302 3528 est
2321 3479 2430 3538 ille,
2449 3482 2513 3529 de

1485 3574 1588 3622 quo
1613 3557 1914 3622 Pomponius
1938 3559 2002 3606 D.
2029 3558 2091 3608 de
2129 3559 2318 3624 origine
2348 3561 2506 3621 juris:

1485 3659 1514 3680 .-
1530 3639 1592 3701 Q.
1622 3637 1818 3687 Mucius
1838 3671 1853 3696 ‚
1891 3637 2054 3684 Publii
2092 3636 2246 3702 filius,
2285 3641 2510 3705 pontifex

1486 3717 1724 3765 maximm
1737 3752 1753 3776 ‚
1767 3719 1848 3777 ius
1869 3717 2014 3766 civile
2032 3718 2219 3782 primus
2234 3721 2511 3778 constituit,

1490 3797 1752 3860 generatim
1797 3798 1850 3844 in
1891 3796 2044 3845 libros
2091 3799 2258 3846 decem
2301 3811 2350 3847 et
2394 3811 2510 3848 octo

1490 3876 1815 3939 redigendo».
1849 3880 1946 3926 Pro
1983 3879 2198 3927 Caeoinn.
2237 3877 2366 3924 Male
2390 3887 2513 3939 puto

1490 3969 1518 4000 a
1543 3954 1709 4002 Iamb-
1738 3955 1904 4004 dutum
1931 3956 2152 4003 Scoevula
2172 3989 2188 4012 ‚
2221 3969 2511 4016 quamquam

1486 4032 1554 4078 ita
1575 4033 1724 4080 sciam
1741 4034 1794 4080 in
1822 4035 1912 4083 MS
1937 4033 2288 4081 Pundectarum
2313 4032 2510 4082 Floren-

1492 4111 1596 4159 tino
1613 4111 1736 4175 legi‚
1753 4124 1800 4160 et
1819 4113 1868 4160 in
1891 4113 1998 4161 aliis
2015 4111 2152 4160 libris
2170 4110 2403 4174 antiquis.
