2996 4694
1123 287 1892 356 ARGUMENTUM.

523 431 748 490 gressus
768 410 990 480 Cicero,
1020 429 1196 486 quum
1223 409 1367 467 nihil
1389 409 1509 486 jam
1545 408 1615 466 ad
1646 408 2093 485 disputationem
2125 411 2398 470 accedere
2429 432 2571 490 pos-

522 522 642 577 set,
669 520 728 566 et
749 506 824 565 de
850 507 1053 566 ceteris
1084 505 1422 564 criminibus
1455 506 1555 562 alii
1580 505 2037 581 respondissent,
2068 505 2457 566 defensionem
2492 511 2571 567 ita

525 604 797 676 instituit,
825 618 889 661 ut
915 616 1220 682 postquam
1257 603 1331 660 de
1363 601 1548 662 Sextii
1602 614 1841 672 natura,
1900 599 2191 674 moribus,
2244 604 2571 664 incredibili

527 707 586 764 in
623 705 808 765 bonos
845 724 1071 776 amore,
1117 705 1178 761 in
1223 704 1406 762 malos
1453 703 1592 760 odio
1635 702 1901 774 dixisset,
1934 703 2081 762 nihil
2114 705 2273 781 quod
2303 706 2377 764 ad
2408 727 2569 765 reum

522 816 622 862 aut
661 799 1074 880 rempublicam
1117 801 1462 878 pertineret,
1504 800 1947 877 praetermittere
1982 799 2299 858 videretur.
2338 803 2570 860 omisso

521 903 722 980 itaque
742 900 907 978 jure,
947 897 1106 976 quod
1147 897 1220 956 ad
1262 899 1583 955 satietatem
1608 898 1731 974 jam
1756 896 2114 974 disputatum
2158 899 2371 970 fuerat,
2405 899 2479 956 de
2510 921 2572 958 se

521 999 678 1075 ipso,
705 1015 878 1074 quem
907 995 967 1051 in
997 993 1268 1052 Sextiana
1297 1011 1470 1050 causa
1494 993 1731 1051 omnino
1765 990 2073 1051 accusabat
2098 994 2338 1052 Clodius
2355 1038 2372 1065 ,
2404 995 2571 1072 plura

521 1093 833 1174 praemisit,
884 1107 1102 1150 summa
1173 1088 1464 1148 interdum
1520 1107 1651 1148 curn
1692 1087 1961 1147 libertate
2008 1093 2074 1148 P.
2118 1091 2298 1149 Sextii
2344 1111 2573 1149 causam

479 1207 485 1220 ¹
521 1191 850 1270 peroravit,
893 1207 961 1246 ac
999 1187 1359 1265 praecipuum
1396 1187 1661 1264 pietatis,
1702 1185 2051 1264 eloquentiae
2090 1206 2158 1246 ac
2198 1187 2419 1246 doloris
2450 1207 2577 1244 cer-

523 1299 713 1346 tamen
747 1283 947 1344 edidit.

603 1386 674 1442 In
708 1379 950 1439 exordio
973 1379 1225 1457 primum
1258 1378 1524 1456 queritur
1546 1378 1801 1436 latrones
1818 1379 2133 1439 Clodianos
2166 1399 2237 1438 eo
2256 1379 2577 1458 procedere

529 1477 782 1538 audaciae
801 1519 818 1549 ,
867 1489 934 1534 ut
962 1478 1023 1534 in
1055 1493 1202 1554 quos
1241 1476 1352 1554 ipsi
1379 1476 1599 1534 nefaria
1644 1476 1707 1534 vi
1739 1478 1979 1555 grassati
2007 1477 2150 1551 sint,
2182 1497 2281 1535 eos
2312 1478 2467 1536 ultro
2505 1477 2581 1534 de

528 1577 584 1634 vi
613 1586 886 1634 accusent
904 1617 921 1646 ‚
949 1573 1296 1652 optimisque
1325 1572 1547 1631 civibus
1574 1592 1681 1651 per
1701 1573 1925 1651 judices
1950 1575 2108 1632 viros
2136 1575 2387 1652 optimos
2418 1576 2579 1652 peri-

525 1674 721 1732 culum
747 1673 1056 1744 minentur,
1085 1689 1209 1748 cap.
1227 1687 1277 1728 1.
1300 1669 1527 1728 Deinde
1554 1670 1807 1729 ostendit
1830 1691 1911 1742 se,
1924 1689 2274 1750 quamquam
2295 1691 2329 1729 a
2346 1677 2417 1745 Q.
2430 1675 2581 1730 Hor-

527 1769 712 1828 tensio
755 1785 926 1827 causa
961 1773 1023 1826 P.
1069 1767 1250 1828 Sextii
1281 1765 1401 1843 jam
1439 1780 1713 1844 perorata
1758 1769 1861 1841 sit,
1892 1765 2156 1845 nihilque
2200 1767 2274 1827 ab
2312 1787 2385 1826 eo
2432 1788 2581 1846 prae-

527 1867 848 1926 tet-missum
873 1909 890 1938 ,
921 1864 1080 1943 qnod
1121 1877 1218 1924 aut
1250 1883 1360 1943 pro
1387 1863 1689 1942 republica
1728 1865 2201 1942 conquerendum
2238 1867 2449 1936 fuerit,
2480 1879 2581 1924 aut

529 1981 638 2042 pro
683 1982 787 2020 reo
832 1961 1277 2042 disputandum,
1331 1974 1519 2020 tamen
1560 1961 1633 2020 ad
1685 1961 1991 2022 dicendum
2035 1963 2304 2042 aggredi,
2348 1983 2435 2022 ne
2476 1983 2581 2022 sua

527 2059 918 2139 propugnatio
945 2060 998 2118 ei
1028 2059 1390 2137 potissimum
1419 2058 1669 2119 defuisse
1700 2059 1983 2132 videatur,
2010 2081 2118 2139 per
2136 2081 2309 2141 quem
2337 2059 2411 2120 sit
2439 2081 2577 2139 per-

529 2159 740 2216 fectum
763 2200 780 2229 ,
825 2175 900 2216 ne
949 2157 1154 2215 ceteris
1201 2153 1426 2214 civibus
1465 2154 1690 2216 deesset
1730 2158 1924 2236 (quod
1970 2159 2090 2216 scil.
2130 2159 2191 2216 in
2228 2179 2290 2217 se
2328 2157 2579 2235 reipubl.

536 2250 894 2314 restituendo
919 2254 1199 2331 praeclara
1225 2252 1404 2312 Sextii
1434 2271 1613 2332 opera
1640 2253 2006 2333 exstitisset).
2032 2255 2149 2314 Sed
2176 2255 2449 2333 quoniam
2482 2271 2581 2311 ce-

531 2356 642 2413 teri
667 2353 1000 2412 defensores
1027 2352 1268 2428 singulis
1297 2350 1632 2411 criminibus
1658 2354 1793 2411 satis
1820 2352 2257 2430 responderint,¹
2284 2352 2492 2411 Cicero
2520 2368 2585 2409 se

536 2451 609 2509 de
633 2451 794 2507 omni
821 2460 973 2508 statu
1002 2452 1063 2505 P.
1079 2447 1260 2507 Sextii
1277 2492 1292 2520 ,
1311 2448 1384 2507 de
1411 2468 1620 2526 genere
1652 2450 1787 2506 vitae
1806 2493 1822 2521 ,
1849 2450 1923 2507 de
1946 2460 2177 2522 natura,
2205 2448 2277 2507 de
2304 2447 2582 2521 moribus,

537 2545 611 2604 de
651 2545 843 2604 studio
875 2544 1282 2603 conservandae
1324 2544 1525 2603 salutis
1565 2546 1887 2603 communis
1928 2558 2101 2623 atque
2142 2547 2245 2604 otii
2290 2544 2587 2605 dicturum

537 2662 662 2701 esse
690 2642 1020 2719 profitetur,
1051 2660 1177 2717 cap.
1210 2660 1263 2697 a.

617 2744 822 2816 Itaque
849 2738 1098 2816 primum
1129 2738 1314 2815 qualis
1343 2749 1475 2795 ante
1516 2750 1863 2815 quaesturam
1892 2738 2065 2797 suerit
2103 2737 2361 2798 breviter
2386 2752 2589 2798 osten-

540 2836 663 2909 dit,
699 2856 827 2914 cap.
862 2838 916 2895 3.
945 2837 1168 2894 Deinde
1207 2855 1338 2914 quae
1378 2837 1502 2913 ejus
1540 2836 1753 2897 fuerint
1780 2838 2080 2914 quaestoris
2101 2837 2163 2895 in
2190 2837 2590 2915 conjuratione

546 2932 877 2993 Catilinaria
909 2933 1115 2992 merita
1143 2934 1419 3011 exponit,
1444 2952 1569 3011 cap.
1598 2941 1631 3001 4
1653 2964 1678 3007 ,’
1698 2936 1767 3007 5;
1798 2934 2027 2994 tandem
2057 2936 2440 3013 praetermissa
2466 2934 2595 3011 ejus

543 3044 834 3109 quaestura
863 3030 1202 3109 provinciali
1235 3030 1308 3088 ad
1340 3028 1695 3089 tribunatum
1721 3031 1971 3105 accedit,
1996 3032 2422 3110 significatque,
2455 3032 2592 3110 quia

545 3127 641 3185 ille
674 3125 998 3185 tribunatus
1024 3126 1270 3185 maxime
1308 3146 1539 3185 causam
1564 3127 1785 3185 reditus
1814 3128 1905 3186 sui
1940 3129 2309 3203 sustinuerit,
2330 3127 2592 3206 quamvis

541 3224 660 3302 jam
691 3224 826 3282 satis
853 3222 926 3281 de
955 3240 1026 3280 eo
1057 3224 1398 3281 Hortensius
1427 3221 1639 3281 dixerit
1657 3266 1673 3295 ‚
1706 3222 1815 3281 sibi
1842 3223 1917 3281 de
1940 3224 2142 3282 iisdem
2170 3223 2376 3295 rebus,
2400 3224 2451 3281 si
2474 3242 2590 3281 non

546 3322 814 3383 subtilius
852 3320 1294 3400 disputandum,
1341 3333 1402 3378 at
1449 3334 1605 3379 certe
1647 3319 1937 3380 dolentius
1968 3320 2391 3400 deplorandum
2432 3340 2593 3391 esse,

543 3440 671 3499 cap.
701 3420 755 3476 6.

627 3523 956 3592 Antequam
985 3532 1126 3571 vero
1150 3513 1223 3571 de
1245 3514 1373 3591 ipso
1401 3514 1581 3573 Sextii
1607 3513 1901 3573 tribunatu
1931 3516 2125 3574 dicere
2158 3516 2383 3594 incipit,
2406 3528 2593 3575 totum

553 3614 868 3693 superioris
896 3615 1054 3681 anni,
1081 3612 1140 3669 h.
1176 3632 1223 3669 e.
1248 3616 1468 3672 ann.U.
1496 3614 1773 3691 695‚quo
1795 3615 2114 3673 exsulatum
2135 3613 2385 3686 abierat,
2408 3614 2597 3690 reipu-

548 3712 715 3769 blicae
741 3710 1104 3786 naufragium
1129 3710 1387 3787 exponit.
1415 3712 1841 3769 Commemorat
1870 3712 2043 3789 igitur
2064 3712 2245 3772 Clodii
2278 3708 2596 3770 traductio-

551 3828 680 3864 nem
713 3806 784 3865 ad
815 3806 1063 3885 plebem,
1091 3805 1214 3882 ejus
1241 3804 1595 3865 tribunatum
1624 3828 1743 3866 non
1767 3830 1883 3867 suae
1910 3812 2091 3869 solum
2126 3808 2316 3881 saluti,
2336 3804 2437 3864 sed
2470 3807 2597 3863 uni—

547 3926 726 3963 versae
756 3904 1093 3982 reipublicae
1127 3904 1391 3962 infestum
1416 3926 1434 3975 ;
1479 3907 1779 3965 consulum
1812 3900 2032 3967 Pisonis
2054 3925 2113 3967 et
2144 3904 2379 3965 Gabinii
2406 3903 2595 3961 Clodii

551 4002 888 4061 immanitati
916 4002 1230 4061 faventium
1251 4046 1266 4075 ,
1311 4002 1365 4059 in
1403 4022 1549 4079 quos
1579 4004 1943 4066 acerbissime
1970 4005 2299 4075 invehitur,
2346 4002 2596 4079 flagitia3
