<?xml version="1.0" encoding="UTF-8"?>
<!DOCTYPE html PUBLIC "-//W3C//DTD XHTML 1.0 Transitional//EN"
    "http://www.w3.org/TR/xhtml1/DTD/xhtml1-transitional.dtd">
<html xmlns="http://www.w3.org/1999/xhtml" xml:lang="en" lang="en">
 <head>
  <title>
</title>
<meta http-equiv="Content-Type" content="text/html;charset=utf-8" />
  <meta name='ocr-system' content='tesseract 3.04.00' />
  <meta name='ocr-capabilities' content='ocr_page ocr_carea ocr_par ocr_line ocrx_word'/>
</head>
<body>
  <div class='ocr_page' id='page_1' title='image "./mtciceronisquae08lemagoog/mtciceronisquae08lemagoog_0305.png"; bbox 0 0 2996 4694; ppageno 0'>
   <div class='ocr_carea' id='block_1_1' title="bbox 1078 393 2519 488">
    <p class='ocr_par' dir='ltr' id='par_1_1' title="bbox 1078 393 2519 488">
     <span class='ocr_line' id='line_1_1' title="bbox 1078 393 2519 488; baseline 0.001 -27"><span class='ocrx_word' id='word_1_1' title='bbox 1078 393 1831 464; x_wconf 84' lang='lat' dir='ltr'><strong>ARGUMENTUM.</strong></span> <span class='ocrx_word' id='word_1_2' title='bbox 2381 415 2519 488; x_wconf 79' lang='lat'><strong>297</strong></span> 
     </span>
    </p>
   </div>
   <div class='ocr_carea' id='block_1_2' title="bbox 458 514 2534 3498">
    <p class='ocr_par' dir='ltr' id='par_1_2' title="bbox 488 514 2521 694">
     <span class='ocr_line' id='line_1_2' title="bbox 492 514 2521 596; baseline -0.001 -19"><span class='ocrx_word' id='word_1_3' title='bbox 492 518 769 577; x_wconf 86' lang='lat' dir='ltr'><strong>Romanis</strong></span> <span class='ocrx_word' id='word_1_4' title='bbox 798 515 1161 576; x_wconf 85' lang='lat' dir='ltr'><strong>interdictum</strong></span> <span class='ocrx_word' id='word_1_5' title='bbox 1183 518 1275 592; x_wconf 92' lang='lat' dir='ltr'><strong>sit,</strong></span> <span class='ocrx_word' id='word_1_6' title='bbox 1298 539 1372 576; x_wconf 92' lang='lat' dir='ltr'><strong>ne</strong></span> <span class='ocrx_word' id='word_1_7' title='bbox 1403 539 1576 596; x_wconf 91' lang='lat' dir='ltr'><strong>quem</strong></span> <span class='ocrx_word' id='word_1_8' title='bbox 1603 517 1917 576; x_wconf 80' lang='lat' dir='ltr'><strong>adsciscere</strong></span> <span class='ocrx_word' id='word_1_9' title='bbox 1945 517 2149 591; x_wconf 83' lang='lat' dir='ltr'><strong>civem,</strong></span> <span class='ocrx_word' id='word_1_10' title='bbox 2165 530 2266 575; x_wconf 86' lang='lat' dir='ltr'><strong>aut</strong></span> <span class='ocrx_word' id='word_1_11' title='bbox 2291 514 2521 576; x_wconf 82' lang='lat' dir='ltr'><strong>civitate</strong></span> 
     </span>
     <span class='ocr_line' id='line_1_3' title="bbox 488 614 1262 694; baseline 0.001 -20"><span class='ocrx_word' id='word_1_12' title='bbox 488 614 706 675; x_wconf 81' lang='lat' dir='ltr'><strong>donare</strong></span> <span class='ocrx_word' id='word_1_13' title='bbox 736 615 983 693; x_wconf 89' lang='lat' dir='ltr'><strong>possint,</strong></span> <span class='ocrx_word' id='word_1_14' title='bbox 1020 635 1145 694; x_wconf 84' lang='lat' dir='ltr'><strong>cap.</strong></span> <span class='ocrx_word' id='word_1_15' title='bbox 1172 617 1262 675; x_wconf 81' lang='lat'><strong>13.</strong></span> 
     </span>
    </p>

    <p class='ocr_par' dir='ltr' id='par_1_3' title="bbox 470 709 2534 1754">
     <span class='ocr_line' id='line_1_4' title="bbox 568 709 2520 790; baseline -0.002 -21"><span class='ocrx_word' id='word_1_16' title='bbox 568 714 809 771; x_wconf 72' lang='lat' dir='ltr'><strong>Exstat-e</strong></span> <span class='ocrx_word' id='word_1_17' title='bbox 845 711 1078 789; x_wconf 89' lang='lat' dir='ltr'><strong>quidem</strong></span> <span class='ocrx_word' id='word_1_18' title='bbox 1118 711 1379 789; x_wconf 78' lang='lat' dir='ltr'><strong>quaedam</strong></span> <span class='ocrx_word' id='word_1_19' title='bbox 1407 711 1624 770; x_wconf 84' lang='lat' dir='ltr'><strong>foedera</strong></span> <span class='ocrx_word' id='word_1_20' title='bbox 1653 731 1785 770; x_wconf 89' lang='lat' dir='ltr'><strong>cum</strong></span> <span class='ocrx_word' id='word_1_21' title='bbox 1821 710 2053 790; x_wconf 88' lang='lat' dir='ltr'><strong>populis</strong></span> <span class='ocrx_word' id='word_1_22' title='bbox 2091 709 2412 782; x_wconf 75' lang='lat' dir='ltr'><strong>nonnulliS,</strong></span> <span class='ocrx_word' id='word_1_23' title='bbox 2461 709 2520 766; x_wconf 92' lang='lat' dir='ltr'><strong>in</strong></span> 
     </span>
     <span class='ocr_line' id='line_1_5' title="bbox 500 803 2520 884; baseline -0.001 -22"><span class='ocrx_word' id='word_1_24' title='bbox 500 804 710 882; x_wconf 83' lang='lat' dir='ltr'><strong>quibus</strong></span> <span class='ocrx_word' id='word_1_25' title='bbox 732 821 1031 884; x_wconf 83' lang='lat' dir='ltr'><strong>exceptum</strong></span> <span class='ocrx_word' id='word_1_26' title='bbox 1058 806 1132 866; x_wconf 89' lang='lat' dir='ltr'><strong>sit</strong></span> <span class='ocrx_word' id='word_1_27' title='bbox 1147 850 1165 878; x_wconf 93' lang='lat'><strong>,</strong></span> <span class='ocrx_word' id='word_1_28' title='bbox 1192 827 1267 865; x_wconf 90' lang='lat' dir='ltr'><strong>ne</strong></span> <span class='ocrx_word' id='word_1_29' title='bbox 1293 807 1423 884; x_wconf 85' lang='lat' dir='ltr'><strong>quis</strong></span> <span class='ocrx_word' id='word_1_30' title='bbox 1447 826 1650 866; x_wconf 89' lang='lat' dir='ltr'><strong>eorum</strong></span> <span class='ocrx_word' id='word_1_31' title='bbox 1679 828 1712 866; x_wconf 87' lang='lat' dir='ltr'><strong>a</strong></span> <span class='ocrx_word' id='word_1_32' title='bbox 1735 806 2008 866; x_wconf 83' lang='lat' dir='ltr'><strong>Romanis</strong></span> <span class='ocrx_word' id='word_1_33' title='bbox 2031 805 2168 864; x_wconf 86' lang='lat' dir='ltr'><strong>civis</strong></span> <span class='ocrx_word' id='word_1_34' title='bbox 2187 803 2520 883; x_wconf 81' lang='lat' dir='ltr'><strong>recipiatur.</strong></span> 
     </span>
     <span class='ocr_line' id='line_1_6' title="bbox 470 899 2526 985; baseline -0.003 -17"><span class='ocrx_word' id='word_1_35' title='bbox 470 899 789 985; x_wconf 61' lang='lat' dir='ltr'><strong>&#39;Nusquam</strong></span> <span class='ocrx_word' id='word_1_36' title='bbox 820 925 961 964; x_wconf 81' lang='lat' dir='ltr'><strong>vero</strong></span> <span class='ocrx_word' id='word_1_37' title='bbox 1002 903 1215 964; x_wconf 81' lang='lat' dir='ltr'><strong>foedere</strong></span> <span class='ocrx_word' id='word_1_38' title='bbox 1260 905 1551 964; x_wconf 86' lang='lat' dir='ltr'><strong>Gaditano</strong></span> <span class='ocrx_word' id='word_1_39' title='bbox 1588 905 1702 965; x_wconf 88' lang='lat' dir='ltr'><strong>hoc</strong></span> <span class='ocrx_word' id='word_1_40' title='bbox 1727 918 2032 984; x_wconf 84' lang='lat' dir='ltr'><strong>exceptum</strong></span> <span class='ocrx_word' id='word_1_41' title='bbox 2059 923 2216 975; x_wconf 86' lang='lat' dir='ltr'><strong>esse,</strong></span> <span class='ocrx_word' id='word_1_42' title='bbox 2245 923 2312 962; x_wconf 81' lang='lat' dir='ltr'><strong>ac</strong></span> <span class='ocrx_word' id='word_1_43' title='bbox 2339 903 2526 962; x_wconf 82' lang='lat' dir='ltr'><strong>sicubi</strong></span> 
     </span>
     <span class='ocr_line' id='line_1_7' title="bbox 491 999 2523 1077; baseline -0.002 -15"><span class='ocrx_word' id='word_1_44' title='bbox 491 1016 639 1062; x_wconf 90' lang='lat' dir='ltr'><strong>esset</strong></span> <span class='ocrx_word' id='word_1_45' title='bbox 654 1045 671 1075; x_wconf 98' lang='lat'><strong>,</strong></span> <span class='ocrx_word' id='word_1_46' title='bbox 710 1001 771 1059; x_wconf 92' lang='lat' dir='ltr'><strong>id</strong></span> <span class='ocrx_word' id='word_1_47' title='bbox 797 1019 923 1060; x_wconf 89' lang='lat' dir='ltr'><strong>esse</strong></span> <span class='ocrx_word' id='word_1_48' title='bbox 949 1000 1073 1077; x_wconf 85' lang='lat' dir='ltr'><strong>lege</strong></span> <span class='ocrx_word' id='word_1_49' title='bbox 1100 1000 1283 1058; x_wconf 84' lang='lat' dir='ltr'><strong>Gellia</strong></span> <span class='ocrx_word' id='word_1_50' title='bbox 1310 1014 1367 1060; x_wconf 88' lang='lat' dir='ltr'><strong>et</strong></span> <span class='ocrx_word' id='word_1_51' title='bbox 1395 1002 1662 1060; x_wconf 86' lang='lat' dir='ltr'><strong>Cornelia</strong></span> <span class='ocrx_word' id='word_1_52' title='bbox 1691 1000 2000 1060; x_wconf 85' lang='lat' dir='ltr'><strong>sublatum.</strong></span> <span class='ocrx_word' id='word_1_53' title='bbox 2036 1001 2109 1057; x_wconf 89' lang='lat' dir='ltr'><strong>Et</strong></span> <span class='ocrx_word' id='word_1_54' title='bbox 2133 999 2406 1077; x_wconf 88' lang='lat' dir='ltr'><strong>quoniam</strong></span> <span class='ocrx_word' id='word_1_55' title='bbox 2428 999 2523 1058; x_wconf 88' lang='lat' dir='ltr'><strong>hic</strong></span> 
     </span>
     <span class='ocr_line' id='line_1_8' title="bbox 492 1097 2525 1176; baseline -0.002 -17"><span class='ocrx_word' id='word_1_56' title='bbox 492 1113 789 1160; x_wconf 85' lang='lat' dir='ltr'><strong>accusator</strong></span> <span class='ocrx_word' id='word_1_57' title='bbox 822 1097 1048 1156; x_wconf 81' lang='lat' dir='ltr'>dixerat</span> <span class='ocrx_word' id='word_1_58' title='bbox 1069 1137 1085 1167; x_wconf 87' lang='lat'><strong>,</strong></span> <span class='ocrx_word' id='word_1_59' title='bbox 1131 1111 1435 1176; x_wconf 81' lang='lat' dir='ltr'><strong>exceptum</strong></span> <span class='ocrx_word' id='word_1_60' title='bbox 1482 1119 1606 1158; x_wconf 61' lang='lat' dir='ltr'><strong>esse</strong></span> <span class='ocrx_word' id='word_1_61' title='bbox 1647 1098 1836 1176; x_wconf 87' lang='lat' dir='ltr'><strong>siquid</strong></span> <span class='ocrx_word' id='word_1_62' title='bbox 1873 1111 2294 1157; x_wconf 81' lang='lat' dir='ltr'><strong>sacrosanctum</strong></span> <span class='ocrx_word' id='word_1_63' title='bbox 2342 1112 2494 1158; x_wconf 87' lang='lat' dir='ltr'><strong>esset</strong></span> <span class='ocrx_word' id='word_1_64' title='bbox 2509 1141 2525 1170; x_wconf 90' lang='lat'><strong>,</strong></span> 
     </span>
     <span class='ocr_line' id='line_1_9' title="bbox 493 1192 2534 1273; baseline -0.002 -17"><span class='ocrx_word' id='word_1_65' title='bbox 493 1197 695 1257; x_wconf 87' lang='lat' dir='ltr'><strong>Cicero</strong></span> <span class='ocrx_word' id='word_1_66' title='bbox 734 1207 905 1273; x_wconf 87' lang='lat' dir='ltr'><strong>negat</strong></span> <span class='ocrx_word' id='word_1_67' title='bbox 938 1192 1153 1271; x_wconf 86' lang='lat' dir='ltr'><strong>aliquid</strong></span> <span class='ocrx_word' id='word_1_68' title='bbox 1196 1193 1479 1271; x_wconf 89' lang='lat' dir='ltr'><strong>ejusmodi</strong></span> <span class='ocrx_word' id='word_1_69' title='bbox 1516 1215 1640 1254; x_wconf 89' lang='lat' dir='ltr'><strong>esse</strong></span> <span class='ocrx_word' id='word_1_70' title='bbox 1677 1206 2010 1273; x_wconf 84' lang='lat' dir='ltr'><strong>exceptum;</strong></span> <span class='ocrx_word' id='word_1_71' title='bbox 2053 1194 2116 1252; x_wconf 91' lang='lat' dir='ltr'><strong>in</strong></span> <span class='ocrx_word' id='word_1_72' title='bbox 2153 1193 2364 1252; x_wconf 85' lang='lat' dir='ltr'><strong>soedere</strong></span> <span class='ocrx_word' id='word_1_73' title='bbox 2397 1213 2534 1267; x_wconf 71' lang='lat' dir='ltr'><strong>curn</strong></span> 
     </span>
     <span class='ocr_line' id='line_1_10' title="bbox 492 1288 2531 1368; baseline -0.001 -19"><span class='ocrx_word' id='word_1_74' title='bbox 492 1290 789 1349; x_wconf 80' lang='lat' dir='ltr'><strong>Gaditanis</strong></span> <span class='ocrx_word' id='word_1_75' title='bbox 811 1288 954 1348; x_wconf 88' lang='lat' dir='ltr'><strong>nihil</strong></span> <span class='ocrx_word' id='word_1_76' title='bbox 978 1309 1100 1348; x_wconf 88' lang='lat' dir='ltr'><strong>esse</strong></span> <span class='ocrx_word' id='word_1_77' title='bbox 1121 1303 1353 1348; x_wconf 90' lang='lat' dir='ltr'><strong>cautum</strong></span> <span class='ocrx_word' id='word_1_78' title='bbox 1379 1303 1592 1368; x_wconf 87' lang='lat' dir='ltr'><strong>praeter</strong></span> <span class='ocrx_word' id='word_1_79' title='bbox 1615 1309 1812 1368; x_wconf 81' lang='lat' dir='ltr'><strong>pacem</strong></span> <span class='ocrx_word' id='word_1_80' title='bbox 1829 1333 1846 1362; x_wconf 94' lang='lat'><strong>,</strong></span> <span class='ocrx_word' id='word_1_81' title='bbox 1874 1288 2131 1348; x_wconf 86' lang='lat' dir='ltr'><strong>additum</strong></span> <span class='ocrx_word' id='word_1_82' title='bbox 2156 1290 2328 1349; x_wconf 85' lang='lat' dir='ltr'><strong>etiam</strong></span> <span class='ocrx_word' id='word_1_83' title='bbox 2355 1289 2496 1349; x_wconf 89' lang='lat' dir='ltr'><strong>illud</strong></span> <span class='ocrx_word' id='word_1_84' title='bbox 2513 1333 2531 1360; x_wconf 93' lang='lat'><strong>,</strong></span> 
     </span>
     <span class='ocr_line' id='line_1_11' title="bbox 497 1385 2533 1464; baseline 0 -20"><span class='ocrx_word' id='word_1_85' title='bbox 497 1399 564 1446; x_wconf 88' lang='lat' dir='ltr'><strong>ut</strong></span> <span class='ocrx_word' id='word_1_86' title='bbox 583 1385 935 1463; x_wconf 75' lang='lat' dir='ltr'><strong>majestatem</strong></span> <span class='ocrx_word' id='word_1_87' title='bbox 955 1385 1039 1444; x_wconf 90' lang='lat' dir='ltr'><strong>illi</strong></span> <span class='ocrx_word' id='word_1_88' title='bbox 1062 1388 1267 1464; x_wconf 89' lang='lat' dir='ltr'><strong>populi</strong></span> <span class='ocrx_word' id='word_1_89' title='bbox 1294 1387 1516 1445; x_wconf 85' lang='lat' dir='ltr'><strong>romani</strong></span> <span class='ocrx_word' id='word_1_90' title='bbox 1541 1389 1884 1446; x_wconf 81' lang='lat' dir='ltr'><strong>conservare</strong></span> <span class='ocrx_word' id='word_1_91' title='bbox 1905 1385 2213 1459; x_wconf 85' lang='lat' dir='ltr'><strong>deberent,</strong></span> <span class='ocrx_word' id='word_1_92' title='bbox 2227 1407 2356 1464; x_wconf 79' lang='lat' dir='ltr'><strong>quae</strong></span> <span class='ocrx_word' id='word_1_93' title='bbox 2377 1399 2533 1446; x_wconf 85' lang='lat' dir='ltr'><strong>certe</strong></span> 
     </span>
     <span class='ocr_line' id='line_1_12' title="bbox 492 1482 2529 1561; baseline 0 -20"><span class='ocrx_word' id='word_1_94' title='bbox 492 1485 877 1554; x_wconf 86' lang='lat' dir='ltr'><strong>minueretur,</strong></span> <span class='ocrx_word' id='word_1_95' title='bbox 910 1484 959 1542; x_wconf 89' lang='lat' dir='ltr'><strong>si</strong></span> <span class='ocrx_word' id='word_1_96' title='bbox 995 1496 1095 1541; x_wconf 80' lang='lat' dir='ltr'><strong>aut</strong></span> <span class='ocrx_word' id='word_1_97' title='bbox 1120 1483 1485 1561; x_wconf 82' lang='lat' dir='ltr'><strong>adjutoribus</strong></span> <span class='ocrx_word' id='word_1_98' title='bbox 1509 1484 1742 1544; x_wconf 85' lang='lat' dir='ltr'><strong>illorum</strong></span> <span class='ocrx_word' id='word_1_99' title='bbox 1770 1483 1994 1542; x_wconf 83' lang='lat' dir='ltr'><strong>civibus</strong></span> <span class='ocrx_word' id='word_1_100' title='bbox 2025 1484 2085 1541; x_wconf 92' lang='lat' dir='ltr'><strong>in</strong></span> <span class='ocrx_word' id='word_1_101' title='bbox 2113 1482 2280 1543; x_wconf 89' lang='lat' dir='ltr'><strong>bellis</strong></span> <span class='ocrx_word' id='word_1_102' title='bbox 2303 1484 2386 1542; x_wconf 90' lang='lat' dir='ltr'><strong>uti</strong></span> <span class='ocrx_word' id='word_1_103' title='bbox 2408 1488 2529 1543; x_wconf 76' lang='lat' dir='ltr'><strong>lto-</strong></span> 
     </span>
     <span class='ocr_line' id='line_1_13' title="bbox 494 1580 2530 1660; baseline -0 -21"><span class='ocrx_word' id='word_1_104' title='bbox 494 1582 675 1639; x_wconf 86' lang='lat' dir='ltr'><strong>manis</strong></span> <span class='ocrx_word' id='word_1_105' title='bbox 700 1600 817 1638; x_wconf 90' lang='lat' dir='ltr'><strong>non</strong></span> <span class='ocrx_word' id='word_1_106' title='bbox 842 1581 1073 1650; x_wconf 85' lang='lat' dir='ltr'><strong>liceret,</strong></span> <span class='ocrx_word' id='word_1_107' title='bbox 1106 1593 1206 1638; x_wconf 87' lang='lat' dir='ltr'><strong>aut</strong></span> <span class='ocrx_word' id='word_1_108' title='bbox 1234 1580 1296 1640; x_wconf 87' lang='lat' dir='ltr'><strong>hi</strong></span> <span class='ocrx_word' id='word_1_109' title='bbox 1324 1581 1546 1660; x_wconf 84' lang='lat' dir='ltr'><strong>praemii</strong></span> <span class='ocrx_word' id='word_1_110' title='bbox 1567 1581 1680 1640; x_wconf 86' lang='lat' dir='ltr'><strong>illis</strong></span> <span class='ocrx_word' id='word_1_111' title='bbox 1707 1580 1998 1640; x_wconf 88' lang='lat' dir='ltr'><strong>tribuendi</strong></span> <span class='ocrx_word' id='word_1_112' title='bbox 2026 1593 2367 1659; x_wconf 86' lang='lat' dir='ltr'><strong>potestatem</strong></span> <span class='ocrx_word' id='word_1_113' title='bbox 2395 1581 2530 1639; x_wconf 89' lang='lat' dir='ltr'><strong>nul-</strong></span> 
     </span>
     <span class='ocr_line' id='line_1_14' title="bbox 492 1676 1323 1754; baseline 0 -20"><span class='ocrx_word' id='word_1_114' title='bbox 492 1677 604 1736; x_wconf 84' lang='lat' dir='ltr'><strong>lam</strong></span> <span class='ocrx_word' id='word_1_115' title='bbox 627 1676 939 1749; x_wconf 87' lang='lat' dir='ltr'><strong>haberent,</strong></span> <span class='ocrx_word' id='word_1_116' title='bbox 968 1695 1096 1754; x_wconf 86' lang='lat' dir='ltr'><strong>cap.</strong></span> <span class='ocrx_word' id='word_1_117' title='bbox 1128 1679 1323 1745; x_wconf 74' lang='lat'><strong>14-16.</strong></span> 
     </span>
    </p>

    <p class='ocr_par' dir='ltr' id='par_1_4' title="bbox 492 1773 2533 2238">
     <span class='ocr_line' id='line_1_15' title="bbox 568 1773 2533 1852; baseline -0.001 -20"><span class='ocrx_word' id='word_1_118' title='bbox 568 1779 853 1832; x_wconf 83' lang='lat' dir='ltr'><strong>Praeterea</strong></span> <span class='ocrx_word' id='word_1_119' title='bbox 888 1773 1045 1852; x_wconf 89' lang='lat' dir='ltr'><strong>ipsos</strong></span> <span class='ocrx_word' id='word_1_120' title='bbox 1088 1773 1404 1833; x_wconf 84' lang='lat' dir='ltr'><strong>Gaditanos</strong></span> <span class='ocrx_word' id='word_1_121' title='bbox 1422 1815 1441 1844; x_wconf 90' lang='lat'><strong>,</strong></span> <span class='ocrx_word' id='word_1_122' title='bbox 1477 1773 1766 1832; x_wconf 84' lang='lat' dir='ltr'><strong>civitatem</strong></span> <span class='ocrx_word' id='word_1_123' title='bbox 1807 1773 1984 1832; x_wconf 84' lang='lat' dir='ltr'>Balbo</span> <span class='ocrx_word' id='word_1_124' title='bbox 2022 1773 2212 1833; x_wconf 87' lang='lat' dir='ltr'><strong>datam</strong></span> <span class='ocrx_word' id='word_1_125' title='bbox 2239 1775 2533 1832; x_wconf 84' lang='lat' dir='ltr'><strong>voluntate</strong></span> 
     </span>
     <span class='ocr_line' id='line_1_16' title="bbox 492 1868 2531 1956; baseline -0.001 -28"><span class='ocrx_word' id='word_1_126' title='bbox 492 1889 625 1942; x_wconf 88' lang='lat' dir='ltr'><strong>sua,</strong></span> <span class='ocrx_word' id='word_1_127' title='bbox 654 1870 995 1928; x_wconf 85' lang='lat' dir='ltr'><strong>auctoritate</strong></span> <span class='ocrx_word' id='word_1_128' title='bbox 1015 1911 1031 1936; x_wconf 93' lang='lat'><strong>,</strong></span> <span class='ocrx_word' id='word_1_129' title='bbox 1051 1868 1335 1956; x_wconf 79' lang='lat' dir='ltr'><strong>legatione</strong></span> <span class='ocrx_word' id='word_1_130' title='bbox 1358 1869 1483 1947; x_wconf 88' lang='lat' dir='ltr'><strong>ipsa</strong></span> <span class='ocrx_word' id='word_1_131' title='bbox 1511 1868 1928 1947; x_wconf 88' lang='lat' dir='ltr'><strong>comprobare;</strong></span> <span class='ocrx_word' id='word_1_132' title='bbox 1961 1868 2157 1927; x_wconf 85' lang='lat' dir='ltr'><strong>adesse</strong></span> <span class='ocrx_word' id='word_1_133' title='bbox 2184 1870 2336 1927; x_wconf 89' lang='lat' dir='ltr'><strong>enim</strong></span> <span class='ocrx_word' id='word_1_134' title='bbox 2363 1869 2531 1946; x_wconf 86' lang='lat' dir='ltr'><strong>prin-</strong></span> 
     </span>
     <span class='ocr_line' id='line_1_17' title="bbox 492 1964 2532 2044; baseline 0 -20"><span class='ocrx_word' id='word_1_135' title='bbox 492 1967 651 2044; x_wconf 81' lang='lat' dir='ltr'><strong>cipes</strong></span> <span class='ocrx_word' id='word_1_136' title='bbox 677 1985 915 2037; x_wconf 85' lang='lat' dir='ltr'><strong>eorum,</strong></span> <span class='ocrx_word' id='word_1_137' title='bbox 945 1967 1046 2043; x_wconf 89' lang='lat' dir='ltr'><strong>qui</strong></span> <span class='ocrx_word' id='word_1_138' title='bbox 1082 1964 1326 2025; x_wconf 84' lang='lat' dir='ltr'><strong>Balbum</strong></span> <span class='ocrx_word' id='word_1_139' title='bbox 1362 1985 1558 2024; x_wconf 87' lang='lat' dir='ltr'><strong>amore</strong></span> <span class='ocrx_word' id='word_1_140' title='bbox 1590 1979 1654 2024; x_wconf 90' lang='lat' dir='ltr'><strong>ut</strong></span> <span class='ocrx_word' id='word_1_141' title='bbox 1677 1985 1844 2025; x_wconf 88' lang='lat' dir='ltr'><strong>suum</strong></span> <span class='ocrx_word' id='word_1_142' title='bbox 1867 1967 2053 2024; x_wconf 86' lang='lat' dir='ltr'><strong>civem</strong></span> <span class='ocrx_word' id='word_1_143' title='bbox 2072 2008 2091 2037; x_wconf 91' lang='lat'><strong>,</strong></span> <span class='ocrx_word' id='word_1_144' title='bbox 2116 1965 2443 2024; x_wconf 85' lang='lat' dir='ltr'><strong>testimonio</strong></span> <span class='ocrx_word' id='word_1_145' title='bbox 2468 1979 2532 2024; x_wconf 90' lang='lat' dir='ltr'><strong>ut</strong></span> 
     </span>
     <span class='ocr_line' id='line_1_18' title="bbox 493 2062 2530 2142; baseline -0.002 -19"><span class='ocrx_word' id='word_1_146' title='bbox 493 2068 855 2135; x_wconf 82' lang='lat' dir='ltr'><strong>Romanum,</strong></span> <span class='ocrx_word' id='word_1_147' title='bbox 896 2064 1090 2122; x_wconf 87' lang='lat' dir='ltr'><strong>officio</strong></span> <span class='ocrx_word' id='word_1_148' title='bbox 1115 2077 1183 2121; x_wconf 88' lang='lat' dir='ltr'><strong>ut</strong></span> <span class='ocrx_word' id='word_1_149' title='bbox 1208 2062 1526 2142; x_wconf 86' lang='lat' dir='ltr'><strong>hospitem,</strong></span> <span class='ocrx_word' id='word_1_150' title='bbox 1566 2063 1757 2121; x_wconf 88' lang='lat' dir='ltr'><strong>studio</strong></span> <span class='ocrx_word' id='word_1_151' title='bbox 1785 2075 1850 2120; x_wconf 87' lang='lat' dir='ltr'><strong>ut</strong></span> <span class='ocrx_word' id='word_1_152' title='bbox 1879 2062 2238 2121; x_wconf 84' lang='lat' dir='ltr'><strong>defensorem</strong></span> <span class='ocrx_word' id='word_1_153' title='bbox 2273 2081 2530 2120; x_wconf 91' lang='lat' dir='ltr'><strong>commo-</strong></span> 
     </span>
     <span class='ocr_line' id='line_1_19' title="bbox 493 2159 1713 2238; baseline -0.002 -19"><span class='ocrx_word' id='word_1_154' title='bbox 493 2160 701 2219; x_wconf 85' lang='lat' dir='ltr'><strong>dorum</strong></span> <span class='ocrx_word' id='word_1_155' title='bbox 728 2180 963 2220; x_wconf 84' lang='lat' dir='ltr'><strong>suorum</strong></span> <span class='ocrx_word' id='word_1_156' title='bbox 990 2159 1328 2232; x_wconf 84' lang='lat' dir='ltr'><strong>defendant,</strong></span> <span class='ocrx_word' id='word_1_157' title='bbox 1358 2179 1483 2238; x_wconf 88' lang='lat' dir='ltr'><strong>cap.</strong></span> <span class='ocrx_word' id='word_1_158' title='bbox 1515 2178 1713 2237; x_wconf 86' lang='lat'>17-19.</span> 
     </span>
    </p>

    <p class='ocr_par' dir='ltr' id='par_1_5' title="bbox 485 2255 2534 2623">
     <span class='ocr_line' id='line_1_20' title="bbox 570 2255 2530 2338; baseline -0.003 -19"><span class='ocrx_word' id='word_1_159' title='bbox 570 2259 835 2338; x_wconf 89' lang='lat' dir='ltr'><strong>Denique</strong></span> <span class='ocrx_word' id='word_1_160' title='bbox 864 2259 1170 2318; x_wconf 79' lang='lat' dir='ltr'><strong>foederatos</strong></span> <span class='ocrx_word' id='word_1_161' title='bbox 1198 2259 1427 2317; x_wconf 83' lang='lat' dir='ltr'><strong>civitate</strong></span> <span class='ocrx_word' id='word_1_162' title='bbox 1455 2258 1701 2317; x_wconf 86' lang='lat' dir='ltr'><strong>donatos</strong></span> <span class='ocrx_word' id='word_1_163' title='bbox 1730 2277 1851 2317; x_wconf 84' lang='lat' dir='ltr'><strong>esse</strong></span> <span class='ocrx_word' id='word_1_164' title='bbox 1879 2255 2294 2335; x_wconf 81' lang='lat' dir='ltr'><strong>comprobatur</strong></span> <span class='ocrx_word' id='word_1_165' title='bbox 2327 2269 2530 2314; x_wconf 89' lang='lat' dir='ltr'><strong>aucto—</strong></span> 
     </span>
     <span class='ocr_line' id='line_1_21' title="bbox 492 2352 2534 2436; baseline -0.003 -20"><span class='ocrx_word' id='word_1_166' title='bbox 492 2357 757 2417; x_wconf 82' lang='lat' dir='ltr'><strong>ritatibus</strong></span> <span class='ocrx_word' id='word_1_167' title='bbox 784 2357 1193 2436; x_wconf 85' lang='lat' dir='ltr'><strong>imperatorum</strong></span> <span class='ocrx_word' id='word_1_168' title='bbox 1215 2400 1231 2429; x_wconf 91' lang='lat'>‚</span> <span class='ocrx_word' id='word_1_169' title='bbox 1262 2355 1452 2415; x_wconf 83' lang='lat' dir='ltr'><strong>bellici</strong></span> <span class='ocrx_word' id='word_1_170' title='bbox 1482 2356 1632 2434; x_wconf 83' lang='lat' dir='ltr'><strong>juris</strong></span> <span class='ocrx_word' id='word_1_171' title='bbox 1656 2355 2166 2435; x_wconf 85' lang='lat' dir='ltr'><strong>peritissimorum(</strong></span> <span class='ocrx_word' id='word_1_172' title='bbox 2175 2376 2298 2434; x_wconf 89' lang='lat' dir='ltr'><strong>cap.</strong></span> <span class='ocrx_word' id='word_1_173' title='bbox 2325 2352 2534 2432; x_wconf 73' lang='lat'><em>20-22)</em></span> 
     </span>
     <span class='ocr_line' id='line_1_22' title="bbox 485 2452 2529 2533; baseline -0.003 -19"><span class='ocrx_word' id='word_1_174' title='bbox 485 2454 745 2532; x_wconf 87' lang='lat' dir='ltr'><strong>judicum</strong></span> <span class='ocrx_word' id='word_1_175' title='bbox 773 2454 1067 2513; x_wconf 86' lang='lat' dir='ltr'><strong>sententiis</strong></span> <span class='ocrx_word' id='word_1_176' title='bbox 1088 2494 1109 2522; x_wconf 92' lang='lat'>‚</span> <span class='ocrx_word' id='word_1_177' title='bbox 1139 2467 1197 2511; x_wconf 85' lang='lat' dir='ltr'><strong>et</strong></span> <span class='ocrx_word' id='word_1_178' title='bbox 1232 2454 1435 2533; x_wconf 90' lang='lat' dir='ltr'><strong>populi</strong></span> <span class='ocrx_word' id='word_1_179' title='bbox 1478 2454 1704 2511; x_wconf 86' lang='lat' dir='ltr'><strong>romani</strong></span> <span class='ocrx_word' id='word_1_180' title='bbox 1743 2473 1811 2511; x_wconf 83' lang='lat' dir='ltr'><strong>ac</strong></span> <span class='ocrx_word' id='word_1_181' title='bbox 1853 2465 2082 2512; x_wconf 87' lang='lat' dir='ltr'><strong>senatus</strong></span> <span class='ocrx_word' id='word_1_182' title='bbox 2097 2452 2331 2531; x_wconf 86' lang='lat' dir='ltr'><strong>judiciis</strong></span> <span class='ocrx_word' id='word_1_183' title='bbox 2348 2494 2366 2525; x_wconf 86' lang='lat'><strong>,</strong></span> <span class='ocrx_word' id='word_1_184' title='bbox 2401 2470 2529 2529; x_wconf 90' lang='lat' dir='ltr'><strong>cap.</strong></span> 
     </span>
     <span class='ocr_line' id='line_1_23' title="bbox 492 2552 1724 2623; baseline -0.002 -14"><span class='ocrx_word' id='word_1_185' title='bbox 492 2552 568 2609; x_wconf 76' lang='lat'><strong>23</strong></span> <span class='ocrx_word' id='word_1_186' title='bbox 586 2595 605 2623; x_wconf 91' lang='lat'><strong>,</strong></span> <span class='ocrx_word' id='word_1_187' title='bbox 654 2558 747 2619; x_wconf 74' lang='lat'><strong>24.</strong></span> <span class='ocrx_word' id='word_1_188' title='bbox 1713 2554 1724 2563; x_wconf 86' lang='lat'>&#39;</span> 
     </span>
    </p>

    <p class='ocr_par' dir='ltr' id='par_1_6' title="bbox 490 2644 2534 3306">
     <span class='ocr_line' id='line_1_24' title="bbox 568 2644 2530 2725; baseline -0.001 -19"><span class='ocrx_word' id='word_1_189' title='bbox 568 2652 721 2706; x_wconf 89' lang='lat' dir='ltr'><strong>Tum</strong></span> <span class='ocrx_word' id='word_1_190' title='bbox 756 2647 1009 2707; x_wconf 82' lang='lat' dir='ltr'><strong>breviter</strong></span> <span class='ocrx_word' id='word_1_191' title='bbox 1040 2646 1281 2713; x_wconf 80' lang='lat' dir='ltr'><strong>leviores</strong></span> <span class='ocrx_word' id='word_1_192' title='bbox 1309 2648 1586 2725; x_wconf 88' lang='lat' dir='ltr'><strong>quasdam</strong></span> <span class='ocrx_word' id='word_1_193' title='bbox 1613 2646 2088 2725; x_wconf 78' lang='lat' dir='ltr'><strong>reprehensiones</strong></span> <span class='ocrx_word' id='word_1_194' title='bbox 2121 2646 2298 2724; x_wconf 83' lang='lat' dir='ltr'><strong>tangit</strong></span> <span class='ocrx_word' id='word_1_195' title='bbox 2331 2644 2406 2704; x_wconf 88' lang='lat' dir='ltr'><strong>ab</strong></span> <span class='ocrx_word' id='word_1_196' title='bbox 2433 2646 2530 2704; x_wconf 86' lang='lat' dir='ltr'><strong>in·-</strong></span> 
     </span>
     <span class='ocr_line' id='line_1_25' title="bbox 492 2742 2533 2828; baseline 0 -27"><span class='ocrx_word' id='word_1_197' title='bbox 492 2742 649 2803; x_wconf 82' lang='lat' dir='ltr'><strong>vidia</strong></span> <span class='ocrx_word' id='word_1_198' title='bbox 672 2756 732 2802; x_wconf 88' lang='lat' dir='ltr'><strong>et</strong></span> <span class='ocrx_word' id='word_1_199' title='bbox 758 2744 1146 2803; x_wconf 79' lang='lat' dir='ltr'><strong>malivolentia</strong></span> <span class='ocrx_word' id='word_1_200' title='bbox 1173 2744 1490 2822; x_wconf 78' lang='lat' dir='ltr'><strong>profectas3</strong></span> <span class='ocrx_word' id='word_1_201' title='bbox 1519 2742 1802 2821; x_wconf 88' lang='lat' dir='ltr'><strong>objectam</strong></span> <span class='ocrx_word' id='word_1_202' title='bbox 1830 2745 1984 2802; x_wconf 91' lang='lat' dir='ltr'><strong>enim</strong></span> <span class='ocrx_word' id='word_1_203' title='bbox 2007 2762 2129 2802; x_wconf 90' lang='lat' dir='ltr'><strong>esse</strong></span> <span class='ocrx_word' id='word_1_204' title='bbox 2151 2743 2328 2828; x_wconf 85' lang='lat' dir='ltr'><strong>Balbo</strong></span> <span class='ocrx_word' id='word_1_205' title='bbox 2355 2762 2533 2821; x_wconf 87' lang='lat' dir='ltr'><strong>pecu-</strong></span> 
     </span>
     <span class='ocr_line' id='line_1_26' title="bbox 494 2839 2534 2918; baseline 0 -21"><span class='ocrx_word' id='word_1_206' title='bbox 494 2840 681 2914; x_wconf 86' lang='lat' dir='ltr'><strong>niam,</strong></span> <span class='ocrx_word' id='word_1_207' title='bbox 718 2842 1001 2900; x_wconf 80' lang='lat' dir='ltr'><strong>luxuriam</strong></span> <span class='ocrx_word' id='word_1_208' title='bbox 1022 2884 1037 2913; x_wconf 94' lang='lat'><strong>,</strong></span> <span class='ocrx_word' id='word_1_209' title='bbox 1078 2842 1463 2899; x_wconf 86' lang='lat' dir='ltr'><strong>Tusculanum</strong></span> <span class='ocrx_word' id='word_1_210' title='bbox 1485 2884 1503 2914; x_wconf 91' lang='lat'><strong>,</strong></span> <span class='ocrx_word' id='word_1_211' title='bbox 1537 2840 1755 2899; x_wconf 81' lang='lat' dir='ltr'><strong>tribum</strong></span> <span class='ocrx_word' id='word_1_212' title='bbox 1795 2840 2248 2913; x_wconf 72' lang='lat' dir='ltr'><strong>Crustuminum,</strong></span> <span class='ocrx_word' id='word_1_213' title='bbox 2285 2839 2534 2918; x_wconf 89' lang='lat' dir='ltr'><strong>denique</strong></span> 
     </span>
     <span class='ocr_line' id='line_1_27' title="bbox 492 2935 2533 3017; baseline -0.001 -21"><span class='ocrx_word' id='word_1_214' title='bbox 492 2936 837 3016; x_wconf 78' lang='lat' dir='ltr'><strong>Theophani</strong></span> <span class='ocrx_word' id='word_1_215' title='bbox 868 2938 1268 3017; x_wconf 81' lang='lat' dir='ltr'><strong>adoptionem,</strong></span> <span class='ocrx_word' id='word_1_216' title='bbox 1300 2958 1425 3016; x_wconf 85' lang='lat' dir='ltr'><strong>cap.</strong></span> <span class='ocrx_word' id='word_1_217' title='bbox 1458 2940 1552 2997; x_wconf 73' lang='lat'><strong>25.</strong></span> <span class='ocrx_word' id='word_1_218' title='bbox 1598 2944 1762 2999; x_wconf 87' lang='lat' dir='ltr'><strong>Hanc</strong></span> <span class='ocrx_word' id='word_1_219' title='bbox 1807 2952 1996 2995; x_wconf 83' lang='lat' dir='ltr'><strong>autem</strong></span> <span class='ocrx_word' id='word_1_220' title='bbox 2037 2935 2311 2994; x_wconf 85' lang='lat' dir='ltr'><strong>invidiam</strong></span> <span class='ocrx_word' id='word_1_221' title='bbox 2355 2938 2533 3015; x_wconf 82' lang='lat' dir='ltr'><strong>magis</strong></span> 
     </span>
     <span class='ocr_line' id='line_1_28' title="bbox 492 3032 2530 3113; baseline -0.001 -20"><span class='ocrx_word' id='word_1_222' title='bbox 492 3033 567 3093; x_wconf 85' lang='lat' dir='ltr'><strong>ad</strong></span> <span class='ocrx_word' id='word_1_223' title='bbox 596 3032 761 3093; x_wconf 87' lang='lat' dir='ltr'><strong>Balbi</strong></span> <span class='ocrx_word' id='word_1_224' title='bbox 786 3034 999 3094; x_wconf 87' lang='lat' dir='ltr'><strong>amicos</strong></span> <span class='ocrx_word' id='word_1_225' title='bbox 1020 3048 1077 3093; x_wconf 91' lang='lat' dir='ltr'><strong>et</strong></span> <span class='ocrx_word' id='word_1_226' title='bbox 1104 3036 1355 3093; x_wconf 78' lang='lat' dir='ltr'><strong>fautores</strong></span> <span class='ocrx_word' id='word_1_227' title='bbox 1372 3078 1387 3107; x_wconf 95' lang='lat'><strong>,</strong></span> <span class='ocrx_word' id='word_1_228' title='bbox 1414 3035 1680 3113; x_wconf 89' lang='lat' dir='ltr'><strong>inprimis</strong></span> <span class='ocrx_word' id='word_1_229' title='bbox 1709 3033 1780 3092; x_wconf 88' lang='lat' dir='ltr'><strong>ad</strong></span> <span class='ocrx_word' id='word_1_230' title='bbox 1812 3034 2148 3111; x_wconf 88' lang='lat' dir='ltr'><strong>Pompeium</strong></span> <span class='ocrx_word' id='word_1_231' title='bbox 2170 3046 2227 3091; x_wconf 91' lang='lat' dir='ltr'><strong>et</strong></span> <span class='ocrx_word' id='word_1_232' title='bbox 2253 3036 2530 3091; x_wconf 85' lang='lat' dir='ltr'><strong>Caesarem</strong></span> 
     </span>
     <span class='ocr_line' id='line_1_29' title="bbox 490 3129 2530 3209; baseline -0.001 -20"><span class='ocrx_word' id='word_1_233' title='bbox 490 3131 807 3209; x_wconf 81' lang='lat' dir='ltr'><strong>pertinere3</strong></span> <span class='ocrx_word' id='word_1_234' title='bbox 836 3150 1084 3208; x_wconf 89' lang='lat' dir='ltr'><strong>quorum</strong></span> <span class='ocrx_word' id='word_1_235' title='bbox 1114 3131 1365 3190; x_wconf 89' lang='lat' dir='ltr'><strong>amicitia</strong></span> <span class='ocrx_word' id='word_1_236' title='bbox 1392 3130 1574 3190; x_wconf 89' lang='lat' dir='ltr'><strong>Balbo</strong></span> <span class='ocrx_word' id='word_1_237' title='bbox 1603 3142 1938 3188; x_wconf 86' lang='lat' dir='ltr'><strong>ornamento</strong></span> <span class='ocrx_word' id='word_1_238' title='bbox 1961 3129 2155 3206; x_wconf 85' lang='lat' dir='ltr'><strong>potius</strong></span> <span class='ocrx_word' id='word_1_239' title='bbox 2182 3147 2353 3207; x_wconf 90' lang='lat' dir='ltr'><strong>quam</strong></span> <span class='ocrx_word' id='word_1_240' title='bbox 2378 3129 2530 3187; x_wconf 85' lang='lat' dir='ltr'><strong>cala-</strong></span> 
     </span>
     <span class='ocr_line' id='line_1_30' title="bbox 492 3225 1508 3306; baseline -0.001 -22"><span class='ocrx_word' id='word_1_241' title='bbox 492 3226 677 3285; x_wconf 86' lang='lat' dir='ltr'><strong>mitati</strong></span> <span class='ocrx_word' id='word_1_242' title='bbox 702 3246 824 3285; x_wconf 88' lang='lat' dir='ltr'><strong>esse</strong></span> <span class='ocrx_word' id='word_1_243' title='bbox 851 3225 1090 3298; x_wconf 89' lang='lat' dir='ltr'><strong>debeat,</strong></span> <span class='ocrx_word' id='word_1_244' title='bbox 1118 3247 1243 3306; x_wconf 81' lang='lat' dir='ltr'><strong>cap.</strong></span> <span class='ocrx_word' id='word_1_245' title='bbox 1276 3228 1379 3297; x_wconf 81' lang='lat'><strong>26,</strong></span> <span class='ocrx_word' id='word_1_246' title='bbox 1413 3246 1508 3299; x_wconf 77' lang='lat'><strong>²7·</strong></span> 
     </span>
    </p>

    <p class='ocr_par' dir='ltr' id='par_1_7' title="bbox 458 3319 2528 3498">
     <span class='ocr_line' id='line_1_31' title="bbox 458 3319 2528 3405; baseline -0.001 -24"><span class='ocrx_word' id='word_1_247' title='bbox 458 3402 463 3405; x_wconf 21' lang='grc' dir='ltr'>Ι</span> <span class='ocrx_word' id='word_1_248' title='bbox 577 3328 873 3382; x_wconf 87' lang='lat' dir='ltr'><strong>Postremo</strong></span> <span class='ocrx_word' id='word_1_249' title='bbox 903 3322 1161 3381; x_wconf 87' lang='lat' dir='ltr'><strong>breviter</strong></span> <span class='ocrx_word' id='word_1_250' title='bbox 1196 3323 1453 3401; x_wconf 89' lang='lat' dir='ltr'><strong>repetitis</strong></span> <span class='ocrx_word' id='word_1_251' title='bbox 1481 3320 1832 3399; x_wconf 84' lang='lat' dir='ltr'><strong>argumentis</strong></span> <span class='ocrx_word' id='word_1_252' title='bbox 1859 3319 2022 3381; x_wconf 86' lang='lat' dir='ltr'><strong>Balbi</strong></span> <span class='ocrx_word' id='word_1_253' title='bbox 2059 3340 2287 3380; x_wconf 86' lang='lat' dir='ltr'><strong>causam</strong></span> <span class='ocrx_word' id='word_1_254' title='bbox 2323 3320 2528 3380; x_wconf 87' lang='lat' dir='ltr'><strong>huma·</strong></span> 
     </span>
     <span class='ocr_line' id='line_1_32' title="bbox 494 3417 1620 3498; baseline 0 -23"><span class='ocrx_word' id='word_1_255' title='bbox 494 3417 655 3477; x_wconf 87' lang='lat' dir='ltr'><strong>nitati</strong></span> <span class='ocrx_word' id='word_1_256' title='bbox 674 3419 933 3497; x_wconf 85' lang='lat' dir='ltr'><strong>judicum</strong></span> <span class='ocrx_word' id='word_1_257' title='bbox 958 3420 1345 3492; x_wconf 83' lang='lat' dir='ltr'><strong>commendat,</strong></span> <span class='ocrx_word' id='word_1_258' title='bbox 1372 3440 1498 3498; x_wconf 89' lang='lat' dir='ltr'><strong>cap.</strong></span> <span class='ocrx_word' id='word_1_259' title='bbox 1526 3419 1620 3476; x_wconf 79' lang='lat'><strong>28.</strong></span> 
     </span>
    </p>
   </div>
  </div>
 </body>
</html>
