2996 4694
820 369 1204 438 ORATIO
1252 369 1454 438 PRO
1501 367 1576 434 P.
1629 367 2038 440 SEXTIO.
2401 371 2491 446 33

358 491 708 579 fuissent3
751 491 1027 562 venisse
1074 503 1363 588 tempus
1402 491 1527 578 iis,
1574 490 1701 587 qui
1755 492 1830 560 in
1885 492 2142 565 timore
2193 491 2492 571 fiiissent

359 585 831 700 (conjuratos
863 599 1195 672 videlicet
1226 599 1600 694 dicebat),
1632 600 2026 674 ulciscendi
2056 629 2152 677 se.
2179 609 2249 678 Si
2282 608 2494 682 dixis-

360 727 473 785 set
529 713 671 784 hoc
725 711 994 799 solum,
1040 713 1245 806 omni
1300 710 1659 810 supplicio
1711 725 1898 782 esset
1955 712 2216 810 dignus
2253 742 2490 789 :nam

360 823 597 894 oratio
648 826 804 921 ipsa
859 820 1175 893 consulis
1224 821 1628 919 perniciosa
1681 834 1919 918 potest
1969 823 2492 922 rempublicam

362 931 813 1006 labefactare.
869 929 1066 1022 Quid
1122 928 1406 1020 fecerit,
1471 929 1728 1003 videte.
1787 935 1864 1002 L.
1921 935 2276 1023 Lamiam,
2328 941 2492 1034 qui,

367 1067 599 1141 quum
630 1067 751 1116 me
795 1043 1031 1141 ipsum
1080 1065 1217 1140 pro
1248 1065 1528 1113 summa
1560 1038 2031 1115 familiaritate
2057 1099 2076 1132 ,
2119 1069 2280 1141 quae
2315 1047 2497 1120 mihi

366 1177 537 1225 cum
588 1151 851 1240 fratre,
903 1176 1071 1225 cum
1119 1167 1327 1250 patre
1384 1151 1542 1246 ejus
1591 1166 1782 1238 erat,
1837 1153 2048 1225 unice
2111 1154 2452 1256 diligebat
2477 1213 2496 1246 ,

364 1278 522 1336 tum
558 1289 693 1362 pro
730 1262 1097 1362 republica
1132 1263 1251 1336 vel
1292 1277 1604 1334 mortem
1643 1277 1986 1360 oppetere
2023 1265 2390 1364 cupiebat,
2420 1269 2493 1339 in

362 1375 717 1446 concione
780 1375 1169 1480 relegavit3
1228 1372 1632 1471 edixitque,
1690 1387 1774 1443 ut
1827 1371 1918 1445 ab
1971 1373 2155 1447 urbe
2217 1377 2498 1450 abesset

356 1483 585 1555 millia
617 1508 961 1583 passuum
1004 1483 1349 1569 ducenta,
1394 1481 1597 1580 quod
1635 1499 1823 1556 esset
1855 1508 2072 1555 ausus
2113 1497 2293 1584 pro'7
2333 1489 2496 1577 civi,

356 1617 496 1691 pro
534 1592 725 1666 bene
766 1593 1027 1666 merito
1063 1593 1241 1680 civi,
1275 1616 1413 1690 pro
1450 1595 1684 1664 amico
1705 1646 1725 1681 ‚
1779 1617 1914 1691 pro
1963 1595 2334 1693 republica
2375 1598 2494 1672 de·

356 1705 663 1800 precari.

452 1816 644 1884 XIII.
720 1813 915 1906 Quid
973 1813 1115 1885 hoc
1171 1811 1471 1886 homine
1532 1810 1839 1885 facias¹?
1887 1830 2010 1886 aut
2058 1841 2208 1912 quo
2259 1820 2488 1890 civem

352 1921 857 2020 importunum
881 1935 937 2012 ²,
974 1938 1099 1994 aut
1128 1949 1280 2020 quo
1308 1924 1550 2021 potius
1583 1923 1866 1996 hostem
1895 1939 2040 1996 tam
2070 1926 2492 2000 sceleratum

246 2039 259 2052 ‘
350 2034 717 2105 reserves?
767 2035 941 2131 qui,
984 2049 1069 2106 ut
1112 2037 1437 2108 omittam
1490 2047 1726 2106 cetera
1751 2089 1772 2118 ‚
1821 2059 1982 2132 quae
2019 2037 2191 2110 sunt
2223 2039 2290 2110 ei
2326 2063 2492 2112 cum
2595 2103 2608 2113 .

345 2143 617 2241 collega
651 2145 950 2215 immani
994 2146 1433 2242 impuroque
1477 2144 1868 2238 conjuncta
1916 2160 2135 2241 atque
2173 2172 2491 2220 commu-

347 2253 467 2324 nia
488 2307 509 2342 ‚
576 2254 722 2326 hoc
789 2279 1017 2326 unum
1086 2253 1306 2327 habet
1366 2254 1746 2355 proprium
1769 2307 1788 2338 ‚
1862 2269 1943 2324 ut
1998 2255 2356 2353 expulerit
2403 2283 2492 2330 ex

346 2362 531 2437 urbe
561 2421 580 2454 ,
638 2367 1008 2463 relegarit,
1056 2392 1208 2438 non
1264 2366 1428 2438 dico
1487 2365 1806 2462 equitem
1860 2388 2278 2449 romanum,
2337 2394 2492 2441 non

343 2480 885 2549 ornatissimum
912 2490 919 2495 ’
943 2492 1163 2574 atque
1216 2477 1574 2575 optimum
1624 2477 1896 2559 virum,
1949 2498 2102 2545 non
2151 2478 2490 2548 amicissi-

343 2610 551 2655 mum
600 2583 1021 2683 reipublicae
1073 2587 1343 2674 civem,
1391 2611 1542 2656 non
1593 2585 1716 2654 illo
1766 2584 1926 2682 ipso
1973 2598 2301 2683 tempore
2345 2612 2490 2661 una

340 2718 511 2765 cum
548 2710 839 2784 senatu,
875 2710 947 2765 et
979 2719 1147 2766 cum
1184 2694 1399 2766 bonis
1431 2694 1804 2781 omnibus»,
1842 2718 2086 2766 casum
2115 2698 2326 2768 amici
2354 2704 2489 2771 rei·

340 2830 487 2902 que
523 2805 836 2903 publicae
872 2806 1284 2903 lugentem;
1314 2805 1441 2879 sed
1468 2807 1697 2877 civem
1734 2830 2116 2877 romanum
2146 2810 2299 2878 sine
2331 2810 2485 2881 ullo

333 2913 656 3011 judicio,
711 2930 838 2987 aut
893 2915 1169 3002 edict0‚
1222 2940 1307 2986 ex
1357 2918 1587 3015 patria
1637 2916 1891 2987 consul
1933 2916 2246 3011 ejecerit.
2285 2920 2487 2990 Nihil

343 3026 673 3099 acerbius
710 3028 885 3099 socii
923 3027 1160 3097 Latini
1198 3024 1383 3098 ferre
1412 3026 1602 3097 soliti
1628 3040 1838 3113 sunt,
1879 3050 2097 3122 quam
2122 3080 2143 3113 ‚
2176 3026 2248 3095 id
2282 3028 2484 3123 quod

344 3159 643 3234 perraro
690 3135 955 3209 accidit
972 3133 1031 3225 ³,
1076 3160 1166 3208 ex
1202 3134 1387 3207 urbe
1439 3137 1636 3208 exire
1676 3160 1717 3206 a
1761 3134 2182 3206 consulibus
2212 3134 2479 3229 juberi.

416 3319 464 3363 7.
520 3304 617 3350 Pro
642 3299 753 3351 εἰνὶ.
794 3300 899 3350 θίνῐ
922 3301 1043 3366 legit
1062 3300 1363 3360 Priscianus,
1454 3302 1615 3366 primo
1637 3300 1958 3350 accusationis
1978 3314 1992 3349 :
2012 3321 2038 3341 α
2055 3299 2189 3363 Quid
2213 3299 2310 3349 hoc
2325 3302 2480 3353 homi.

342 3380 432 3430 lib.
450 3382 579 3442 vn,
610 3392 663 3429 et
686 3396 780 3445 pro
804 3380 1038 3431 Plancio:
1076 3402 1103 3423 α
1122 3380 1258 3444 Quid
1290 3380 1367 3429 di·
1453 3398 1518 3429 ne
1550 3382 1770 3431 faciatis?
1802 3391 1888 3430 ant
1923 3396 2070 3444 quam
2105 3380 2171 3428 ad
2206 3396 2341 3446 opem
2382 3393 2477 3432 tam

338 3478 449 3510 m
468 3462 529 3511 de
553 3463 637 3511 tali
661 3462 785 3524 civi,
810 3474 861 3512 et
882 3464 1027 3511 viro?
1043 3483 1066 3505 ι
1092 3463 1155 3510 Et
1174 3461 1262 3511 lib.
1294 3464 1367 3509 IV
1452 3460 1798 3527 perfidiosum,
1819 3472 1918 3515 tam
1943 3460 2278 3525 importunum
2299 3463 2476 3513 animal

337 3542 393 3590 in
410 3544 609 3591 Verrem
632 3557 645 3593 ε
671 3565 699 3585 κ
716 3542 867 3606 Quod
888 3541 1082 3591 Siculus
1106 3558 1135 3588 a
1162 3540 1263 3589 ciri
1282 3556 1362 3589 ro-
1452 3542 1738 3591 reaervetis?
1755 3562 1779 3583 ι

337 3636 487 3669 nno
520 3644 566 3669 a.
598 3621 820 3671 Ibidem:
858 3644 885 3665 ιι
902 3620 1056 3685 Quod
1090 3621 1213 3669 civis
1247 3636 1361 3669 cum
1521 3636 1571 3669 a.
1627 3622 1982 3683 Impar-cunum.
2036 3618 2298 3669 Crudelem
2317 3656 2334 3682 ‚
2388 3625 2474 3685 qui

336 3700 433 3748 civi
448 3712 615 3764 ageret
625 3722 666 3747 n.
1445 3700 1598 3748 instar
1615 3700 1812 3764 tyranni
1833 3710 1920 3748 aut
1937 3699 2138 3747 huonis
2156 3698 2384 3749 omnibns
2399 3712 2473 3748 eut

404 3780 555 3827 1111.
586 3793 633 3829 1.
670 3778 806 3843 Quid
826 3778 917 3827 hoc
939 3775 1359 3853 hominefacias?
1445 3778 1667 3828 infestus.

332 3857 551 3923 Antiqua
597 3858 835 3918 loeutio‚‘
860 3858 981 3907 haio
1026 3868 1197 3907 nostro
1242 3858 1357 3905 sati·
1517 3859 1568 3907 3.
1619 3857 1688 3905 Id
1727 3856 1865 3921 quod
1889 3872 2097 3920 perraro
2143 3854 2339 3904 accidie.
2387 3857 2468 3905 Bis

333 3938 537 3987 unitata:
556 3954 705 4001 quan
724 3949 777 3986 et
800 3954 829 3985 a
852 3938 1053 3986 comicia
1076 3947 1357 4001 usurpatam
1446 3935 1648 3983 omnino
1689 3950 1704 3984 :
1751 3935 1962 3999 primum
1978 3968 1993 3992 ,
2043 3934 2207 3983 edicto
2265 3936 2466 3985 Proculi

332 4017 605 4067 inveni-un
640 4032 657 4067 τ
713 4016 964 4067 mundis-i
1014 4016 1213 4067 videtur
1258 4013 1321 4065 de
1334 4032 1356 4072 ,-
1442 4014 1656 4079 virginii
1691 4014 1931 4074 conanus,
1957 4029 2108 4078 quum
2135 4014 2219 4076 Sp.
2247 4014 2466 4065 ennium

330 4094 445 4145 huie
467 4106 629 4144 antem
654 4096 770 4145 loco
791 4096 1065 4145 simillimus
1093 4107 1169 4146 ent
1188 4095 1272 4145 mo
1294 4112 1357 4145 ex
1442 4094 1762 4144 vincentum
1795 4092 2032 4159 collegam
2069 4090 2270 4140 haberet
2284 4128 2301 4153 ‚
2333 4110 2466 4145 anno

476 4185 567 4253 v.
620 4200 715 4251 Οἷα.
730 4215 850 4267 pars
872 4200 1097 4253 munda.
2233 4178 2276 4249 3
