2996 4694
803 364 1183 437 ORATIO
1232 370 1348 441 IN
1397 375 1477 441 L.
1525 378 1600 444 C.
1657 380 2156 453 PISONEM.
2407 388 2546 461 353

408 508 709 555 romano
749 484 1009 575 factus,
1036 514 1187 560 nou
1218 493 1351 564 iste
1378 498 1560 568 Piso.
1597 504 1913 574 Praetura
1941 506 2111 577 item
2149 510 2546 605 majoribus

407 594 637 667 delata
678 612 785 667 est
822 600 963 668 tuis
1001 624 1016 667 ε
1066 603 1221 672 noti
1260 620 1466 676 eraut
1496 609 1600 678 illi
1643 614 1944 697 mortui3
1977 631 2048 687 te
2083 620 2324 690 vivum
2365 648 2548 694 non-

404 704 581 777 dum
620 700 1362 809 noveratquisquam.
1397 718 1517 788 Me
1561 744 1789 816 quum
1821 741 2252 820 quaestorem
2289 731 2362 800 in
2403 737 2546 829 pri-

404 820 578 904 mis,
637 818 912 890 aedilem
970 822 1285 919 priorem
1310 832 1401 913 ¹²,
1446 845 1829 925 praetorem
1891 836 2204 933 primum
2266 847 2544 915 cunctis

404 925 759 1024 suffragiis
803 930 1125 1029 populus
1168 936 1858 1014 romanusfaciebat
1889 970 1904 1015 :
1940 945 2220 1018 homini
2247 950 2367 1022 ille
2410 954 2542 1025 ho-

403 1061 689 1128 norem,
726 1064 878 1109 non
918 1046 1205 1137 generi;
1248 1047 1624 1139 moribus,-
1683 1078 1833 1125 non
1884 1058 2282 1152 majoribus
2327 1067 2541 1150 meis;

400 1150 643 1220 virtuti
674 1168 1091 1249 perspectae,
1109 1179 1254 1225 non
1274 1156 1533 1230 auditae
1553 1162 1915 1236 nobilitati
1944 1166 2338 1241 deferebat.
2355 1176 2538 1247 Nam

399 1260 577 1355 quid
606 1286 739 1358 ego
777 1260 866 1332 de
901 1264 1281 1337 consulatu
1320 1267 1628 1366 loquar?
1661 1290 1868 1371 parto
1901 1280 2042 1364 vi5‚
2082 1305 2268 1352 anne
2288 1288 2540 1382 gesto?

394 1371 736 1442 Miserum
770 1370 917 1444 me!
944 1398 1109 1445 cum
1140 1374 1273 1448 hac
1307 1404 1422 1451 me
1452 1406 1649 1455 nunc
1681 1401 1879 1481 peste
1911 1403 2131 1485 atque
2171 1390 2330 1464 labe
2359 1419 2538 1467 cou-

393 1476 589 1551 fero?
617 1482 741 1567 sed
774 1484 953 1555 nihil
978 1488 1448 1585 comparandi
1466 1516 1677 1565 causa
1707 1494 1996 1595 loquar:
2022 1516 2339 1576 attamen
2353 1516 2370 1549 ¹
2385 1502 2413 1549 3
2430 1532 2538 1595 ea,

393 1613 553 1685 quae
591 1606 764 1662 sunt
801 1592 1716 1693 longissime-disjuncta¹4,
1751 1610 2407 1707 comprehendam.'
2431 1622 2542 1689 Tu

391 1701 643 1773 consul
686 1728 759 1773 es
793 1699 1325 1779 renuntiatus¹⁵
1358 1710 1588 1805 (nihil
1619 1714 1849 1787 dicam
1886 1722 2170 1815 gravius
2197 1720 2280 1811 ¹⁶,
2317 1750 2536 1823 quam

388 1812 591 1908 quod
626 1836 879 1885 omnes
915 1813 1311 1915 fatentur),
1346 1820 1710 1920 impeditis
1746 1828 2160 1925 reipublicae
2192 1840 2538 1933 tempori·

386 1918 561 2005 buS,
582 1920 1098 1995 dissidentibus
1127 1928 1551 2003 consulibus
1577 1938 1848 2006 Caesare
1883 1953 1953 2007 et
1980 1939 2277 2031 Bibulo,
2303 1971 2532 2043 quum

387 2028 531 2101 hoc
566 2056 715 2101 non
746 2056 1149 2124 recusareS,
1180 2042 1360 2135 quin
1394 2042 1481 2127 ii,
1510 2066 1549 2113 a
1575 2044 1848 2140 quibus
1876 2048 2208 2123 dicebare
2243 2058 2495 2127 consul
2515 2114 2534 2145 ,

387 2153 459 2209 te
512 2140 675 2212 luce
732 2140 1036 2240 dignum
1092 2165 1245 2216 non
1295 2164 1678 2245 putarent,
1729 2156 1868 2223 uisi
1913 2161 2268 2253 nequior,
2313 2187 2532 2257 quam

386 2248 775 2339 Gabinius,
809 2256 1216 2327 exstitisses.
1253 2260 1373 2330 Me
1412 2270 1672 2357 cuncta
1707 2262 1902 2335 Italia
1926 2320 1946 2354 ,
1983 2288 2096 2337 me
2131 2291 2385 2341 omnes
2423 2295 2533 2343 or-

384 2357 629 2450 dineS,
670 2387 785 2440 me
832 2365 1165 2437 universa
1221 2369 1469 2448 civitas
1509 2396 1662 2442 non
1716 2377 1916 2472 prius
1955 2376 2218 2450 tabella
2245 2435 2266 2470 ,
2309 2407 2530 2479 quam

384 2494 604 2559 voce,
646 2475 965 2569 priorem
1009 2476 1383 2548 consulem
1432 2480 1842 2556 declaravit.

477 2585 569 2654 11.
613 2581 755 2654 Sed
796 2586 1095 2671 omitt0‚
1139 2602 1219 2658 ut
1263 2591 1353 2660 sit
1391 2588 1621 2667 factus
1671 2609 1976 2695 uterque
2023 2615 2379 2675 nostrum.
2426 2607 2528 2678 Sit

378 2717 551 2762 sane
606 2697 780 2766 Fors
832 2695 1127 2766 domina
1164 2703 1423 2798 campi.
1470 2705 2051 2800 Magnificentius
2093 2725 2204 2780 est
2243 2711 2528 2804 dicere,

379 2802 990 2898 quemadmodum
1019 2812 1447 2904 gesserimus
1464 2814 1924 2886 consulatum
1943 2870 1960 2904 ,
1987 2841 2203 2915 quam
2227 2876 2246 2908 ,
2275 2847 2525 2920 quem·

376 2911 771 2986 admodum
807 2917 1237 3014 ceperimus.

468 3027 621 3120 Ego
655 3023 981 3098 kalendis
1009 3026 1157 3121 jan.
1196 3045 1565 3122 senatum,
1605 3047 1678 3104 et
1713 3031 1952 3105 bonos
1996 3059 2292 3125 omnes»,
2339 3039 2516 3138 legis

454 3240 533 3273 η.
556 3225 765 3298 AEde'lem
784 3227 1024 3294 priorem.
1056 3229 1237 3279 AEcli‘les
1262 3248 1403 3279 euru-

372 3301 443 3351 lea
463 3315 650 3354 tantum
670 3320 821 3357 erant.
840 3309 1018 3358 Cicero
1038 3327 1151 3358 cum
1170 3311 1397 3360 Caesonio

374 3396 561 3431 creatus
602 3395 687 3432 est.
724 3387 865 3435 Prior
902 3388 944 3436 is
972 3387 1225 3436 dicebatur
1252 3405 1397 3454 quem

370 3462 589 3527 populus
616 3465 857 3528 suffragii·
880 3468 1094 3532 priorem
1123 3468 1351 3531 elegerat.

448 3543 528 3590 13.
560 3545 789 3590 Attamen
832 3545 913 3593 Al.
935 3563 997 3592 ac
1014 3557 1196 3596 tame-n.

448 3629 527 3678 ¹4·
556 3623 680 3687 Quoe
696 3616 813 3670 suni
825 3625 1107 3690 longissime
1128 3624 1393 3692 disjuncta.

367 3699 479 3749 Hoc
528 3701 805 3765 discrepant
858 3705 1013 3752 nostri
1078 3705 1393 3768 consulatus,

366 3781 501 3844 quod
524 3781 697 3846 plenus
716 3784 779 3830 sit
804 3798 937 3830 meus
966 3783 1202 3846 dignitate
1223 3797 1272 3834 et
1293 3787 1393 3832 vir·

368 3859 587 3918 tutibus3
616 3871 725 3908 tuus
754 3861 951 3908 infamia
978 3873 1027 3909 et
1049 3859 1261 3926 flagitiis.

442 3941 522 3987 15.
554 3941 623 3986 Tu
666 3940 839 3987 coteste!
869 3957 921 3988 es
963 3941 1285 3991 renunciatus.
1312 3943 1391 3990 Tu

364 4015 535 4066 eomul
553 4035 603 4066 es
628 4017 897 4068 declaratus
926 4034 1046 4067 voee
1071 4023 1315 4084 preconis
1340 4029 1391 4068 et

365 4095 611 4157 consulis,
636 4115 787 4163 quum
813 4098 965 4148 libera
996 4115 1103 4146 nou
1137 4109 1258 4146 esset
1290 4116 1390 4148 res-

514 4188 597 4254 γ.
654 4204 741 4246 Ca'c.
767 4219 879 4263 pars
910 4203 1126 4248 reu-emole«.

1489 3223 1685 3289 publica
1717 3226 1766 3272 in
1807 3226 2018 3275 serendIs
2053 3229 2326 3294 suffragiis,
2363 3247 2514 3296 quum

1486 3303 1592 3352 Jul.
1613 3293 1780 3353 Caesar
1818 3317 1865 3354 et
1899 3307 1972 3354 M.
2001 3305 2203 3356 Bibulus
2229 3307 2359 3358 illius
2393 3315 2510 3361 anni

1486 3383 1712 3432 consules
1750 3385 1874 3433 adeo
1913 3385 2232 3445 dissiderent,
2271 3401 2325 3438 ut
2355 3393 2510 3441 nullas

1482 3463 1688 3511 Bibulus
1706 3480 1731 3511 a
1763 3465 1948 3514 casare
1975 3465 2103 3529 leges
2129 3467 2239 3514 ferri
2269 3479 2513 3533 pateretur

1486 3540 1547 3589 de
1566 3543 1688 3591 caelo
1705 3560 1902 3592 servans
1921 3555 1968 3592 et
1987 3545 2284 3595 obnuntians
2305 3563 2319 3596 z
2350 3549 2510 3599 Caesar

1483 3637 1602 3669 vero
1625 3621 1851 3670 Bibulum
1871 3641 1897 3670 e
1919 3624 2029 3671 soro
2049 3624 2262 3688 ejecerit,
2279 3627 2510 3694 solusque

1482 3699 1850 3764 quodammodo
1876 3703 2221 3751 administrarit
2249 3722 2400 3772 remp.

1561 3783 1638 3828 16.
1663 3781 1802 3829 Nihil
1816 3782 1974 3829 dicam
1990 3783 2208 3847 gravius.
2229 3785 2380 3845 Caret
2400 3787 2512 3836 Ca·

1480 3860 1598 3906 saris
1625 3871 1672 3906 et
1700 3861 1920 3924 Pompeii
1944 3861 2267 3910 offensionem
2282 3899 2298 3923 ,
2318 3863 2405 3926 qui
2425 3867 2504 3912 Pi-

1478 3953 1648 3986 sonem
1685 3951 1732 3986 et
1774 3939 2036 3986 Gabinium
2072 3941 2173 3988 suis
2211 3942 2503 3992 factionibus

1476 4018 1541 4067 ad
1578 4019 1886 4068 consulatum
1923 4032 2252 4086 provexerant
2275 4055 2290 4080 ,
2324 4039 2500 4072 eonsu-

1476 4097 1668 4164 lemque
1690 4098 1992 4159 adjuveram.

2119 4187 2210 4255 23
