2996 4694
634 402 921 471 ORAT.
972 400 1098 470 DE
1143 400 1448 469 PROV.
1502 400 2321 472 CONSULARIBUS.
2424 398 2565 471 285

440 546 604 619 erga
641 524 838 594 hunc
873 520 1204 593 ordinem
1239 519 1651 619 repudiaro.
1700 525 1880 594 Nam
1918 535 2003 592 ut
2036 526 2115 593 C.
2150 521 2381 593 Julius
2406 528 2567 593 om*

441 630 658 703 nibus
704 656 748 702 a
799 644 1054 703 senatu
1099 630 1376 703 eximiis
1413 654 1496 702 ac
1532 633 1745 701 novis
1790 628 2011 703 rebus
2056 646 2391 719 ornatus,
2436 656 2571 729 per

437 764 696 811 manus
720 748 784 783 ¹⁰
817 738 1004 812 hanc
1041 740 1485 837 provinciam
1522 739 1761 811 tradat
1795 741 1898 827 ei,
1948 740 2066 811 cui
2104 741 2403 813 minime
2437 764 2569 817 vos

438 849 708 938 velitis3
750 874 879 948 per
923 848 1515 947 quem'ordinem
1556 852 1709 945 ipse
1742 849 2251 948 amplissimam
2286 852 2379 921 sit
2412 849 2571 947 glo-

437 962 618 1030 riam
671 974 1199 1057 consequutu5‚
1261 962 1327 1031 ei
1389 984 1484 1031 ne
1543 958 1953 1031 libertatem
2010 959 2305 1057 quidem
2350 960 2567 1033 relin-

437 1084 651 1165 quat,
696 1069 956 1141 adduci
1011 1068 1104 1140 ad
1156 1069 1679 1167 suspicandum
1728 1069 1933 1141 nullo
1976 1070 2198 1143 modo
2248 1094 2567 1169 possum.

437 1182 854 1265 Postremo,
913 1202 1065 1275 quo
1115 1180 1427 1275 quisque
1477 1180 1719 1250 animo
1767 1176 2061 1251 futurus
2106 1183 2233 1269 sit,
2284 1183 2567 1255 nescio:

435 1286 616 1385 quid
675 1313 960 1389 sperem
984 1342 1004 1377 ‚
1063 1287 1301 1359 video.
1367 1292 1709 1361 Praestare
1764 1288 1905 1361 hoc
1953 1306 2241 1363 senator
2296 1291 2571 1381 debe0,

435 1414 792 1495 quantum
843 1422 1178 1497 possum,
1235 1423 1330 1470 ne
1383 1400 1553 1497 quis
1601 1401 1713 1471 vir
1768 1399 2041 1488 clarus,
2092 1416 2219 1473 aut
2266 1417 2571 1501 potens,

436 1508 608 1581 huic
651 1508 892 1581 ordini
931 1509 1094 1604 jure
1137 1509 1346 1580 irasci
1381 1532 1596 1607 posse
1628 1508 1978 1581 videatur.
2017 1514 2256 1607 Atque
2288 1510 2469 1599 hoc,
2511 1512 2572 1583 si

435 1618 970 1689 inimicissimus
1019 1642 1252 1689 essem
1297 1622 1374 1691 C.
1421 1620 1673 1689 Caesari
1696 1674 1716 1708 ‚
1754 1621 2095 1691 sentirem
2139 1633 2383 1693 tamen
2424 1624 2569 1693 rei-

435 1725 743 1825 publicae
785 1751 1019 1799 causa.

530 1840 752 1907 XVII.
811 1834 954 1907 Sed
996 1860 1152 1907 non
1192 1835 1511 1907 alienum
1547 1860 1701 1909 esse
1750 1836 2089 1925 arbitror,
2129 1864 2279 1935 quo
2328 1841 2571 1913 minus

436 1970 624 2042 saepe
651 1960 774 2015 aut
796 1943 1216 2042 interpeller
1237 1969 1280 2015 a
1304 1946 1710 2035 nonnulliS‚
1732 1963 1861 2019 aut
1884 1948 2298 2019 tacitorum¹
2332 1950 2567 2021 existi-

437 2056 753 2125 matione
807 2053 1323 2152 reprehendar,
1375 2055 1733 2152 explicare
1780 2054 2133 2146 breviter,
2174 2083 2339 2155 quae
2392 2060 2571 2131 mihi

435 2168 526 2233 sit
557 2164 742 2236 ratio
762 2218 781 2253 ‚
821 2178 894 2234 et
928 2186 1138 2235 causa
1175 2186 1341 2234 cum
1373 2167 1667 2235 Caesare.
1706 2168 1809 2237 Ac
1839 2168 2153 2263 primum
2184 2167 2363 2240 illud
2394 2184 2572 2242 tem·

435 2298 574 2372 pus
626 2272 1122 2345 familiaritatis
1181 2287 1256 2343 et
1313 2272 1901 2366 consuetudinis,
1959 2301 2119 2373 quae
2176 2276 2355 2350 mihi
2403 2302 2568 2353 cum

431 2383 594 2472 illo,
639 2409 804 2483 quae
851 2382 1054 2456 fratri
1095 2407 1264 2455 meo
1281 2394 1338 2472 ²,
1385 2407 1549 2479 quae
1592 2386 1665 2453 C.
1708 2383 2084 2474 Varroni³‚
2124 2389 2569 2461 consobrino

431 2511 725 2582 nostro,
769 2493 863 2566 ab
908 2495 1234 2565 omnium
1281 2507 1612 2564 nostrum
1661 2492 2141 2568 adolescentia
2176 2494 2344 2584 fuit,
2384 2521 2567 2595 prae-

427 2609 776 2678 termino,
827 2607 1301 2702 Posteaquam
1353 2628 1519 2674 sum
1570 2605 1861 2701 penitus
1911 2609 1989 2678 in
2040 2607 2567 2706 rempublicam

431 2721 823 2814 ingressus,
879 2719 979 2787 ita
1037 2714 1336 2787 dissensi
1404 2711 1496 2786 ab
1559 2714 1728 2804 ino,
1788 2731 1909 2804 ut,
1960 2718 2037 2787 in
2083 2716 2590 2815 disjunctione·

431 2829 798 2900 sententiae
815 2881 834 2911 ‚
863 2827 1028 2921 conj
1039 2827 1236 2897 uncti
1263 2839 1503 2896 tamen
1540 2824 1849 2896 amicitia
1876 2850 2353 2900 maneremus·
2376 2833 2566 2900 Con-

431 2939 542 3010 sul
579 2939 698 3009 ille
735 2939 883 3035 egit
915 2962 1031 3008 eas
1066 2941 1250 3025 res4,
1290 2957 1599 3034 quarum
1640 2961 1758 3007 me
1785 2939 2209 3035 participem
2252 2963 2405 3010 esse
2436 2963 2564 3010 vo·

503 3117 585 3150 ιο.
605 3099 1121 3152 Parmam-Videtur
1135 3097 1446 3163 provoebium
1532 3101 1609 3148 Do
1644 3098 1789 3146 claris
1822 3098 2113 3147 Oratoribus
2158 3099 2263 3160 ejus
2306 3101 2553 3162 meminit,

429 3179 676 3240 redolere,
701 3191 760 3228 ut
779 3181 832 3226 in
859 3178 1064 3244 epistola
1087 3177 1154 3226 ad
1177 3177 1446 3226 Qum:
1533 3186 1583 3224 et
1600 3175 1659 3224 iu
1677 3175 1895 3225 Verrem.
1924 3177 2021 3224 Sed
2044 3193 2147 3226 non
2174 3189 2232 3224 ut
2256 3176 2480 3227 docti-im
2506 3191 2557 3230 et

427 3260 652 3308 «Totum
672 3259 884 3323 denique
895 3258 1144 3307 hominem
1167 3255 1260 3306 tibi
1277 3255 1448 3314 trado,
1516 3255 1761 3319 ingenio,
1802 3256 1873 3304 ita
1910 3253 2129 3304 moribus
2162 3256 2261 3304 fuit
2290 3257 2556 3320 probatus,

429 3337 496 3385 do
513 3352 689 3396 manu,
724 3348 782 3386 ut
811 3337 977 3396 aiunt,
1013 3337 1068 3385 in
1091 3351 1288 3386 manum
1313 3345 1448 3383 tuam
1534 3343 1591 3382 ut
1618 3346 1783 3382 narrat
1805 3332 2025 3382 Valeriu-
2057 3333 2145 3383 lib.
2176 3329 2332 3394 vm,
2363 3348 2471 3402 cap.
2498 3355 2553 3390 a.

425 3419 568 3466 istam
583 3426 630 3464 et
647 3416 871 3476 victorin,
887 3428 938 3467 ot
950 3415 1052 3467 fide
1071 3425 1382 3482 praeeuntem
1399 3436 1442 3464 ι.
1533 3415 1701 3476 Quum
1723 3423 1839 3478 pont
1858 3411 2077 3460 curulem
2104 3412 2382 3464 aedilitatem
2404 3415 2559 3477 judex

498 3497 664 3544 xvn.
699 3511 745 3544 ι.
773 3499 886 3546 Ηοο
919 3498 976 3546 in
1009 3497 1256 3562 pleri-quo
1289 3493 1444 3544 codd.
1534 3491 1817 3557 qui-aionis
1859 3501 2017 3551 estet,
2054 3503 2275 3542 mortum
2308 3507 2400 3546 eat.
2441 3497 2559 3546 Nou

426 3577 530 3624 ouis
559 3576 852 3624 invenerunt
885 3577 1082 3626 Gruter.
1117 3589 1172 3626 et
1201 3575 1440 3626 Gravius.
1532 3571 1615 3620 ille
1634 3571 1947 3637 accipiendus
1962 3582 2037 3620 est
2054 3587 2170 3620 cum
2187 3573 2418 3623 Terentio
2434 3577 2558 3624 Var-

425 3655 556 3704 olim
595 3666 698 3704 erat
735 3655 789 3702 in
827 3653 944 3704 edd.
986 3655 1236 3705 mullis
1271 3652 1445 3706 tacita.
1530 3667 1667 3711 rone,
1694 3667 1841 3716 quem
1861 3649 2195 3713 Quintilium·
2220 3656 2555 3718 Romanorum

425 3739 474 3786 J.
493 3738 558 3784 V.
586 3737 640 3782 1..
1532 3730 1865 3782 docti-nimum
1882 3731 2170 3782 nominavit.
2190 3732 2279 3781 Ille
2290 3743 2395 3782 erat
2406 3731 2553 3782 etiam

499 3829 550 3862 α.
599 3812 766 3861 Fratri
801 3827 925 3861 meo.
964 3811 1152 3875 Quinto
1187 3811 1442 3872 Ciceroni,
1530 3827 1643 3860 cum
1683 3810 1921 3860 Cicerone
1964 3811 2389 3872 conjunctis-imu-
2410 3843 2426 3869 ,
2471 3810 2557 3858 cui

423 3895 514 3958 qui
547 3909 674 3941 unu·
703 3908 732 3940 e
763 3891 934 3956 legatia
964 3890 1166 3940 cauri·
1197 3891 1250 3940 iu
1287 3891 1442 3942 Gallia
1530 3899 1773 3954 cupa-stes
1810 3889 1919 3938 fuit.
1960 3889 2409 3955 Pmscriptionibus
2447 3903 2555 3936 ere·

423 3973 678 4036 provincia
703 3971 886 4020 aderat.
1538 3981 1681 4034 ptus,
1712 3969 1777 4018 ad
1802 3980 1999 4018 ceum
2022 3985 2181 4019 mou
2207 3969 2329 4016 vixit
2358 3978 2408 4016 et
2430 3968 2555 4016 ocri-

495 4052 546 4097 ³.
575 4051 632 4098 C.
660 4049 891 4098 Varmm'.
914 4049 1020 4098 Cic.
1047 4047 1102 4094 in
1119 4049 1261 4096 Brut.
1281 4063 1328 4096 c.
1355 4048 1444 4108 76,
1537 4049 1653 4115 psit.

421 4120 588 4172 1⁸²&ss
597 4123 926 4172 &varmum
937 4117 1442 4183 ⁸uu⁸¹²1²⁸¹01³3⁸¹qm·
1610 4137 1661 4186 4.
1704 4127 1885 4178 Consul
1912 4127 1997 4178 ille
2026 4127 2127 4193 egit
2154 4141 2239 4176 eas
2262 4141 2358 4174 res.
2394 4127 2555 4178 Cesar
