<?xml version="1.0" encoding="UTF-8"?>
<!DOCTYPE html PUBLIC "-//W3C//DTD XHTML 1.0 Transitional//EN"
    "http://www.w3.org/TR/xhtml1/DTD/xhtml1-transitional.dtd">
<html xmlns="http://www.w3.org/1999/xhtml" xml:lang="en" lang="en">
 <head>
  <title>
</title>
<meta http-equiv="Content-Type" content="text/html;charset=utf-8" />
  <meta name='ocr-system' content='tesseract 3.04.00' />
  <meta name='ocr-capabilities' content='ocr_page ocr_carea ocr_par ocr_line ocrx_word'/>
</head>
<body>
  <div class='ocr_page' id='page_1' title='image "./mtciceronisquae08lemagoog/mtciceronisquae08lemagoog_0317.png"; bbox 0 0 2996 4694; ppageno 0'>
   <div class='ocr_carea' id='block_1_1' title="bbox 870 400 2595 498">
    <p class='ocr_par' dir='ltr' id='par_1_1' title="bbox 870 400 2595 498">
     <span class='ocr_line' id='line_1_1' title="bbox 870 400 2595 498; baseline -0.001 -25"><span class='ocrx_word' id='word_1_1' title='bbox 870 404 1258 473; x_wconf 66' lang='lat' dir='ltr'><strong>omino</strong></span> <span class='ocrx_word' id='word_1_2' title='bbox 1307 405 1514 473; x_wconf 70' lang='lat' dir='ltr'><strong>pao</strong></span> <span class='ocrx_word' id='word_1_3' title='bbox 1564 406 1643 472; x_wconf 87' lang='lat' dir='ltr'><strong>L.</strong></span> <span class='ocrx_word' id='word_1_4' title='bbox 1689 406 1768 473; x_wconf 85' lang='lat' dir='ltr'><strong>c.</strong></span> <span class='ocrx_word' id='word_1_5' title='bbox 1824 404 2186 472; x_wconf 75' lang='lat' dir='ltr'><strong>BALBo.</strong></span> <span class='ocrx_word' id='word_1_6' title='bbox 2367 464 2381 476; x_wconf 91' lang='lat'><em>.</em></span> <span class='ocrx_word' id='word_1_7' title='bbox 2451 400 2595 498; x_wconf 73' lang='lat'><strong>309</strong></span> 
     </span>
    </p>
   </div>
   <div class='ocr_carea' id='block_1_2' title="bbox 390 524 2700 3152">
    <p class='ocr_par' dir='ltr' id='par_1_2' title="bbox 430 524 2700 1283">
     <span class='ocr_line' id='line_1_2' title="bbox 466 524 2588 624; baseline -0.002 -26"><span class='ocrx_word' id='word_1_8' title='bbox 466 528 779 624; x_wconf 83' lang='lat' dir='ltr'><strong>reliqua3</strong></span> <span class='ocrx_word' id='word_1_9' title='bbox 820 524 949 597; x_wconf 85' lang='lat' dir='ltr'><strong>sed</strong></span> <span class='ocrx_word' id='word_1_10' title='bbox 994 549 1167 612; x_wconf 77' lang='lat' dir='ltr'><strong>voS,</strong></span> <span class='ocrx_word' id='word_1_11' title='bbox 1212 524 1532 619; x_wconf 75' lang='lat' dir='ltr'><strong>judiceS,</strong></span> <span class='ocrx_word' id='word_1_12' title='bbox 1577 524 1832 595; x_wconf 88' lang='lat' dir='ltr'><strong>animis</strong></span> <span class='ocrx_word' id='word_1_13' title='bbox 1877 547 1959 593; x_wconf 91' lang='lat' dir='ltr'><strong>ac</strong></span> <span class='ocrx_word' id='word_1_14' title='bbox 2003 528 2344 593; x_wconf 80' lang='lat' dir='ltr'><strong>memoria</strong></span> <span class='ocrx_word' id='word_1_15' title='bbox 2383 537 2588 594; x_wconf 86' lang='lat' dir='ltr'><strong>tene-</strong></span> 
     </span>
     <span class='ocr_line' id='line_1_3' title="bbox 467 632 2591 733; baseline -0.001 -28"><span class='ocrx_word' id='word_1_16' title='bbox 467 651 640 707; x_wconf 87' lang='lat' dir='ltr'><strong>tote.</strong></span> <span class='ocrx_word' id='word_1_17' title='bbox 684 640 794 707; x_wconf 88' lang='lat' dir='ltr'><strong>De</strong></span> <span class='ocrx_word' id='word_1_18' title='bbox 832 634 1157 733; x_wconf 87' lang='lat' dir='ltr'><strong>lege,·de</strong></span> <span class='ocrx_word' id='word_1_19' title='bbox 1206 632 1515 719; x_wconf 81' lang='lat' dir='ltr'><strong>foedere,</strong></span> <span class='ocrx_word' id='word_1_20' title='bbox 1543 632 1635 704; x_wconf 91' lang='lat' dir='ltr'><strong>de</strong></span> <span class='ocrx_word' id='word_1_21' title='bbox 1688 634 2070 730; x_wconf 83' lang='lat' dir='ltr'><strong>exemplis,</strong></span> <span class='ocrx_word' id='word_1_22' title='bbox 2105 632 2194 703; x_wconf 89' lang='lat' dir='ltr'><strong>de</strong></span> <span class='ocrx_word' id='word_1_23' title='bbox 2247 648 2591 729; x_wconf 86' lang='lat' dir='ltr'><strong>perpetua</strong></span> 
     </span>
     <span class='ocr_line' id='line_1_4' title="bbox 466 740 2592 837; baseline -0.002 -20"><span class='ocrx_word' id='word_1_24' title='bbox 466 744 993 818; x_wconf 88' lang='lat' dir='ltr'><strong>consuetudine</strong></span> <span class='ocrx_word' id='word_1_25' title='bbox 1021 744 1321 821; x_wconf 85' lang='lat' dir='ltr'><strong>civitatis</strong></span> <span class='ocrx_word' id='word_1_26' title='bbox 1349 758 1642 829; x_wconf 84' lang='lat' dir='ltr'><strong>nostrae,</strong></span> <span class='ocrx_word' id='word_1_27' title='bbox 1666 740 2036 813; x_wconf 83' lang='lat' dir='ltr'>renovabo</span> <span class='ocrx_word' id='word_1_28' title='bbox 2059 766 2174 828; x_wconf 89' lang='lat' dir='ltr'><strong>ea,</strong></span> <span class='ocrx_word' id='word_1_29' title='bbox 2213 766 2376 837; x_wconf 86' lang='lat' dir='ltr'><strong>quae</strong></span> <span class='ocrx_word' id='word_1_30' title='bbox 2403 742 2592 813; x_wconf 85' lang='lat' dir='ltr'><strong>dicta</strong></span> 
     </span>
     <span class='ocr_line' id='line_1_5' title="bbox 466 852 2593 949; baseline -0.002 -22"><span class='ocrx_word' id='word_1_31' title='bbox 466 870 659 927; x_wconf 87' lang='lat' dir='ltr'><strong>sunt.</strong></span> <span class='ocrx_word' id='word_1_32' title='bbox 672 854 865 929; x_wconf 87' lang='lat' dir='ltr'><strong>Nihil</strong></span> <span class='ocrx_word' id='word_1_33' title='bbox 884 856 1079 925; x_wconf 90' lang='lat' dir='ltr'><strong>enim</strong></span> <span class='ocrx_word' id='word_1_34' title='bbox 1094 852 1275 925; x_wconf 82' lang='lat' dir='ltr'><strong>mihi</strong></span> <span class='ocrx_word' id='word_1_35' title='bbox 1290 855 1483 942; x_wconf 87' lang='lat' dir='ltr'><strong>novi,</strong></span> <span class='ocrx_word' id='word_1_36' title='bbox 1507 852 1685 924; x_wconf 88' lang='lat' dir='ltr'><strong>nihil</strong></span> <span class='ocrx_word' id='word_1_37' title='bbox 1707 856 1988 949; x_wconf 83' lang='lat' dir='ltr'><strong>integri,</strong></span> <span class='ocrx_word' id='word_1_38' title='bbox 2011 876 2256 949; x_wconf 89' lang='lat' dir='ltr'><strong>neque</strong></span> <span class='ocrx_word' id='word_1_39' title='bbox 2277 857 2371 923; x_wconf 90' lang='lat' dir='ltr'><strong>M.</strong></span> <span class='ocrx_word' id='word_1_40' title='bbox 2395 857 2593 923; x_wconf 87' lang='lat' dir='ltr'><strong>Cras·</strong></span> 
     </span>
     <span class='ocr_line' id='line_1_6' title="bbox 468 961 2700 1063; baseline -0.002 -26"><span class='ocrx_word' id='word_1_41' title='bbox 468 990 620 1053; x_wconf 71' lang='lat' dir='ltr'><strong>sue,</strong></span> <span class='ocrx_word' id='word_1_42' title='bbox 656 966 786 1063; x_wconf 91' lang='lat' dir='ltr'><strong>qui</strong></span> <span class='ocrx_word' id='word_1_43' title='bbox 836 979 1065 1037; x_wconf 86' lang='lat' dir='ltr'><strong>totam</strong></span> <span class='ocrx_word' id='word_1_44' title='bbox 1120 988 1405 1045; x_wconf 87' lang='lat' dir='ltr'><strong>causam</strong></span> <span class='ocrx_word' id='word_1_45' title='bbox 1451 978 1528 1036; x_wconf 91' lang='lat' dir='ltr'><strong>et</strong></span> <span class='ocrx_word' id='word_1_46' title='bbox 1557 989 1697 1063; x_wconf 91' lang='lat' dir='ltr'><strong>pro</strong></span> <span class='ocrx_word' id='word_1_47' title='bbox 1748 961 2121 1047; x_wconf 82' lang='lat' dir='ltr'><strong>facultate,</strong></span> <span class='ocrx_word' id='word_1_48' title='bbox 2163 978 2237 1034; x_wconf 89' lang='lat' dir='ltr'><strong>et</strong></span> <span class='ocrx_word' id='word_1_49' title='bbox 2273 987 2406 1061; x_wconf 83' lang='lat' dir='ltr'><strong>pro</strong></span> <span class='ocrx_word' id='word_1_50' title='bbox 2449 961 2595 1033; x_wconf 90' lang='lat' dir='ltr'><strong>fide</strong></span> <span class='ocrx_word' id='word_1_51' title='bbox 2697 1000 2700 1005; x_wconf 96' lang='lat'>·</span> 
     </span>
     <span class='ocr_line' id='line_1_7' title="bbox 430 1072 2594 1173; baseline -0.003 -26"><span class='ocrx_word' id='word_1_52' title='bbox 430 1098 433 1109; x_wconf 89' lang='lat'><em>·</em></span> <span class='ocrx_word' id='word_1_53' title='bbox 467 1100 597 1147; x_wconf 90' lang='lat' dir='ltr'><strong>sua</strong></span> <span class='ocrx_word' id='word_1_54' title='bbox 634 1075 1171 1173; x_wconf 80' lang='lat' dir='ltr'><strong>diligentissime</strong></span> <span class='ocrx_word' id='word_1_55' title='bbox 1206 1073 1415 1145; x_wconf 85' lang='lat' dir='ltr'><strong>vobis</strong></span> <span class='ocrx_word' id='word_1_56' title='bbox 1459 1072 1879 1172; x_wconf 85' lang='lat' dir='ltr'><strong>explicavit,</strong></span> <span class='ocrx_word' id='word_1_57' title='bbox 1921 1097 2163 1169; x_wconf 87' lang='lat' dir='ltr'><strong>neque</strong></span> <span class='ocrx_word' id='word_1_58' title='bbox 2207 1078 2340 1143; x_wconf 91' lang='lat' dir='ltr'><strong>Cn.</strong></span> <span class='ocrx_word' id='word_1_59' title='bbox 2375 1077 2594 1142; x_wconf 89' lang='lat' dir='ltr'><strong>Pom-</strong></span> 
     </span>
     <span class='ocr_line' id='line_1_8' title="bbox 470 1182 2603 1283; baseline -0.002 -27"><span class='ocrx_word' id='word_1_60' title='bbox 470 1186 713 1283; x_wconf 87' lang='lat' dir='ltr'><strong>peius,</strong></span> <span class='ocrx_word' id='word_1_61' title='bbox 757 1186 965 1281; x_wconf 86' lang='lat' dir='ltr'><strong>cujus</strong></span> <span class='ocrx_word' id='word_1_62' title='bbox 1003 1184 1235 1255; x_wconf 89' lang='lat' dir='ltr'><strong>oratio</strong></span> <span class='ocrx_word' id='word_1_63' title='bbox 1287 1182 1628 1255; x_wconf 86' lang='lat' dir='ltr'><strong>omnibus</strong></span> <span class='ocrx_word' id='word_1_64' title='bbox 1669 1186 2114 1255; x_wconf 85' lang='lat' dir='ltr'><strong>ornamentis</strong></span> <span class='ocrx_word' id='word_1_65' title='bbox 2165 1182 2603 1268; x_wconf 84' lang='lat' dir='ltr'><strong>abundavit,</strong></span> 
     </span>
    </p>

    <p class='ocr_par' dir='ltr' id='par_1_3' title="bbox 465 1292 2600 1836">
     <span class='ocr_line' id='line_1_9' title="bbox 468 1292 2600 1397; baseline -0.002 -30"><span class='ocrx_word' id='word_1_66' title='bbox 468 1295 555 1367; x_wconf 88' lang='lat' dir='ltr'><strong>ad</strong></span> <span class='ocrx_word' id='word_1_67' title='bbox 594 1295 982 1367; x_wconf 87' lang='lat' dir='ltr'><strong>dicendum</strong></span> <span class='ocrx_word' id='word_1_68' title='bbox 1041 1294 1357 1397; x_wconf 86' lang='lat' dir='ltr'><strong>reliquit.</strong></span> <span class='ocrx_word' id='word_1_69' title='bbox 1413 1292 1552 1367; x_wconf 85' lang='lat' dir='ltr'><strong>Sed</strong></span> <span class='ocrx_word' id='word_1_70' title='bbox 1596 1296 1977 1390; x_wconf 86' lang='lat' dir='ltr'><strong>quoniam,</strong></span> <span class='ocrx_word' id='word_1_71' title='bbox 2015 1317 2134 1364; x_wconf 89' lang='lat' dir='ltr'><strong>me</strong></span> <span class='ocrx_word' id='word_1_72' title='bbox 2183 1310 2600 1378; x_wconf 84' lang='lat' dir='ltr'><strong>recusante,</strong></span> 
     </span>
     <span class='ocr_line' id='line_1_10' title="bbox 468 1401 2596 1505; baseline -0.003 -28"><span class='ocrx_word' id='word_1_73' title='bbox 468 1406 737 1505; x_wconf 85' lang='lat' dir='ltr'><strong>placuit</strong></span> <span class='ocrx_word' id='word_1_74' title='bbox 754 1405 1107 1478; x_wconf 86' lang='lat' dir='ltr'><strong>ambobus</strong></span> <span class='ocrx_word' id='word_1_75' title='bbox 1126 1403 1454 1477; x_wconf 87' lang='lat' dir='ltr'><strong>adhiberi</strong></span> <span class='ocrx_word' id='word_1_76' title='bbox 1476 1403 1676 1475; x_wconf 86' lang='lat' dir='ltr'><strong>hunc</strong></span> <span class='ocrx_word' id='word_1_77' title='bbox 1693 1429 1734 1475; x_wconf 91' lang='lat' dir='ltr'><strong>a</strong></span> <span class='ocrx_word' id='word_1_78' title='bbox 1757 1428 1876 1475; x_wconf 89' lang='lat' dir='ltr'><strong>me</strong></span> <span class='ocrx_word' id='word_1_79' title='bbox 1906 1405 2112 1501; x_wconf 88' lang='lat' dir='ltr'><strong>quasi</strong></span> <span class='ocrx_word' id='word_1_80' title='bbox 2141 1401 2596 1501; x_wconf 80' lang='lat' dir='ltr'><strong>perpoliendi</strong></span> 
     </span>
     <span class='ocr_line' id='line_1_11' title="bbox 468 1511 2598 1615; baseline -0.003 -26"><span class='ocrx_word' id='word_1_81' title='bbox 468 1516 855 1615; x_wconf 85' lang='lat' dir='ltr'><strong>quemdam</strong></span> <span class='ocrx_word' id='word_1_82' title='bbox 897 1518 1140 1614; x_wconf 84' lang='lat' dir='ltr'><strong>operis</strong></span> <span class='ocrx_word' id='word_1_83' title='bbox 1188 1530 1594 1587; x_wconf 84' lang='lat' dir='ltr'><strong>extremum</strong></span> <span class='ocrx_word' id='word_1_84' title='bbox 1637 1512 2006 1602; x_wconf 83' lang='lat' dir='ltr'><strong>laborem,</strong></span> <span class='ocrx_word' id='word_1_85' title='bbox 2053 1526 2226 1611; x_wconf 87' lang='lat' dir='ltr'><strong>peto</strong></span> <span class='ocrx_word' id='word_1_86' title='bbox 2275 1537 2314 1583; x_wconf 89' lang='lat' dir='ltr'><strong>a</strong></span> <span class='ocrx_word' id='word_1_87' title='bbox 2353 1511 2598 1598; x_wconf 77' lang='lat' dir='ltr'><strong>vobiS,</strong></span> 
     </span>
     <span class='ocr_line' id='line_1_12' title="bbox 465 1621 2596 1725; baseline -0.002 -28"><span class='ocrx_word' id='word_1_88' title='bbox 465 1641 551 1697; x_wconf 90' lang='lat' dir='ltr'><strong>ut</strong></span> <span class='ocrx_word' id='word_1_89' title='bbox 592 1651 707 1697; x_wconf 89' lang='lat' dir='ltr'><strong>me</strong></span> <span class='ocrx_word' id='word_1_90' title='bbox 749 1624 965 1698; x_wconf 86' lang='lat' dir='ltr'><strong>officii</strong></span> <span class='ocrx_word' id='word_1_91' title='bbox 1006 1625 1285 1725; x_wconf 81' lang='lat' dir='ltr'><strong>potius,</strong></span> <span class='ocrx_word' id='word_1_92' title='bbox 1320 1648 1542 1722; x_wconf 88' lang='lat' dir='ltr'><strong>quam</strong></span> <span class='ocrx_word' id='word_1_93' title='bbox 1575 1622 1868 1695; x_wconf 87' lang='lat' dir='ltr'><strong>dicendi</strong></span> <span class='ocrx_word' id='word_1_94' title='bbox 1917 1624 2160 1695; x_wconf 88' lang='lat' dir='ltr'><strong>studio</strong></span> <span class='ocrx_word' id='word_1_95' title='bbox 2201 1621 2390 1693; x_wconf 88' lang='lat' dir='ltr'><strong>hanc</strong></span> <span class='ocrx_word' id='word_1_96' title='bbox 2435 1646 2596 1693; x_wconf 87' lang='lat' dir='ltr'><strong>sus-</strong></span> 
     </span>
     <span class='ocr_line' id='line_1_13' title="bbox 468 1735 1862 1836; baseline -0.003 -27"><span class='ocrx_word' id='word_1_97' title='bbox 468 1738 745 1836; x_wconf 86' lang='lat' dir='ltr'><strong>cepisse</strong></span> <span class='ocrx_word' id='word_1_98' title='bbox 769 1759 1065 1835; x_wconf 87' lang='lat' dir='ltr'><strong>operam</strong></span> <span class='ocrx_word' id='word_1_99' title='bbox 1100 1759 1183 1806; x_wconf 89' lang='lat' dir='ltr'><strong>ac</strong></span> <span class='ocrx_word' id='word_1_100' title='bbox 1214 1759 1486 1805; x_wconf 87' lang='lat' dir='ltr'><strong>munus</strong></span> <span class='ocrx_word' id='word_1_101' title='bbox 1522 1735 1862 1833; x_wconf 86' lang='lat' dir='ltr'><strong>putetis².</strong></span> 
     </span>
    </p>

    <p class='ocr_par' dir='ltr' id='par_1_4' title="bbox 390 1842 2598 3152">
     <span class='ocr_line' id='line_1_14' title="bbox 562 1842 2593 1945; baseline -0.001 -28"><span class='ocrx_word' id='word_1_102' title='bbox 562 1850 665 1919; x_wconf 88' lang='lat' dir='ltr'><strong>Ac</strong></span> <span class='ocrx_word' id='word_1_103' title='bbox 703 1849 937 1945; x_wconf 77' lang='lat' dir='ltr'><strong>priuS,</strong></span> <span class='ocrx_word' id='word_1_104' title='bbox 978 1869 1197 1943; x_wconf 90' lang='lat' dir='ltr'><strong>quam</strong></span> <span class='ocrx_word' id='word_1_105' title='bbox 1233 1844 1606 1942; x_wconf 86' lang='lat' dir='ltr'><strong>aggrediar</strong></span> <span class='ocrx_word' id='word_1_106' title='bbox 1646 1842 1736 1915; x_wconf 90' lang='lat' dir='ltr'><strong>ad</strong></span> <span class='ocrx_word' id='word_1_107' title='bbox 1777 1844 1896 1939; x_wconf 88' lang='lat' dir='ltr'><strong>jus</strong></span> <span class='ocrx_word' id='word_1_108' title='bbox 1933 1868 2372 1941; x_wconf 85' lang='lat' dir='ltr'><strong>causamque</strong></span> <span class='ocrx_word' id='word_1_109' title='bbox 2410 1850 2593 1915; x_wconf 86' lang='lat' dir='ltr'><strong>Cor-</strong></span> 
     </span>
     <span class='ocr_line' id='line_1_15' title="bbox 469 1954 2594 2053; baseline -0.001 -26"><span class='ocrx_word' id='word_1_110' title='bbox 469 1955 686 2043; x_wconf 87' lang='lat' dir='ltr'><strong>nelii,</strong></span> <span class='ocrx_word' id='word_1_111' title='bbox 734 1955 1081 2053; x_wconf 89' lang='lat' dir='ltr'><strong>quiddam</strong></span> <span class='ocrx_word' id='word_1_112' title='bbox 1110 1955 1201 2027; x_wconf 87' lang='lat' dir='ltr'><strong>de</strong></span> <span class='ocrx_word' id='word_1_113' title='bbox 1228 1958 1594 2026; x_wconf 90' lang='lat' dir='ltr'><strong>communi</strong></span> <span class='ocrx_word' id='word_1_114' title='bbox 1635 1954 2054 2027; x_wconf 89' lang='lat' dir='ltr'><strong>conditione</strong></span> <span class='ocrx_word' id='word_1_115' title='bbox 2091 1960 2416 2027; x_wconf 88' lang='lat' dir='ltr'><strong>omnium</strong></span> <span class='ocrx_word' id='word_1_116' title='bbox 2467 1982 2594 2027; x_wconf 89' lang='lat' dir='ltr'><strong>no-</strong></span> 
     </span>
     <span class='ocr_line' id='line_1_16' title="bbox 466 2063 2592 2165; baseline 0.001 -30"><span class='ocrx_word' id='word_1_117' title='bbox 466 2080 695 2136; x_wconf 81' lang='lat' dir='ltr'><strong>strum</strong></span> <span class='ocrx_word' id='word_1_118' title='bbox 703 2065 1247 2165; x_wconf 69' lang='lat' dir='ltr'><strong>,deprecandae</strong></span> <span class='ocrx_word' id='word_1_119' title='bbox 1238 2064 1742 2136; x_wconf 68' lang='lat' dir='ltr'><strong>malivolentiae</strong></span> <span class='ocrx_word' id='word_1_120' title='bbox 1769 2088 2012 2150; x_wconf 86' lang='lat' dir='ltr'><strong>causa,</strong></span> <span class='ocrx_word' id='word_1_121' title='bbox 2051 2063 2367 2136; x_wconf 83' lang='lat' dir='ltr'><strong>breviter</strong></span> <span class='ocrx_word' id='word_1_122' title='bbox 2393 2092 2592 2137; x_wconf 90' lang='lat' dir='ltr'><strong>com-</strong></span> 
     </span>
     <span class='ocr_line' id='line_1_17' title="bbox 467 2168 2594 2301; baseline 0.001 -58"><span class='ocrx_word' id='word_1_123' title='bbox 467 2174 1017 2247; x_wconf 86' lang='lat' dir='ltr'><strong>memorandum</strong></span> <span class='ocrx_word' id='word_1_124' title='bbox 1040 2168 1345 2244; x_wconf 56' lang='lat' dir='ltr'><strong>videtur.</strong></span> <span class='ocrx_word' id='word_1_125' title='bbox 1376 2174 1485 2262; x_wconf 89' lang='lat' dir='ltr'><strong>Si,</strong></span> <span class='ocrx_word' id='word_1_126' title='bbox 1519 2199 1671 2301; x_wconf 76' lang='lat' dir='ltr'><strong>quo</strong></span> <span class='ocrx_word' id='word_1_127' title='bbox 1699 2198 2009 2271; x_wconf 76' lang='lat' dir='ltr'><strong>quisque</strong></span> <span class='ocrx_word' id='word_1_128' title='bbox 2033 2171 2245 2245; x_wconf 90' lang='lat' dir='ltr'><strong>loco</strong></span> <span class='ocrx_word' id='word_1_129' title='bbox 2265 2188 2594 2247; x_wconf 82' lang='lat' dir='ltr'><strong>nostrum</strong></span> 
     </span>
     <span class='ocr_line' id='line_1_18' title="bbox 468 2282 2594 2382; baseline 0.001 -28"><span class='ocrx_word' id='word_1_130' title='bbox 468 2299 613 2369; x_wconf 88' lang='lat' dir='ltr'><strong>est,</strong></span> <span class='ocrx_word' id='word_1_131' title='bbox 662 2283 975 2380; x_wconf 74' lang='lat' dir='ltr'><strong>judiceS,</strong></span> <span class='ocrx_word' id='word_1_132' title='bbox 1022 2297 1280 2371; x_wconf 84' lang='lat' dir='ltr'><strong>natus,</strong></span> <span class='ocrx_word' id='word_1_133' title='bbox 1335 2298 1498 2371; x_wconf 89' lang='lat' dir='ltr'><strong>aut,</strong></span> <span class='ocrx_word' id='word_1_134' title='bbox 1533 2288 1595 2356; x_wconf 83' lang='lat' dir='ltr'><strong>si</strong></span> <span class='ocrx_word' id='word_1_135' title='bbox 1655 2285 1730 2355; x_wconf 86' lang='lat' dir='ltr'><strong>in</strong></span> <span class='ocrx_word' id='word_1_136' title='bbox 1779 2309 1924 2382; x_wconf 88' lang='lat' dir='ltr'><strong>qua</strong></span> <span class='ocrx_word' id='word_1_137' title='bbox 1965 2282 2258 2356; x_wconf 84' lang='lat' dir='ltr'><strong>fortuna</strong></span> <span class='ocrx_word' id='word_1_138' title='bbox 2309 2284 2424 2359; x_wconf 80' lang='lat' dir='ltr'><strong>est</strong></span> <span class='ocrx_word' id='word_1_139' title='bbox 2471 2310 2594 2357; x_wconf 89' lang='lat' dir='ltr'><strong>na-</strong></span> 
     </span>
     <span class='ocr_line' id='line_1_19' title="bbox 390 2394 2597 2492; baseline -0 -24"><span class='ocrx_word' id='word_1_140' title='bbox 390 2487 395 2492; x_wconf 26' lang='grc'>,</span> <span class='ocrx_word' id='word_1_141' title='bbox 467 2395 711 2471; x_wconf 86' lang='lat' dir='ltr'><strong>scendi</strong></span> <span class='ocrx_word' id='word_1_142' title='bbox 738 2398 947 2467; x_wconf 88' lang='lat' dir='ltr'><strong>initio</strong></span> <span class='ocrx_word' id='word_1_143' title='bbox 983 2397 1460 2482; x_wconf 80' lang='lat' dir='ltr'><strong>constitutuS,</strong></span> <span class='ocrx_word' id='word_1_144' title='bbox 1498 2395 1702 2466; x_wconf 90' lang='lat' dir='ltr'><strong>hunc</strong></span> <span class='ocrx_word' id='word_1_145' title='bbox 1727 2394 1890 2465; x_wconf 78' lang='lat' dir='ltr'><strong>vitae</strong></span> <span class='ocrx_word' id='word_1_146' title='bbox 1927 2399 2192 2467; x_wconf 83' lang='lat' dir='ltr'><strong>statum</strong></span> <span class='ocrx_word' id='word_1_147' title='bbox 2231 2420 2466 2492; x_wconf 87' lang='lat' dir='ltr'><strong>usque</strong></span> <span class='ocrx_word' id='word_1_148' title='bbox 2503 2395 2597 2468; x_wconf 87' lang='lat' dir='ltr'><strong>ad</strong></span> 
     </span>
     <span class='ocr_line' id='line_1_20' title="bbox 466 2505 2598 2606; baseline 0 -28"><span class='ocrx_word' id='word_1_149' title='bbox 466 2521 915 2579; x_wconf 86' lang='lat' dir='ltr'><strong>senectutem</strong></span> <span class='ocrx_word' id='word_1_150' title='bbox 952 2505 1287 2606; x_wconf 78' lang='lat' dir='ltr'><strong>obtinere</strong></span> <span class='ocrx_word' id='word_1_151' title='bbox 1314 2505 1535 2578; x_wconf 84' lang='lat' dir='ltr'><strong>dehet</strong></span> <span class='ocrx_word' id='word_1_152' title='bbox 1557 2560 1578 2590; x_wconf 90' lang='lat'><strong>,</strong></span> <span class='ocrx_word' id='word_1_153' title='bbox 1615 2519 1732 2592; x_wconf 90' lang='lat' dir='ltr'><strong>et,</strong></span> <span class='ocrx_word' id='word_1_154' title='bbox 1781 2507 1842 2576; x_wconf 86' lang='lat' dir='ltr'><strong>si</strong></span> <span class='ocrx_word' id='word_1_155' title='bbox 1879 2529 2171 2594; x_wconf 89' lang='lat' dir='ltr'><strong>omnes,</strong></span> <span class='ocrx_word' id='word_1_156' title='bbox 2230 2529 2422 2602; x_wconf 86' lang='lat' dir='ltr'><strong>quos</strong></span> <span class='ocrx_word' id='word_1_157' title='bbox 2471 2521 2598 2578; x_wconf 88' lang='lat' dir='ltr'><strong>aut</strong></span> 
     </span>
     <span class='ocr_line' id='line_1_21' title="bbox 466 2615 2593 2714; baseline -0 -26"><span class='ocrx_word' id='word_1_158' title='bbox 466 2615 765 2688; x_wconf 79' lang='lat' dir='ltr'><strong>fortuna</strong></span> <span class='ocrx_word' id='word_1_159' title='bbox 806 2617 1106 2703; x_wconf 82' lang='lat' dir='ltr'><strong>extulit,</strong></span> <span class='ocrx_word' id='word_1_160' title='bbox 1144 2631 1268 2687; x_wconf 86' lang='lat' dir='ltr'><strong>aut</strong></span> <span class='ocrx_word' id='word_1_161' title='bbox 1300 2617 1628 2714; x_wconf 84' lang='lat' dir='ltr'><strong>ipsorum</strong></span> <span class='ocrx_word' id='word_1_162' title='bbox 1681 2615 2063 2686; x_wconf 87' lang='lat' dir='ltr'><strong>illustravit</strong></span> <span class='ocrx_word' id='word_1_163' title='bbox 2103 2615 2308 2686; x_wconf 84' lang='lat' dir='ltr'><strong>labor</strong></span> <span class='ocrx_word' id='word_1_164' title='bbox 2354 2632 2428 2686; x_wconf 91' lang='lat' dir='ltr'><strong>et</strong></span> <span class='ocrx_word' id='word_1_165' title='bbox 2483 2618 2593 2687; x_wconf 89' lang='lat' dir='ltr'><strong>in-</strong></span> 
     </span>
     <span class='ocr_line' id='line_1_22' title="bbox 464 2723 2588 2825; baseline 0 -29"><span class='ocrx_word' id='word_1_166' title='bbox 464 2725 774 2815; x_wconf 82' lang='lat' dir='ltr'><strong>dustria,</strong></span> <span class='ocrx_word' id='word_1_167' title='bbox 818 2751 1035 2825; x_wconf 86' lang='lat' dir='ltr'><strong>poena</strong></span> <span class='ocrx_word' id='word_1_168' title='bbox 1078 2739 1250 2796; x_wconf 85' lang='lat' dir='ltr'><strong>sunt</strong></span> <span class='ocrx_word' id='word_1_169' title='bbox 1298 2723 1708 2812; x_wconf 86' lang='lat' dir='ltr'><strong>afficiendi;</strong></span> <span class='ocrx_word' id='word_1_170' title='bbox 1753 2750 1904 2796; x_wconf 90' lang='lat' dir='ltr'><strong>non</strong></span> <span class='ocrx_word' id='word_1_171' title='bbox 1959 2727 2242 2821; x_wconf 83' lang='lat' dir='ltr'><strong>gravior</strong></span> <span class='ocrx_word' id='word_1_172' title='bbox 2285 2731 2366 2797; x_wconf 92' lang='lat' dir='ltr'><strong>L.</strong></span> <span class='ocrx_word' id='word_1_173' title='bbox 2413 2731 2588 2798; x_wconf 90' lang='lat' dir='ltr'><strong>Cor-</strong></span> 
     </span>
     <span class='ocr_line' id='line_1_23' title="bbox 466 2833 2590 2932; baseline 0.003 -30"><span class='ocrx_word' id='word_1_174' title='bbox 466 2836 699 2921; x_wconf 87' lang='lat' dir='ltr'><strong>nelio,</strong></span> <span class='ocrx_word' id='word_1_175' title='bbox 743 2861 965 2932; x_wconf 89' lang='lat' dir='ltr'><strong>quam</strong></span> <span class='ocrx_word' id='word_1_176' title='bbox 1001 2833 1251 2906; x_wconf 87' lang='lat' dir='ltr'><strong>multis</strong></span> <span class='ocrx_word' id='word_1_177' title='bbox 1288 2833 1712 2906; x_wconf 54' lang='lat' dir='ltr'><strong>viris1bonis</strong></span> <span class='ocrx_word' id='word_1_178' title='bbox 1747 2848 1968 2932; x_wconf 88' lang='lat' dir='ltr'><strong>atque</strong></span> <span class='ocrx_word' id='word_1_179' title='bbox 2004 2833 2316 2906; x_wconf 83' lang='lat' dir='ltr'><strong>fortibus</strong></span> <span class='ocrx_word' id='word_1_180' title='bbox 2343 2891 2364 2922; x_wconf 92' lang='lat'><strong>,</strong></span> <span class='ocrx_word' id='word_1_181' title='bbox 2421 2862 2590 2908; x_wconf 91' lang='lat' dir='ltr'><strong>con·</strong></span> 
     </span>
     <span class='ocr_line' id='line_1_24' title="bbox 466 2943 2588 3017; baseline 0.001 -3"><span class='ocrx_word' id='word_1_182' title='bbox 466 2945 663 3016; x_wconf 85' lang='lat' dir='ltr'><strong>stitui</strong></span> <span class='ocrx_word' id='word_1_183' title='bbox 688 2946 801 3016; x_wconf 83' lang='lat' dir='ltr'><strong>lex</strong></span> <span class='ocrx_word' id='word_1_184' title='bbox 824 2947 982 3016; x_wconf 79' lang='lat' dir='ltr'><strong>vitae</strong></span> <span class='ocrx_word' id='word_1_185' title='bbox 1008 2959 1080 3017; x_wconf 90' lang='lat' dir='ltr'><strong>et</strong></span> <span class='ocrx_word' id='word_1_186' title='bbox 1098 2943 1419 3016; x_wconf 86' lang='lat' dir='ltr'><strong>conditio</strong></span> <span class='ocrx_word' id='word_1_187' title='bbox 1444 2944 1747 3016; x_wconf 84' lang='lat' dir='ltr'><strong>videtur.</strong></span> <span class='ocrx_word' id='word_1_188' title='bbox 1781 2947 1902 3016; x_wconf 89' lang='lat' dir='ltr'><strong>Sin</strong></span> <span class='ocrx_word' id='word_1_189' title='bbox 1931 2961 2172 3016; x_wconf 87' lang='lat' dir='ltr'><strong>autem</strong></span> <span class='ocrx_word' id='word_1_190' title='bbox 2192 2945 2588 3017; x_wconf 87' lang='lat' dir='ltr'><strong>multorum</strong></span> 
     </span>
     <span class='ocr_line' id='line_1_25' title="bbox 466 3053 2594 3152; baseline 0.003 -29"><span class='ocrx_word' id='word_1_191' title='bbox 466 3055 719 3143; x_wconf 87' lang='lat' dir='ltr'><strong>virtus,</strong></span> <span class='ocrx_word' id='word_1_192' title='bbox 762 3057 1173 3152; x_wconf 82' lang='lat' dir='ltr'><strong>ingenium,</strong></span> <span class='ocrx_word' id='word_1_193' title='bbox 1208 3053 1672 3126; x_wconf 70' lang='lat' dir='ltr'><strong>humanitas4</strong></span> <span class='ocrx_word' id='word_1_194' title='bbox 1699 3108 1718 3142; x_wconf 94' lang='lat'><strong>,</strong></span> <span class='ocrx_word' id='word_1_195' title='bbox 1772 3079 1861 3126; x_wconf 82' lang='lat' dir='ltr'><strong>ex</strong></span> <span class='ocrx_word' id='word_1_196' title='bbox 1907 3053 2160 3126; x_wconf 83' lang='lat' dir='ltr'><strong>infimo</strong></span> <span class='ocrx_word' id='word_1_197' title='bbox 2205 3080 2468 3152; x_wconf 82' lang='lat' dir='ltr'><strong>genere</strong></span> <span class='ocrx_word' id='word_1_198' title='bbox 2520 3071 2594 3129; x_wconf 92' lang='lat' dir='ltr'><strong>et</strong></span> 
     </span>
    </p>
   </div>
   <div class='ocr_carea' id='block_1_3' title="bbox 460 3269 1482 4208">
    <p class='ocr_par' dir='ltr' id='par_1_5' title="bbox 460 3269 1482 4050">
     <span class='ocr_line' id='line_1_26' title="bbox 536 3269 1481 3334; baseline 0.002 -18"><span class='ocrx_word' id='word_1_199' title='bbox 536 3284 587 3316; x_wconf 63' lang='grc' dir='ltr'><strong>α.</strong></span> <span class='ocrx_word' id='word_1_200' title='bbox 626 3271 805 3317; x_wconf 74' lang='lat' dir='ltr'><strong>Munus</strong></span> <span class='ocrx_word' id='word_1_201' title='bbox 828 3269 1023 3334; x_wconf 71' lang='lat' dir='ltr'><strong>putetis.</strong></span> <span class='ocrx_word' id='word_1_202' title='bbox 1069 3271 1273 3320; x_wconf 73' lang='lat' dir='ltr'><strong>Causam</strong></span> <span class='ocrx_word' id='word_1_203' title='bbox 1298 3283 1327 3316; x_wconf 76' lang='lat' dir='ltr'><strong>a</strong></span> <span class='ocrx_word' id='word_1_204' title='bbox 1352 3285 1481 3334; x_wconf 70' lang='lat' dir='ltr'><strong>pro·</strong></span> 
     </span>
     <span class='ocr_line' id='line_1_27' title="bbox 465 3347 1479 3397; baseline 0.001 -1"><span class='ocrx_word' id='word_1_205' title='bbox 465 3348 765 3396; x_wconf 66' lang='lat' dir='ltr'><strong>stanti-timis</strong></span> <span class='ocrx_word' id='word_1_206' title='bbox 795 3347 1071 3397; x_wconf 68' lang='lat' dir='ltr'><strong>oraton-ihm</strong></span> <span class='ocrx_word' id='word_1_207' title='bbox 1110 3349 1353 3397; x_wconf 71' lang='lat' dir='ltr'><strong>defemmn</strong></span> <span class='ocrx_word' id='word_1_208' title='bbox 1394 3349 1479 3397; x_wconf 83' lang='lat' dir='ltr'><strong>Ci-</strong></span> 
     </span>
     <span class='ocr_line' id='line_1_28' title="bbox 464 3427 1482 3492; baseline -0.002 -16"><span class='ocrx_word' id='word_1_209' title='bbox 464 3443 579 3476; x_wconf 78' lang='lat' dir='ltr'><strong>oero</strong></span> <span class='ocrx_word' id='word_1_210' title='bbox 609 3427 825 3476; x_wconf 59' lang='lat' dir='ltr'><strong>exordiri</strong></span> <span class='ocrx_word' id='word_1_211' title='bbox 856 3429 1065 3492; x_wconf 71' lang='lat' dir='ltr'><strong>cogitur,</strong></span> <span class='ocrx_word' id='word_1_212' title='bbox 1104 3438 1155 3476; x_wconf 78' lang='lat' dir='ltr'><strong>et</strong></span> <span class='ocrx_word' id='word_1_213' title='bbox 1184 3443 1379 3476; x_wconf 63' lang='lat' dir='ltr'><strong>neceam</strong></span> <span class='ocrx_word' id='word_1_214' title='bbox 1408 3437 1482 3475; x_wconf 72' lang='lat' dir='ltr'><strong>eet</strong></span> 
     </span>
     <span class='ocr_line' id='line_1_29' title="bbox 464 3505 1481 3571; baseline 0 -16"><span class='ocrx_word' id='word_1_215' title='bbox 464 3517 522 3556; x_wconf 81' lang='lat' dir='ltr'><strong>ut</strong></span> <span class='ocrx_word' id='word_1_216' title='bbox 558 3508 624 3555; x_wconf 76' lang='lat' dir='ltr'><strong>ita</strong></span> <span class='ocrx_word' id='word_1_217' title='bbox 674 3505 769 3554; x_wconf 68' lang='lat' dir='ltr'><strong>sibi</strong></span> <span class='ocrx_word' id='word_1_218' title='bbox 801 3517 1094 3571; x_wconf 63' lang='lat' dir='ltr'><strong>precaveat,</strong></span> <span class='ocrx_word' id='word_1_219' title='bbox 1133 3523 1197 3556; x_wconf 75' lang='lat' dir='ltr'><strong>ne</strong></span> <span class='ocrx_word' id='word_1_220' title='bbox 1232 3505 1481 3555; x_wconf 65' lang='lat' dir='ltr'><strong>fastidium</strong></span> 
     </span>
     <span class='ocr_line' id='line_1_30' title="bbox 462 3585 1481 3650; baseline 0 -15"><span class='ocrx_word' id='word_1_221' title='bbox 462 3589 657 3636; x_wconf 65' lang='lat' dir='ltr'><strong>moveat</strong></span> <span class='ocrx_word' id='word_1_222' title='bbox 674 3601 751 3634; x_wconf 72' lang='lat' dir='ltr'><strong>rea</strong></span> <span class='ocrx_word' id='word_1_223' title='bbox 766 3585 932 3634; x_wconf 70' lang='lat' dir='ltr'><strong>eadem</strong></span> <span class='ocrx_word' id='word_1_224' title='bbox 952 3586 1127 3650; x_wconf 65' lang='lat' dir='ltr'><strong>sapius</strong></span> <span class='ocrx_word' id='word_1_225' title='bbox 1146 3595 1363 3634; x_wconf 70' lang='lat' dir='ltr'><strong>metata.</strong></span> <span class='ocrx_word' id='word_1_226' title='bbox 1384 3587 1481 3635; x_wconf 73' lang='lat' dir='ltr'><strong>Ita-</strong></span> 
     </span>
     <span class='ocr_line' id='line_1_31' title="bbox 462 3664 1481 3730; baseline -0.001 -15"><span class='ocrx_word' id='word_1_227' title='bbox 462 3682 559 3730; x_wconf 67' lang='lat' dir='ltr'><strong>que</strong></span> <span class='ocrx_word' id='word_1_228' title='bbox 580 3665 715 3714; x_wconf 70' lang='lat' dir='ltr'><strong>aliud</strong></span> <span class='ocrx_word' id='word_1_229' title='bbox 732 3665 917 3730; x_wconf 81' lang='lat' dir='ltr'><strong>optime</strong></span> <span class='ocrx_word' id='word_1_230' title='bbox 934 3666 1198 3729; x_wconf 66' lang='lat' dir='ltr'><strong>antecepit,</strong></span> <span class='ocrx_word' id='word_1_231' title='bbox 1218 3675 1267 3712; x_wconf 78' lang='lat' dir='ltr'><strong>et</strong></span> <span class='ocrx_word' id='word_1_232' title='bbox 1282 3664 1481 3714; x_wconf 77' lang='lat' dir='ltr'><strong>andien-</strong></span> 
     </span>
     <span class='ocr_line' id='line_1_32' title="bbox 463 3742 1480 3806; baseline -0.003 -11"><span class='ocrx_word' id='word_1_233' title='bbox 463 3757 535 3795; x_wconf 66' lang='lat' dir='ltr'><strong>m</strong></span> <span class='ocrx_word' id='word_1_234' title='bbox 552 3755 717 3794; x_wconf 71' lang='lat' dir='ltr'><strong>monet</strong></span> <span class='ocrx_word' id='word_1_235' title='bbox 732 3759 783 3792; x_wconf 74' lang='grc' dir='ltr'><strong>ιο</strong></span> <span class='ocrx_word' id='word_1_236' title='bbox 800 3742 962 3791; x_wconf 73' lang='lat' dir='ltr'><strong>omnia</strong></span> <span class='ocrx_word' id='word_1_237' title='bbox 975 3742 1133 3791; x_wconf 73' lang='lat' dir='ltr'><strong>obiter</strong></span> <span class='ocrx_word' id='word_1_238' title='bbox 1148 3753 1480 3806; x_wconf 74' lang='lat' dir='ltr'><strong>tractaturum,</strong></span> 
     </span>
     <span class='ocr_line' id='line_1_33' title="bbox 461 3821 1476 3887; baseline -0.003 -13"><span class='ocrx_word' id='word_1_239' title='bbox 461 3837 511 3874; x_wconf 80' lang='lat' dir='ltr'><strong>et</strong></span> <span class='ocrx_word' id='word_1_240' title='bbox 528 3837 799 3875; x_wconf 75' lang='lat' dir='ltr'><strong>extremum</strong></span> <span class='ocrx_word' id='word_1_241' title='bbox 822 3837 977 3872; x_wconf 66' lang='lat' dir='ltr'><strong>caum</strong></span> <span class='ocrx_word' id='word_1_242' title='bbox 998 3821 1115 3870; x_wconf 82' lang='lat' dir='ltr'><strong>hnic</strong></span> <span class='ocrx_word' id='word_1_243' title='bbox 1136 3823 1476 3887; x_wconf 71' lang='lat' dir='ltr'><strong>impositurum</strong></span> 
     </span>
     <span class='ocr_line' id='line_1_34' title="bbox 460 3901 1479 3967; baseline -0.003 -13"><span class='ocrx_word' id='word_1_244' title='bbox 460 3905 675 3956; x_wconf 73' lang='lat' dir='ltr'><strong>laborem</strong></span> <span class='ocrx_word' id='word_1_245' title='bbox 692 3937 709 3961; x_wconf 87' lang='lat'>‚</span> <span class='ocrx_word' id='word_1_246' title='bbox 734 3913 792 3952; x_wconf 82' lang='lat' dir='ltr'><strong>ut</strong></span> <span class='ocrx_word' id='word_1_247' title='bbox 822 3916 950 3950; x_wconf 77' lang='lat' dir='ltr'><strong>nova</strong></span> <span class='ocrx_word' id='word_1_248' title='bbox 981 3901 1344 3966; x_wconf 72' lang='lat' dir='ltr'><strong>quodammodo</strong></span> <span class='ocrx_word' id='word_1_249' title='bbox 1368 3917 1479 3967; x_wconf 65' lang='lat' dir='ltr'><strong>qua</strong></span> 
     </span>
     <span class='ocr_line' id='line_1_35' title="bbox 461 3979 1053 4050; baseline -0.007 -18"><span class='ocrx_word' id='word_1_250' title='bbox 461 3983 721 4050; x_wconf 73' lang='lat' dir='ltr'><strong>protulerit</strong></span> <span class='ocrx_word' id='word_1_251' title='bbox 734 4017 751 4042; x_wconf 92' lang='lat'><strong>,</strong></span> <span class='ocrx_word' id='word_1_252' title='bbox 776 3979 1053 4030; x_wconf 73' lang='lat' dir='ltr'><strong>videantur.</strong></span> 
     </span>
    </p>

    <p class='ocr_par' dir='ltr' id='par_1_6' title="bbox 463 4059 1481 4208">
     <span class='ocr_line' id='line_1_36' title="bbox 534 4059 1479 4127; baseline -0.006 -14"><span class='ocrx_word' id='word_1_253' title='bbox 534 4065 585 4113; x_wconf 81' lang='lat'><strong>3.</strong></span> <span class='ocrx_word' id='word_1_254' title='bbox 608 4063 683 4125; x_wconf 75' lang='lat' dir='ltr'><strong>si,</strong></span> <span class='ocrx_word' id='word_1_255' title='bbox 706 4079 805 4127; x_wconf 72' lang='lat' dir='ltr'><strong>quo</strong></span> <span class='ocrx_word' id='word_1_256' title='bbox 824 4059 1033 4126; x_wconf 73' lang='lat' dir='ltr'><strong>quisque</strong></span> <span class='ocrx_word' id='word_1_257' title='bbox 1054 4059 1185 4120; x_wconf 70' lang='grc' dir='ltr'><strong><em>Ιορο,</em></strong></span> <span class='ocrx_word' id='word_1_258' title='bbox 1208 4069 1301 4108; x_wconf 77' lang='lat' dir='ltr'><strong>etc.</strong></span> <span class='ocrx_word' id='word_1_259' title='bbox 1322 4061 1479 4108; x_wconf 76' lang='lat' dir='ltr'><strong>Pauca</strong></span> 
     </span>
     <span class='ocr_line' id='line_1_37' title="bbox 463 4137 1481 4208; baseline -0.005 -15"><span class='ocrx_word' id='word_1_260' title='bbox 463 4143 567 4192; x_wconf 73' lang='lat' dir='ltr'><strong>haec</strong></span> <span class='ocrx_word' id='word_1_261' title='bbox 594 4145 825 4208; x_wconf 66' lang='lat' dir='ltr'><strong>pretatur</strong></span> <span class='ocrx_word' id='word_1_262' title='bbox 848 4139 1068 4202; x_wconf 73' lang='grc' dir='ltr'><strong>ΤιιΙΙίω,</strong></span> <span class='ocrx_word' id='word_1_263' title='bbox 1096 4149 1152 4188; x_wconf 85' lang='lat' dir='ltr'><strong>ut</strong></span> <span class='ocrx_word' id='word_1_264' title='bbox 1178 4137 1349 4200; x_wconf 71' lang='lat' dir='ltr'><strong>majori</strong></span> <span class='ocrx_word' id='word_1_265' title='bbox 1371 4137 1481 4188; x_wconf 83' lang='lat' dir='ltr'><strong>luce</strong></span> 
     </span>
    </p>
   </div>
   <div class='ocr_carea' id='block_1_4' title="bbox 1567 3268 2594 4194">
    <p class='ocr_par' dir='ltr' id='par_1_7' title="bbox 1567 3268 2594 4030">
     <span class='ocr_line' id='line_1_38' title="bbox 1569 3268 2590 3333; baseline 0.005 -16"><span class='ocrx_word' id='word_1_266' title='bbox 1569 3268 2024 3328; x_wconf 70' lang='lat' dir='ltr'><strong>cansam-illustret,</strong></span> <span class='ocrx_word' id='word_1_267' title='bbox 2055 3279 2105 3318; x_wconf 77' lang='lat' dir='ltr'><strong>ot</strong></span> <span class='ocrx_word' id='word_1_268' title='bbox 2147 3269 2344 3333; x_wconf 47' lang='lat' dir='ltr'><strong>populo·</strong></span> <span class='ocrx_word' id='word_1_269' title='bbox 2363 3271 2590 3321; x_wconf 68' lang='lat' dir='ltr'><strong>ostendat</strong></span> 
     </span>
     <span class='ocr_line' id='line_1_39' title="bbox 1569 3347 2589 3414; baseline 0.004 -18"><span class='ocrx_word' id='word_1_270' title='bbox 1569 3365 1777 3414; x_wconf 75' lang='lat' dir='ltr'><strong>quanam</strong></span> <span class='ocrx_word' id='word_1_271' title='bbox 1815 3349 1878 3396; x_wconf 72' lang='lat' dir='ltr'><strong>nit</strong></span> <span class='ocrx_word' id='word_1_272' title='bbox 1922 3359 2058 3412; x_wconf 76' lang='lat' dir='ltr'><strong>parte</strong></span> <span class='ocrx_word' id='word_1_273' title='bbox 2102 3347 2352 3397; x_wconf 69' lang='lat' dir='ltr'><strong>intuenda.</strong></span> <span class='ocrx_word' id='word_1_274' title='bbox 2396 3351 2589 3400; x_wconf 78' lang='lat' dir='ltr'><strong>Etenim</strong></span> 
     </span>
     <span class='ocr_line' id='line_1_40' title="bbox 1569 3425 2594 3482; baseline 0.006 -7"><span class='ocrx_word' id='word_1_275' title='bbox 1569 3427 1736 3477; x_wconf 80' lang='lat' dir='ltr'><strong>nobile</strong></span> <span class='ocrx_word' id='word_1_276' title='bbox 1761 3427 1888 3477; x_wconf 77' lang='lat' dir='ltr'><strong>illud</strong></span> <span class='ocrx_word' id='word_1_277' title='bbox 1913 3425 2155 3476; x_wconf 77' lang='lat' dir='ltr'><strong>eminendi</strong></span> <span class='ocrx_word' id='word_1_278' title='bbox 2183 3427 2398 3476; x_wconf 70' lang='lat' dir='ltr'><strong>studium</strong></span> <span class='ocrx_word' id='word_1_279' title='bbox 2424 3429 2594 3482; x_wconf 72' lang='lat' dir='ltr'><strong>laudat</strong></span> 
     </span>
     <span class='ocr_line' id='line_1_41' title="bbox 1569 3507 2591 3572; baseline 0.006 -18"><span class='ocrx_word' id='word_1_280' title='bbox 1569 3522 1672 3571; x_wconf 87' lang='lat' dir='ltr'><strong>quo</strong></span> <span class='ocrx_word' id='word_1_281' title='bbox 1690 3507 1802 3570; x_wconf 71' lang='lat' dir='ltr'><strong>quis</strong></span> <span class='ocrx_word' id='word_1_282' title='bbox 1819 3507 2045 3572; x_wconf 66' lang='lat' dir='ltr'><strong>preclara</strong></span> <span class='ocrx_word' id='word_1_283' title='bbox 2061 3507 2274 3555; x_wconf 71' lang='lat' dir='ltr'><strong>facinora</strong></span> <span class='ocrx_word' id='word_1_284' title='bbox 2293 3510 2512 3572; x_wconf 68' lang='lat' dir='ltr'><strong>prefert,</strong></span> <span class='ocrx_word' id='word_1_285' title='bbox 2533 3523 2591 3560; x_wconf 81' lang='lat' dir='ltr'><strong>ut</strong></span> 
     </span>
     <span class='ocr_line' id='line_1_42' title="bbox 1569 3585 2592 3648; baseline 0.004 -14"><span class='ocrx_word' id='word_1_286' title='bbox 1569 3601 1714 3648; x_wconf 67' lang='lat' dir='ltr'><strong>supra</strong></span> <span class='ocrx_word' id='word_1_287' title='bbox 1736 3595 1922 3634; x_wconf 71' lang='lat' dir='ltr'><strong>eeteros</strong></span> <span class='ocrx_word' id='word_1_288' title='bbox 1941 3585 2172 3645; x_wconf 57' lang='lat' dir='ltr'><strong>enimn</strong></span> <span class='ocrx_word' id='word_1_289' title='bbox 2190 3597 2240 3633; x_wconf 80' lang='lat' dir='ltr'><strong>et</strong></span> <span class='ocrx_word' id='word_1_290' title='bbox 2255 3587 2417 3636; x_wconf 72' lang='lat' dir='ltr'><strong>obiter</strong></span> <span class='ocrx_word' id='word_1_291' title='bbox 2435 3600 2592 3638; x_wconf 70' lang='lat' dir='ltr'><strong>osten-</strong></span> 
     </span>
     <span class='ocr_line' id='line_1_43' title="bbox 1569 3663 2591 3732; baseline 0.005 -20"><span class='ocrx_word' id='word_1_292' title='bbox 1569 3664 1674 3726; x_wconf 76' lang='lat' dir='ltr'><strong>dit,</strong></span> <span class='ocrx_word' id='word_1_293' title='bbox 1700 3680 1844 3729; x_wconf 76' lang='lat' dir='ltr'><strong>quain</strong></span> <span class='ocrx_word' id='word_1_294' title='bbox 1869 3663 2103 3726; x_wconf 74' lang='lat' dir='ltr'><strong>injustum</strong></span> <span class='ocrx_word' id='word_1_295' title='bbox 2131 3677 2280 3724; x_wconf 64' lang='lat' dir='ltr'><strong>aaut,</strong></span> <span class='ocrx_word' id='word_1_296' title='bbox 2307 3683 2418 3715; x_wconf 83' lang='lat' dir='ltr'><strong>eum</strong></span> <span class='ocrx_word' id='word_1_297' title='bbox 2445 3685 2591 3732; x_wconf 70' lang='lat' dir='ltr'><strong>pena</strong></span> 
     </span>
     <span class='ocr_line' id='line_1_44' title="bbox 1567 3742 2594 3810; baseline 0.004 -19"><span class='ocrx_word' id='word_1_298' title='bbox 1567 3742 1776 3802; x_wconf 73' lang='lat' dir='ltr'><strong>afficere,</strong></span> <span class='ocrx_word' id='word_1_299' title='bbox 1792 3743 1878 3809; x_wconf 76' lang='lat' dir='ltr'><strong>qui</strong></span> <span class='ocrx_word' id='word_1_300' title='bbox 1890 3743 2036 3792; x_wconf 74' lang='lat' dir='ltr'><strong>bonis</strong></span> <span class='ocrx_word' id='word_1_301' title='bbox 2047 3743 2236 3792; x_wconf 71' lang='lat' dir='ltr'><strong>artibus</strong></span> <span class='ocrx_word' id='word_1_302' title='bbox 2251 3744 2444 3794; x_wconf 73' lang='lat' dir='ltr'><strong>laudem</strong></span> <span class='ocrx_word' id='word_1_303' title='bbox 2459 3763 2594 3810; x_wconf 62' lang='grc' dir='ltr'><strong>φη·</strong></span> 
     </span>
     <span class='ocr_line' id='line_1_45' title="bbox 1567 3823 2592 3888; baseline 0.004 -18"><span class='ocrx_word' id='word_1_304' title='bbox 1567 3823 1766 3882; x_wconf 52' lang='lat' dir='ltr'><strong>siverim</strong></span> <span class='ocrx_word' id='word_1_305' title='bbox 1817 3833 1954 3888; x_wconf 75' lang='lat' dir='ltr'><strong>patet</strong></span> <span class='ocrx_word' id='word_1_306' title='bbox 1997 3824 2238 3872; x_wconf 77' lang='lat' dir='ltr'><strong>continuo</strong></span> <span class='ocrx_word' id='word_1_307' title='bbox 2283 3841 2348 3872; x_wconf 81' lang='lat' dir='ltr'><strong>ne</strong></span> <span class='ocrx_word' id='word_1_308' title='bbox 2391 3825 2592 3874; x_wconf 76' lang='lat' dir='ltr'><strong>minime</strong></span> 
     </span>
     <span class='ocr_line' id='line_1_46' title="bbox 1568 3903 2590 3966; baseline 0.002 -16"><span class='ocrx_word' id='word_1_309' title='bbox 1568 3903 1764 3966; x_wconf 79' lang='lat' dir='ltr'><strong>quidem</strong></span> <span class='ocrx_word' id='word_1_310' title='bbox 1789 3903 1996 3952; x_wconf 80' lang='lat' dir='ltr'><strong>Balbum</strong></span> <span class='ocrx_word' id='word_1_311' title='bbox 2021 3904 2168 3958; x_wconf 67' lang='lat' dir='ltr'><strong>fuisse</strong></span> <span class='ocrx_word' id='word_1_312' title='bbox 2191 3903 2340 3952; x_wconf 69' lang='lat' dir='ltr'><strong>ullius</strong></span> <span class='ocrx_word' id='word_1_313' title='bbox 2373 3905 2590 3952; x_wconf 76' lang='lat' dir='ltr'><strong>criminis</strong></span> 
     </span>
     <span class='ocr_line' id='line_1_47' title="bbox 1567 3997 1720 4030; baseline 0.007 -1"><span class='ocrx_word' id='word_1_314' title='bbox 1567 3997 1720 4030; x_wconf 74' lang='lat' dir='ltr'><strong>reum.</strong></span> 
     </span>
    </p>

    <p class='ocr_par' dir='ltr' id='par_1_8' title="bbox 1568 4059 2592 4194">
     <span class='ocr_line' id='line_1_48' title="bbox 1639 4059 2587 4126; baseline 0 -14"><span class='ocrx_word' id='word_1_315' title='bbox 1639 4070 1690 4117; x_wconf 74' lang='grc'><strong>4.</strong></span> <span class='ocrx_word' id='word_1_316' title='bbox 1737 4061 2042 4110; x_wconf 71' lang='lat' dir='ltr'><strong>Humanitas.</strong></span> <span class='ocrx_word' id='word_1_317' title='bbox 2092 4059 2261 4110; x_wconf 73' lang='lat' dir='ltr'><strong>Studia</strong></span> <span class='ocrx_word' id='word_1_318' title='bbox 2305 4061 2587 4126; x_wconf 76' lang='lat' dir='ltr'><strong>politiorum</strong></span> 
     </span>
     <span class='ocr_line' id='line_1_49' title="bbox 1568 4139 2592 4194; baseline -0.006 -4"><span class='ocrx_word' id='word_1_319' title='bbox 1568 4149 1616 4190; x_wconf 77' lang='lat' dir='ltr'><strong>et</strong></span> <span class='ocrx_word' id='word_1_320' title='bbox 1642 4139 2024 4190; x_wconf 73' lang='lat' dir='ltr'><strong>reconditior-um</strong></span> <span class='ocrx_word' id='word_1_321' title='bbox 2049 4140 2311 4188; x_wconf 75' lang='lat' dir='ltr'><strong>literarum.</strong></span> <span class='ocrx_word' id='word_1_322' title='bbox 2349 4143 2444 4188; x_wconf 84' lang='lat' dir='ltr'><strong>Pro</strong></span> <span class='ocrx_word' id='word_1_323' title='bbox 2477 4147 2592 4194; x_wconf 62' lang='grc' dir='ltr'><strong>(ξω,</strong></span> 
     </span>
    </p>
   </div>
  </div>
 </body>
</html>
