2996 4694
773 393 1158 462 ORATIO
1208 393 1316 462 IN
1365 396 1443 462 L.
1488 396 1567 461 C.
1618 392 2101 460 PISONEM.
2351 393 2493 484 409

373 512 664 613 quidem
721 513 1146 585 sententiam
1195 537 1430 584 meam
1477 511 1949 584 tradidissem.
2000 509 2329 583 Adducta
2378 536 2495 584 res

371 625 447 694 in
507 638 914 710 certamen,
984 637 1054 693 te
1115 624 1444 710 consule,
1512 622 1938 722 putabatur,
1992 637 2277 706 utrum,
2335 645 2499 719 quae

371 736 740 831 superiore
783 757 978 804 anno
1015 733 1134 805 ille
1168 734 1522 830 gessisset,
1568 747 1941 804 manerent
1960 787 1979 820 ,
2024 757 2113 802 an
2148 732 2502 803 rescinde-

372 857 648 914 rentur.
692 840 888 932 Quid
929 843 1186 939 loquar
1219 843 1468 941 plura?
1505 844 1567 914 si
1600 857 1885 914 tantum
1920 843 2039 913 ille
2082 842 2159 913 in
2192 866 2309 913 me
2352 863 2503 913 esse

376 978 530 1024 uno
565 952 852 1024 roboris
887 969 958 1024 et
995 954 1276 1038 virtutis
1311 953 1619 1052 putavit,
1664 967 1746 1022 ut
1788 977 1911 1040 ea,
1956 976 2119 1049 quae
2156 953 2311 1048 ipse
2354 973 2507 1048 ges-

349 1076 596 1147 serat,
653 1063 1150 1152 conciderent,
1205 1063 1264 1133 si
1321 1086 1456 1160 ego
1506 1063 1919 1134 restitissem
1972 1089 1990 1131 z
2054 1083 2183 1132 cur
2230 1063 2299 1132 ei
2352 1085 2505 1130 non

375 1174 734 1269 ignoscam
753 1225 774 1256 ‚
809 1174 870 1242 si
905 1174 1318 1270 anteposuit
1343 1196 1549 1244 suam
1572 1173 1875 1244 salutem
1910 1173 2133 1243 meae?
2170 1171 2309 1243 Sed
2336 1195 2507 1270 prae-

375 1285 586 1353 terita
642 1282 922 1353 omitte.
981 1285 1098 1354 Me
1159 1296 1242 1353 ut
1307 1286 1439 1353 Cn.
1514 1285 1901 1380 Pompeius
1966 1279 2307 1352 omnibus
2365 1282 2510 1352 suis

377 1375 664 1478 studiis,
691 1391 1096 1480 laboribus,
1121 1394 1280 1463 vitae
1307 1393 1643 1491 periculis
1670 1391 2091 1490 complexus
2112 1406 2220 1462 est
2238 1443 2259 1478 ,
2278 1411 2508 1488 quum

379 1503 768 1600 municipia
819 1498 976 1600 pro‘
1012 1526 1132 1574 me
1189 1501 1455 1592 adiret,
1508 1503 1727 1574 Italiae
1778 1501 1997 1574 fidem
2056 1501 2477 1598 imploraret
2496 1555 2517 1582 ‚

379 1616 450 1681 Ρ.
507 1612 819 1684 Lentulo
871 1611 1185 1700 consuli,
1248 1613 1531 1683 auctori
1596 1612 1845 1684 salutis
1902 1635 2115 1697 meae,
2174 1608 2517 1706 frequens

381 1722 758 1806 assideret,
791 1723 1076 1792 senatui
1111 1726 1543 1793 sententiam
1586 1734 1989 1820 praestaret,
2028 1723 2105 1790 in
2141 1721 2515 1791 concioni·

377 1829 518 1902 bus
559 1855 712 1900 non
750 1829 968 1900 modo
1003 1853 1080 1900 se
1118 1829 1575 1902 defensorem
1607 1832 1855 1902 salutis
1894 1853 2109 1918 meae,
2146 1829 2271 1901 sed
2302 1832 2511 1902 etiam

381 1939 776 2037 supplicem
813 1964 946 2036 pro
973 1963 1088 2009 me
1119 1941 1583 2036 profiteretur
1614 1967 1631 2010 τ
1660 1941 1880 2032 hujus
1908 1940 2297 2012 voluntatis
2326 1947 2517 2027 euin,

384 2073 604 2144 quem
639 2049 952 2119 multum
992 2073 1206 2146 posse
1233 2048 1719 2145 intelligebat,
1750 2050 1927 2120 mihi
1960 2075 2111 2120 non
2144 2052 2513 2121 inimicum

385 2181 537 2229 esse
576 2172 924 2254 cognorat
946 2211 966 2241 ‚
1001 2163 1278 2230 socium
1316 2159 1454 2231 sibi
1495 2175 1569 2231 et
1604 2159 2009 2254 adjutorem
2044 2164 2121 2230 C.
2163 2163 2515 2230 Caesarem

385 2267 730 2364 adjunxit.
771 2272 925 2338 Jam
971 2269 1209 2359 videS,
1251 2295 1367 2340 me
1409 2269 1545 2342 tibi
1582 2295 1733 2340 non
1768 2270 2181 2358 inimicum,
2224 2268 2349 2340 sed
2393 2268 2519 2339 ho·

385 2394 605 2466 stem;
659 2379 830 2465 illis,
879 2404 1066 2476 quos
1117 2380 1504 2466 describis,
1556 2405 1707 2452 non
1744 2380 1969 2452 modo
2020 2404 2171 2451 non
2216 2382 2518 2463 iratum,

384 2489 514 2561 sed
567 2490 783 2561 etiam
843 2491 1155 2560 amicum
1223 2515 1378 2563 esse
1431 2489 1747 2563 debere?
1806 2514 2119 2587 quorum
2174 2488 2388 2573 alter,
2442 2488 2513 2559 id

385 2598 588 2698 quod
627 2601 1026 2671 meminero
1068 2624 1380 2697 semper,
1428 2626 1633 2699 aeque
1670 2600 1849 2671 mihi
1883 2599 2021 2671 fuit
2056 2600 2327 2670 amicus
2343 2596 2400 2686 ³,
2437 2622 2519 2669 ac

387 2709 562 2797 sibi;
613 2710 814 2799 alter,
872 2710 948 2781 id
991 2711 1192 2807 quod
1248 2711 1627 2783 obliviscar
1678 2710 2100 2809 aliquando,
2146 2708 2284 2780 sibi
2338 2711 2519 2779 ami-

386 2816 611 2905 cion-4,
663 2844 880 2916 quam
935 2820 1134 2891 mihi.
1184 2822 1466 2891 Deinde
1522 2821 1667 2893 hoc
1704 2824 1799 2893 ita
1846 2819 1960 2910 fit,
1998 2836 2079 2892 ut
2116 2820 2250 2890 viri
2296 2817 2519 2891 fortes

390 2929 666 2999 etiamsi
717 2928 908 3001 ferro
971 2932 1160 3000 inter
1219 2954 1294 3001 se
1355 2934 1685 3003 cominus
1740 2930 2213 3018 decertarint,
2278 2944 2521 2999 tamen

390 3036 571 3109 illud
599 3040 1087 3111 contentionis
1115 3039 1364 3109 odium
1393 3039 1606 3111 simul
1635 3064 1801 3111 cum
1827 3041 1980 3137 ipsa
2008 3062 2253 3135 pugna
2284 3037 2525 3107 armis-

392 3173 542 3245 que
577 3165 879 3247 ponant.
935 3153 1152 3246 Atqui
1199 3174 1318 3221 me
1357 3150 1476 3220 ille
1522 3148 1757 3221 odisse
1798 3147 2201 3243 numquam
2246 3148 2521 3243 potuit,

394 3282 488 3327 ne
522 3272 673 3329 tum
711 3259 1040 3357 quidem,
1083 3284 1311 3356 quum
1352 3258 1894 3333 dissidebamus.
1935 3258 2168 3330 Habet
2209 3257 2351 3329 hoc
2386 3260 2527 3329 vir-

397 3382 542 3455 tuS,
577 3392 794 3463 quam
825 3384 908 3439 tu
937 3395 1030 3441 ne
1073 3370 1162 3441 de
1192 3367 1368 3441 facie
1401 3368 1697 3467 quidem
1726 3370 1949 3457 nosti,
1982 3383 2065 3439 ut
2091 3371 2281 3439 viros
2302 3366 2524 3441 fortes

467 3552 516 3599 3.
541 3551 701 3615 AEque
725 3550 958 3615 mibisue‘e
979 3552 1192 3616 amicus,
1220 3568 1284 3601 ac
1306 3552 1413 3601 sibi.
1506 3576 1532 3596 α
1550 3552 1736 3603 etiamsi
1758 3553 1887 3601 sem
1912 3551 2139 3601 cominu·
2166 3550 2459 3601 decertarint
2474 3574 2520 3601 ι.

395 3631 592 3679 Omittit
627 3646 794 3678 vocem
821 3631 1006 3680 amicus
1037 3633 1190 3681 editio
1217 3649 1416 3682 romana
1579 3641 1627 3689 4.
1647 3633 1807 3681 Alter.
1831 3666 1845 3680 .
1865 3630 1980 3679 ..ςίὸί
1994 3630 2213 3689 amicior,
2228 3647 2375 3695 quam
2390 3630 2528 3691 mihi,

395 3709 648 3775 princeps,
670 3721 720 3758 et
744 3710 954 3759 secund·
979 3715 1267 3761 Veneni-um
1286 3720 1414 3759 vete·
1505 3712 1567 3760 C.
1596 3711 1773 3769 Cenat,
1790 3710 1877 3775 qni
1890 3746 1907 3771 ,
1930 3721 1985 3758 ut
2004 3708 2157 3757 modo
2176 3709 2330 3771 dixit,
2350 3726 2525 3759 «mm

395 3806 502 3839 rum
523 3806 538 3848 ;
581 3790 818 3838 omittunt
845 3791 988 3837 etiam
1015 3800 1224 3855 quatuor
1247 3808 1416 3839 manu-
1504 3791 1705 3839 alutem
1718 3790 1993 3853 anteponit
2006 3804 2171 3839 men».
2188 3789 2270 3837 Sic
2282 3789 2333 3835 in
2348 3788 2529 3837 sexti·-

395 3869 566 3933 ncripti
594 3869 890 3919 Britannici:
919 3885 1128 3932 quorum
1146 3886 1276 3919 uuus
1293 3871 1416 3921 infra
1504 3883 1599 3918 na:
1627 3892 1653 3912 οι
1674 3872 1867 3932 Suoque
1895 3868 1989 3917 sibi
2019 3869 2251 3932 propiora
2277 3866 2491 3933 pericula
2508 3902 2525 3925 ,

396 3964 490 4011 pro
541 3947 734 3995 etiamsi
787 3946 936 3996 habet
987 3947 1078 3995 etsi
1091 3966 1111 4004 ,·
1159 3950 1416 4013 statimque
1504 3964 1651 4013 quam
1700 3964 1805 3997 men
1822 3985 1837 4009 ,
1888 3946 2219 4012 loquebantur
2248 3968 2295 3993 n.
2338 3946 2521 3993 Totum

401 4027 544 4075 iidem
562 4042 770 4092 quatuor
794 4038 960 4075 mrem
971 4026 1178 4075 vocibus
1193 4028 1322 4074 inter
1334 4043 1386 4075 se
1399 4064 1416 4091 ,
1503 4028 1635 4077 hunc
1653 4028 1817 4077 locum
1836 4028 1963 4074 miro
1985 4021 2193 4074 artificii>
2220 4035 2391 4073 tractat
2410 4040 2519 4072 ora-

401 4107 502 4153 sine
530 4108 710 4170 quibus
739 4108 928 4172 reliqua
959 4106 1086 4155 bene
1111 4106 1412 4165 consistunt,
1506 4118 1599 4166 tor,
1624 4108 1842 4170 quamvis
1868 4105 2117 4155 difficilem
2142 4103 2274 4153 ntis.
