2996 4694
477 390 624 464 600
1131 398 1229 466 M.
1279 398 1358 465 T.
1411 398 1989 469 CICERONIS

473 540 728 589 verum
779 518 989 588 etiam
1042 541 1085 588 a
1127 516 1493 590 stati-ibus.
1553 522 1637 589 Hi
1682 532 1755 590 te
1806 533 2020 591 orant
2069 519 2203 589 tui.
2262 520 2617 616 Equidem

476 652 706 726 quum
763 630 908 699 tuis
979 627 1317 700 omnibus
1376 632 1682 727 negotiis
1748 631 2170 701 interessem
2192 684 2211 718 ,
2268 635 2619 704 memoria

473 750 728 821 teneo,
764 737 998 834 qualis
1033 743 1111 809 T.
1141 739 1462 835 Ligarius
1496 753 1813 837 quaestor
1843 737 2167 811 urbanus
2202 738 2423 812 suerit
2448 766 2618 840 erga

472 862 546 919 te
584 862 657 918 et
699 846 1120 945 dignitatem
1177 862 1400 920 tuam.
1449 849 1589 920 Sed
1637 872 1893 946 parum
1933 863 2080 937 est,
2124 874 2243 921 me
2278 850 2613 923 boeme-

473 954 764 1029 minisse
794 985 812 1029 ε
851 982 1066 1055 spero
1095 960 1310 1029 etiam
1341 973 1416 1029 te
1435 1014 1454 1047 ,
1495 960 1627 1057 qui
1663 955 1987 1031 oblivisci
2018 957 2201 1029 nihil
2238 958 2447 1047 soles,
2478 962 2611 1031 nisi

471 1068 770 1165 injurias
791 1121 811 1157 ,
847 1068 1197 1167 quoniam
1242 1068 1388 1141 hoc
1422 1084 1533 1141 est
1565 1068 1830 1157 animi,
1871 1070 2216 1166 quoniam
2252 1070 2465 1141 etiam
2496 1072 2609 1140 in·

469 1182 662 1276 genii
705 1180 844 1265 tui,
901 1194 972 1249 te
1025 1178 1301 1277 aliquid
1349 1178 1440 1251 de
1491 1176 1717 1275 hujus
1767 1177 1894 1250 illo
1937 1183 2329 1276 quaestorio
2368 1177 2609 1251 officio

468 1290 907 1387 cogitantem
929 1342 950 1376 ,
999 1291 1218 1361 etiam
1271 1287 1366 1360 de
1413 1287 1568 1361 aliis
1619 1286 2059 1385 quibusdam
2096 1287 2609 1387 quaestoribus

463 1400 1050 1472 reminiscentem
1085 1398 1450 1471 recordari
1466 1396 1516 1469 ⁵.
1563 1400 1697 1469 Hic
1725 1401 1945 1495 igitur
1974 1404 2055 1469 T.
2091 1403 2449 1496 Ligarius,
2480 1402 2607 1496 qui

461 1524 622 1581 tum
665 1506 852 1579 nihil
896 1511 1039 1606 egit
1081 1506 1276 1579 aliud
1329 1508 1615 1605 (neque
1666 1508 1858 1579 enim
1911 1506 2062 1579 haec
2107 1504 2605 1601 divinabat⁶)‚

465 1620 604 1690 nisi
639 1633 723 1689 ut
763 1632 844 1688 tu
875 1641 1045 1688 eum
1070 1618 1180 1688 tui
1217 1616 1660 1705 studiosum,
1697 1633 1771 1689 et
1816 1615 2101 1689 bonum
2142 1619 2379 1689 virum
2406 1617 2605 1716 judi-

464 1752 699 1816 cares,
734 1751 930 1799 nunc
964 1752 1004 1798 a
1045 1741 1118 1799 te
1146 1728 1456 1825 supplex
1489 1726 1725 1799 fratris
1760 1728 2067 1801 salutem
2095 1730 2297 1827 petit.
2338 1731 2605 1819 Quam,

468 1836 685 1932 hujus
716 1837 1131 1910 admonitus
1159 1836 1439 1925 officio,
1468 1862 1701 1936 quum
1728 1839 2058 1935 utrisque
2086 1838 2250 1911 his7
2285 1837 2605 1927 dederis,

467 1962 611 2019 tres
645 1946 902 2021 fratres
945 1950 1264 2046 optimos
1305 1962 1380 2019 et
1418 1949 1956 2045 integerrimos,
2000 1972 2153 2018 non
2192 1947 2427 2019 solum
2466 1947 2601 2020 sibi

461 2062 692 2158 ipsos,
737 2083 979 2157 neque
1015 2058 1128 2131 his
1159 2072 1270 2130 tot
1294 2083 1378 2132 ac
1409 2056 1675 2129 talibus
1699 2058 1873 2129 viris
1892 2112 1913 2147 ‚
1956 2081 2197 2155 neque
2232 2056 2447 2129 nobis
2476 2082 2603 2131 ne·

461 2225 781 2291 deprehendit
795 2260 812 2285 ,
850 2225 1046 2291 lougius
1071 2226 1408 2291 progreditur,
1435 2238 1484 2275 et

457 2305 726 2373 proclamat
753 2305 941 2354 veniam
967 2304 1073 2355 dsri
1103 2305 1295 2370 Ligario
1329 2321 1482 2371 opor-

464 2398 599 2445 tere,
624 2386 812 2434 etiamsi
831 2399 968 2450 anns
994 2385 1045 2432 in
1065 2385 1169 2434 scie
1187 2385 1482 2447 Pharsalica,

460 2465 602 2532 qnod
621 2466 760 2514 nullo
777 2466 929 2514 modo
949 2465 1066 2514 fecit
1079 2501 1094 2526 ,
1117 2467 1339 2530 cepisset.

534 2546 588 2593 5.
628 2544 909 2593 Recordan‘.
955 2544 1126 2592 Primis
1171 2545 1289 2594 belli
1324 2544 1483 2594 civilis

459 2622 762 2688 temporibus
787 2623 949 2672 Caesar
979 2623 1200 2670 mnrium
1231 2623 1284 2670 vi
1309 2639 1480 2687 rapere

458 2701 667 2750 adnixus
691 2711 791 2762 est3
817 2709 1081 2763 quaestores
1103 2697 1221 2750 vero
1238 2736 1253 2760 ,
1278 2719 1480 2766 praeser-

457 2781 645 2844 timque
687 2779 912 2827 tribunus
950 2778 1195 2842 Metellus,
1215 2781 1478 2830 vehemen-

455 2859 639 2909 tissime
665 2857 975 2908 obstiterunt.
1017 2857 1086 2906 At
1111 2861 1332 2924 quamvis
1372 2877 1476 2908 ma·

457 2941 620 2989 ximos
644 2949 848 2987 conatus
873 2937 1117 2987 ediderint
1131 2973 1146 2998 ‚
1176 2939 1331 2988 aerarii
1355 2956 1475 3005 por-

455 3031 530 3070 tss
569 3036 659 3084 per
700 3019 803 3068 vim
845 3019 1005 3068 Caesar
1045 3019 1276 3084 infregit,
1325 3036 1472 3084 pecu-

383 3131 388 3139 ·
453 3101 682 3164 uiamque
706 3115 902 3148 omnem
925 3097 1144 3148 abstulit.
1182 3099 1473 3149 Audiendus

454 3180 516 3228 de
539 3179 632 3228 hac
657 3195 710 3227 re
727 3178 852 3227 Plin.
871 3179 1130 3240 xxxm,
1157 3179 1186 3227 3
1205 3195 1219 3227 :
1239 3199 1266 3221 ‹-
1283 3177 1343 3229 C.
1361 3179 1471 3229 Cae·

449 3275 541 3317 sar,
569 3259 729 3322 primo
753 3256 964 3306 introitu
987 3257 1153 3316 urbis,
1177 3257 1312 3305 civili
1337 3256 1472 3306 bello

450 3353 572 3396 suo,
608 3353 672 3383 ex
709 3336 879 3384 erario
908 3335 1116 3399 protulit
1144 3335 1348 3384 laterum
1379 3352 1470 3384 au·

449 3429 646 3464 reorum
680 3431 750 3462 xv
771 3431 831 3465 ιι.
862 3425 1204 3478 argenteorum
1234 3431 1372 3463 mv
1407 3433 1468 3466 ιι.

451 3505 501 3543 et
525 3495 576 3541 in
598 3493 960 3542 nunterston-S
973 3510 1108 3543 cccc.
1128 3493 1238 3542 Nec
1253 3494 1347 3542 fnit
1363 3495 1470 3544 aliis

447 3571 754 3636 temporibus
797 3572 1070 3637 respublica
1111 3573 1409 3637 locupletior
1423 3595 1467 3623 n.

453 3651 606 3716 Quod
644 3649 870 3714 equidem
913 3653 1098 3700 factum
1137 3652 1312 3701 Cicero
1361 3669 1467 3703 non

449 3733 532 3782 hic
585 3731 765 3796 apertis
821 3730 984 3778 verbis
1039 3741 1308 3791 memorst3
1377 3733 1466 3782 sed

446 3805 684 3854 Caessrem
702 3811 892 3850 tantum
909 3811 1076 3849 mouet
1087 3835 1102 3862 ,
1119 3802 1194 3850 uti
1210 3802 1264 3850 in
1280 3819 1464 3851 memo-

1570 2224 1791 2287 smittat,
1826 2224 1995 2273 merita
2032 2232 2194 2274 autem
2238 2226 2291 2273 in
2329 2242 2381 2273 se
2421 2226 2597 2275 collata

1572 2320 1762 2372 semper
1782 2305 1948 2355 animo
1968 2314 2127 2354 servet
2150 2318 2208 2354 sc
2234 2308 2599 2356 tenest.Vocem

1571 2384 1699 2432 hanc
1723 2383 2031 2448 magnificam
2048 2385 2221 2433 recitat
2240 2385 2593 2450 Quintilianus,

1573 2465 1669 2525 v1,
1696 2471 1727 2520 4
1744 2497 1759 2522 ,
1786 2462 1873 2512 sed
1896 2464 2096 2512 inverso
2122 2463 2330 2513 ordine:
2356 2488 2383 2508 α
2404 2466 2504 2529 Qui
2522 2467 2596 2515 ni-

1570 2541 1641 2591 hil
1668 2542 1895 2591 oblivisci
1921 2543 2073 2603 soles,
2100 2543 2198 2591 nisi
2224 2543 2428 2605 injurias
2446 2567 2488 2594 -.

1641 2623 1695 2670 6.
1752 2621 2030 2670 Divinabat.
2080 2623 2353 2670 Venturum
2398 2623 2587 2674 scilieet

1568 2711 1789 2766 tempus,
1834 2717 1937 2766 quo
1968 2711 2018 2749 te
2047 2701 2286 2750 victorem
2311 2717 2404 2766 pro
2436 2704 2586 2753 fratre

1566 2795 1651 2828 reo
1680 2779 2039 2845 deprecaretur.
2068 2781 2189 2829 Non
2213 2779 2297 2828 ille
2328 2782 2379 2828 in
2423 2784 2593 2833 confe-

1566 2857 1720 2907 rendo
1770 2858 2012 2910 beneflcio
2049 2860 2261 2908 futuram
2308 2861 2591 2920 utilitatem.

1564 2953 1677 3003 qua
1698 2940 1919 3004 prospici
1944 2957 2049 2988 non
2074 2950 2290 3004 poterat,
2311 2943 2590 3005 requisivit3

1564 3031 1667 3067 non
1710 3018 1774 3066 de
1818 3019 2105 3085 recipiendo
2150 3019 2411 3083 cogitavit,
2438 3036 2588 3086 quum

1561 3094 1712 3148 daret.
1738 3097 1865 3146 Vide
1905 3097 2287 3162 praeclarissimis
2325 3098 2493 3147 verbis
2524 3101 2589 3149 de

1560 3173 1657 3224 hoc
1679 3189 1899 3240 agentem
1924 3179 2155 3226 Senecam
2170 3211 2186 3235 ‚
2211 3194 2240 3224 a
2266 3193 2371 3240 quo
2398 3179 2588 3243 aliquid

1560 3258 1775 3304 mutuari
1801 3256 1924 3304 libet
1953 3271 1967 3304 :
2012 3278 2039 3298 κ
2061 3255 2154 3304 ῙΠο
2174 3258 2263 3320 qui
2288 3267 2421 3306 totus
2448 3259 2511 3307 ad
2534 3277 2587 3308 se

1558 3345 1747 3398 spectat
1763 3371 1779 3392 .
1810 3347 1859 3384 et
1876 3335 2022 3384 nobis
2040 3336 2240 3400 prodest
2254 3373 2270 3400 ,
2306 3339 2423 3401 quis
2446 3339 2587 3388 aliter

1558 3412 1652 3461 sihi
1668 3414 1903 3478 prodesse
1918 3429 2023 3462 non
2041 3425 2227 3478 potest,
2249 3431 2311 3464 eo
2331 3415 2447 3466 loco
2462 3401 2605 3468 mihi‘

1558 3502 1660 3551 est,
1698 3508 1800 3558 quo
1826 3495 1912 3558 qui
1932 3493 2105 3557 pecori
2130 3510 2223 3542 suo
2248 3493 2507 3544 hibernum
2534 3509 2583 3548 et

1558 3571 1779 3621 estivam
1803 3571 2037 3636 pabulum
2058 3574 2325 3638 prospieit3
2349 3590 2409 3624 eo
2434 3574 2582 3639 loco,

1555 3667 1657 3716 quo
1674 3652 1761 3716 qui
1782 3653 2002 3716 captivos
2028 3668 2169 3712 suos,
2198 3663 2255 3703 ut
2277 3656 2582 3706 commodius

1554 3742 1763 3780 veneant
1778 3765 1794 3790 ‚
1815 3732 1973 3794 pascit
1987 3767 2003 3791 ‚
2028 3743 2079 3780 et
2096 3733 2312 3796 optimos
2328 3733 2483 3784 boves
2498 3753 2579 3784 sa-

1554 3809 1687 3874 ginat
1705 3820 1754 3857 et
1774 3811 1993 3862 defricet.
2012 3811 2313 3871 Multum‚ut
2325 3814 2395 3861 sit
2406 3815 2579 3864 Clean-

440 3883 559 3932 rism
601 3891 796 3930 revocet
829 3896 930 3929 non
970 3896 1140 3929 omnes
1165 3893 1456 3945 quaestores,
1548 3887 1655 3936 thes
1674 3923 1690 3948 ‚
1720 3907 1747 3936 a
1794 3888 2035 3938 beneficio
2089 3889 2237 3940 distat
2280 3893 2547 3957 negotiatio
2560 3928 2575 3953 ,

438 3973 493 4010 nt
511 3962 611 4026 egit
627 3961 842 4026 Ligarius
861 3997 876 4024 ,
903 3976 1014 4008 eum
1031 3977 1094 4008 eo
1115 3961 1284 4024 egisse.
1307 3961 1460 4022 Cuius
1548 3979 1642 4017 ete.
1664 3991 1689 4012 a
1718 3969 1793 4016 De
1827 3971 1993 4018 Benef.
2013 3972 2087 4017 VI
2102 4005 2119 4028 ,
2154 3985 2233 4018 ια.

439 4041 553 4090 facti
571 4055 682 4089 eum
705 4057 808 4090 nou
833 4041 1044 4090 oblitum
1069 4041 1216 4089 fuisse
1235 4049 1458 4101 testatur,

1621 4063 1666 4107 7.
1689 4047 1909 4112 Utrisque
1925 4049 2016 4098 lais.
2038 4047 2249 4098 Duobus
2264 4051 2467 4115 Ligariis
2487 4055 2575 4117 qui

439 4119 576 4184 quod
642 4121 876 4169 malorum
934 4131 1120 4170 tantum
1177 4123 1454 4172 memoriam
1544 4125 1626 4172 hic
1652 4125 1857 4186 adsunt,
1878 4139 1928 4176 et
1946 4139 1993 4176 te
2014 4143 2105 4191 pro
2126 4129 2269 4178 fratre
2292 4141 2453 4180 orant.
