2996 4694
765 336 1156 457 oRA‘rlo'
1199 388 1404 457 PRo
1451 392 1531 459 T.
1576 394 1657 461 A.
1710 372 2141 471 MiLoNE.
2382 404 2517 494 543

392 506 558 578 dam
585 507 988 579 incredibili
1015 508 1280 581 robore
1309 513 1531 583 animi
1570 541 1587 583 ε
1622 517 1951 590 exsilium
1980 520 2085 593 ibi
2102 548 2268 599 esse
2296 547 2521 627 putat,

389 616 522 690 ubi
553 620 802 690 virtuti
833 644 986 691 non
1024 620 1116 691 sit
1157 619 1392 707 locus;
1431 639 1741 697 mortem
1776 644 2049 701 naturae
2074 632 2295 707 finem
2328 665 2481 713 esse
2504 698 2523 729 ,

391 752 542 799 non
579 754 894 827 poenam.
939 732 1042 800 Sit
1084 730 1202 803 hic
1239 756 1321 803 ea
1365 750 1647 821 mente,
1684 763 1827 835 qua
1866 755 2077 812 natus
2112 760 2240 815 est.
2276 750 2525 839 Quid?

391 860 545 926 vos,
567 836 870 932 judices»,
895 864 1048 935 quo
1073 840 1366 913 tandem
1395 845 1641 917 animo
1668 848 1910 920 eritis?
1944 856 2367 929 Memoriam
2392 864 2527 933 Mi-

391 944 578 1018 lonis
602 948 1050 1037 retinebitis,
1085 951 1323 1049 ipsum
1357 955 1707 1049 ejicietis?
1742 970 1813 1030 et
1842 963 1979 1034 erit
2003 963 2288 1061 dignior
2318 968 2523 1044 locus

390 1060 464 1127 in
511 1061 722 1131 terris
773 1059 1004 1149 ullus,
1058 1064 1188 1159 qui
1242 1063 1428 1135 hanc
1487 1068 1825 1140 virtutem
1896 1076 2243 1173 excipiat,
2298 1106 2518 1177 quam

389 1165 528 1254 hic,
557 1169 686 1265 qui
712 1176 1114 1265 procreavit
1131 1172 1202 1242 ¹?
1236 1176 1422 1262 Vos,
1450 1200 1583 1248 vos
1608 1181 1925 1277 appelIO‚
1954 1182 2322 1260 fortissimi
2351 1196 2481 1265 viri
2500 1250 2520 1282 ‚

389 1280 518 1374 qui
543 1279 855 1351 multum
883 1307 1020 1381 pro
1038 1282 1410 1381 republica
1435 1282 1861 1385 sanguinem
1886 1292 2237 1370 effudistis
2256 1326 2275 1387 ;
2294 1306 2518 1377 vosin

389 1390 554 1476 viri,
587 1406 662 1481 et
702 1394 777 1462 in
815 1395 990 1465 civis
1033 1396 1278 1469 invicti
1311 1399 1601 1497 appello
1634 1403 1988 1499 pericu10,
2026 1412 2521 1499 centuriones,

386 1524 698 1599 vosque,
759 1506 1063 1607 milites²
1110 1534 1126 1576 :
1171 1507 1378 1581 vobis
1433 1536 1585 1583 non
1634 1514 1855 1585 modo
1908 1517 2521 1616 inspectantibus,

387 1610 512 1681 sed
539 1613 754 1683 etiam
785 1618 1106 1702 armatis,
1144 1632 1218 1687 et
1246 1617 1420 1691 huic
1443 1620 1720 1715 judicio
1753 1628 2337 1722 praesidentibus,
2370 1635 2521 1708 haec

387 1734 584 1793 tanta
623 1723 850 1795 virtus
877 1750 966 1796 ex
995 1725 1130 1795 hac
1157 1726 1340 1800 urbe
1384 1730 1840 1826 expelletur?
1878 1741 2523 1815 exterminabitur?

387 1832 854 1929 projicietur?
898 1840 962 1905 O
999 1860 1116 1906 me
1153 1838 1531 1910 miserum!
1564 1862 1611 1909 o
1656 1864 1772 1911 me
1816 1844 2266 1921 infelicem³!
2310 1879 2521 1926 revo-

384 1966 548 2013 care
585 1958 664 2014 tu
713 1934 830 2015 me
877 1946 954 2015 in
1007 1948 1350 2043 patriam,
1389 1949 1605 2033 Milo,
1646 1955 1952 2047 potuisti
1989 1982 2122 2053 per
2166 1960 2345 2050 hos-‚3
2384 1990 2521 2061 ego
2626 2020 2633 2024 -

385 2066 458 2124 te
492 2055 566 2123 in
604 2057 834 2152 patria
877 2078 1012 2152 per
1053 2054 1344 2129 eosdem
1381 2061 1693 2130 retinere
1736 2086 1885 2132 non
1928 2071 2291 2162 pota-04?
2326 2076 2521 2163 Quid

383 2161 846 2262 respondebo
902 2163 1144 2239 liberis
1209 2171 1422 2253 meis,
1482 2170 1611 2266 qui
1668 2184 1739 2242 te
1792 2189 2164 2269 parentem
2214 2178 2520 2255 alterum

383 2275 688 2372 putant?
723 2275 900 2374 quid
937 2276 1102 2365 tibi,
1135 2282 1226 2370 Q.
1255 2274 1474 2352 frater
1489 2268 1542 2367 ⁵,
1574 2286 1705 2379 qui
1730 2307 1926 2356 nunc
1960 2284 2167 2376 abeS‚
2198 2298 2517 2367 consorti

451 2541 720 2592 xxxvn.
781 2559 824 2591 1.
875 2545 1164 2595 Proerean'e.
1216 2547 1402 2596 Italiam

385 2619 538 2683 dieit3
564 2637 679 2670 nem
705 2623 913 2682 hunvii
941 2637 1086 2675 natu·
1113 2637 1214 2675 erat
1236 2628 1362 2676 Milo
1385 2644 1400 2678 ε

383 2699 606 2750 exsilium
655 2715 818 2752 nutem
867 2721 970 2754 non
1023 2717 1212 2756 tantum
1253 2707 1401 2766 urbe,

383 2779 470 2827 ned
512 2791 560 2829 et
605 2782 739 2831 Italia
783 2784 1120 2835 interdicebat.
1161 2813 1230 2824 —
1275 2789 1326 2831 V
1321 2803 1400 2852 os,

381 2873 473 2905 vos
493 2861 706 2923 appello.
739 2863 849 2911 Jem
875 2865 1164 2912 fortissimos
1189 2866 1320 2914 viro·
1349 2866 1400 2914 in

380 2935 584 2984 Miloni·
604 2942 939 3003 patrocinium*
951 2943 1186 3003 advocat3
1206 2943 1402 2994 illorum

381 3014 610 3063 virtutem
637 3033 747 3065 cum
769 3021 900 3069 illiue
931 3021 1196 3070 calamitate
1222 3039 1402 3072 conso-

381 3091 498 3144 ciat.
537 3096 772 3162 Quisquis
804 3115 900 3164 pro
933 3102 1086 3165 patrie
1118 3101 1400 3165 sanguinem

381 3169 540 3231 fudit,
587 3175 791 3224 Milonis
832 3179 996 3227 socius
1033 3191 1082 3228 et
1129 3180 1399 3229 commilito

381 3265 484 3298 ene
511 3252 686 3315 (leben
713 3257 1008 3323 quicumque
1029 3260 1201 3324 patrie
1226 3273 1276 3309 et
1299 3263 1400 3308 vir-

380 3331 501 3378 tutis
540 3347 706 3381 emaus
741 3346 843 3394 eet,
881 3337 924 3384 in
950 3349 1000 3385 et
1025 3337 1206 3387 Miloni
1243 3339 1402 3387 faveat

380 3421 574 3458 necesse
599 3422 687 3461 eet.

453 3503 500 3538 2.
526 3491 740 3555 Vosque,
755 3491 943 3544 milites.
959 3497 1112 3558 Quasi
1131 3495 1285 3544 nimio
1305 3495 1399 3545 do·

379 3566 482 3615 lore
527 3568 850 3634 abriperetur,
897 3589 952 3621 ee
1007 3575 1217 3640 appellnt
1237 3611 1250 3634 ‚
1289 3593 1400 3640 quoe

380 3661 536 3696 cnm
564 3649 760 3699 minime
795 3653 952 3700 fuvere
983 3666 1144 3704 certus
1168 3667 1289 3703 erat.
1315 3656 1400 3706 Ad

377 3740 545 3774 omnes
581 3743 632 3775 ee
661 3732 902 3778 convertit
915 3765 930 3791 ,
967 3736 1105 3797 quasi
1133 3751 1398 3799 numquam

377 3806 492 3852 ntis
528 3821 620 3869 pro
665 3806 869 3856 Milonis
905 3810 1061 3861 salute
1103 3814 1198 3862 eibi
1231 3815 1400 3862 fecisse

378 3883 638 3934 videretur.
659 3912 728 3922 -
747 3891 985 3938 Arruntis.
1005 3893 1254 3941 Insolitam
1273 3893 1400 3943 hene

373 3968 546 4030 indicii
573 3969 777 4018 sormam
806 3971 967 4022 obiter
993 3984 1048 4021 ut
1073 3973 1125 4020 in
1149 3977 1398 4040 principio

377 4057 514 4095 notet
531 4085 544 4109 ,
565 4047 822 4113 innuitque
853 4051 914 4098 ab
941 4051 1038 4098 illis
1063 4061 1213 4100 teuto
1235 4055 1392 4102 virtu-

379 4130 442 4176 tis
468 4127 742 4193 exemplum
767 4129 1120 4195 protegendum
1143 4147 1200 4178 ec
1230 4132 1400 4180 defeu-

1492 2547 1707 2597 dendum
1728 2585 1743 2608 ,
1780 2548 1963 2598 nedum
1997 2553 2143 2601 ermis
2178 2553 2310 2603 illam
2342 2559 2519 2622 oppri-

1491 2644 1623 2678 mere
1648 2627 1919 2678 videantur.

1565 2709 1613 2759 3.
1639 2711 1683 2758 0
1705 2726 1781 2758 me
1801 2708 2041 2775 infelicem
2056 2715 2079 2758 l
2101 2711 2181 2760 Ad
2210 2717 2519 2778 conquestio-

1490 2805 1604 2838 nem
1634 2789 1900 2838 relabitur:
1930 2800 2161 2838 exaestuat
2192 2792 2320 2840 enim
2350 2795 2517 2857 dolor,

1491 2869 1687 2933 quotie·
1712 2867 1917 2917 Milonis
1956 2869 2241 2916 meritorum
2270 2871 2402 2919 subit
2432 2889 2513 2921 re-

1491 2947 1749 2996 cordatio:
1792 2963 1903 2994 nam
1948 2947 2081 2994 vario
2124 2957 2260 2995 motu
2306 2954 2515 3014 erumpit

1489 3027 1649 3074 oratio
1668 3039 1759 3089 pro
1780 3024 1951 3071 babitu
1970 3023 2118 3071 animi
2143 3027 2409 3086 perturbati
2424 3062 2439 3086 ,
2466 3041 2513 3078 et

1488 3113 1733 3165 temquem
1772 3099 2029 3158 fiuctibus,
2064 3102 2215 3149 modo
2258 3105 2311 3150 in
2350 3105 2511 3167 hanc,

1455 3173 1462 3182 ¹
1487 3182 1639 3230 modo
1666 3181 1719 3226 in
1740 3179 1870 3226 illam
1888 3189 2075 3244 purtem
2092 3180 2317 3240 jactatur.
2338 3183 2512 3250 Neque

1488 3260 1595 3308 haec
1620 3255 1793 3320 frigida
1819 3266 1868 3304 et
1901 3273 1965 3304 ex
2000 3273 2360 3322 supervacaneo
2388 3279 2513 3313 cou-

1489 3337 1706 3403 qneetio‚
1732 3335 1819 3384 sed
1851 3349 1911 3382 ex
1946 3336 2101 3399 ipsius
2128 3351 2284 3385 causae
2314 3342 2511 3391 visceri-

1487 3419 1582 3468 bus
1625 3415 1833 3464 deducte
1848 3449 1863 3474 ,
1908 3414 2083 3462 intimo
2136 3415 2323 3468 doloris
2370 3437 2517 3471 sensu

1487 3512 1713 3563 expressa
1740 3505 1829 3543 eet.

1562 3587 1609 3635 4.
1636 3573 1859 3623 Retinere
1886 3591 1987 3622 non
2002 3586 2196 3638 potero.
2223 3579 2347 3627 Sene
2368 3583 2513 3630 mise·

1485 3673 1595 3706 rum
1614 3667 1687 3704 est
1710 3655 1770 3703 iis
1794 3669 1897 3702 non
1920 3670 2063 3718 posse
2086 3657 2286 3720 gratiam
2312 3661 2510 3720 referre,

1485 3752 1513 3785 a
1542 3735 1722 3799 quibus
1746 3731 1981 3781 beneficia
2004 3737 2301 3801 accepimus.
2332 3739 2511 3786 Verum

1487 3815 1580 3864 alie
1636 3811 1859 3862 oratione
1912 3823 2078 3861 orator
2126 3815 2508 3864 misericordiam

1485 3905 1681 3952 movet3
1717 3890 1855 3957 quod
1901 3907 2003 3940 non
2049 3893 2209 3941 solum
2249 3910 2275 3941 e
2318 3895 2509 3944 Milone

1489 3973 1819 4031 distrahetur,
1858 3971 1945 4019 sed
1984 3973 2127 4020 etiam
2164 3971 2515 4023 animadvertat

1487 4069 1625 4103 ouem
1650 4053 1783 4117 apud
1800 4052 1959 4100 bonos
1976 4051 2177 4115 gratiam
2194 4051 2384 4113 frigere.

1562 4133 1611 4182 ⁵.
1659 4133 1720 4198 Q.
1748 4130 1932 4194 frater.
1971 4129 2201 4179 Libenter
2242 4128 2420 4180 Cicero
2463 4134 2517 4182 in
