2996 4694
390 448 540 468 m
546 450 972 469 mmm
978 452 1064 470 m
1071 432 2520 473 mmmmmssmmmmwmssnn

807 693 2103 886 ARGUMENTUMJ

385 1114 538 1169 Anu.
575 1116 649 1171 U.
678 1116 740 1171 C.
771 1112 907 1188 697,
942 1116 1046 1170 Cn.
1085 1112 1354 1170 Cornelio
1399 1112 1644 1177 Lentulo
1690 1108 2030 1169 Marcellino
2072 1121 2131 1166 et
2174 1113 2241 1166 L.
2289 1108 2515 1167 Marcio

465 1208 736 1287 Philippo
773 1216 936 1267 coss.'
958 1228 1138 1286 quum
1182 1210 1306 1286 lege
1347 1209 1691 1286 Sempronia
1730 1208 2011 1266 sancitum
2059 1217 2244 1275 esset,
2292 1218 2359 1263 ut
2388 1218 2521 1264 ante

466 1304 698 1363 comitia
731 1305 1052 1365 consularia
1085 1320 1315 1365 senatus
1341 1304 1708 1375 decerneret,
1739 1305 1799 1362 in
1827 1322 1971 1381 quas
2009 1301 2339 1380 provincias
2373 1321 2519 1359 con-

466 1402 616 1460 sules
655 1400 935 1482 designati
966 1417 1100 1481 post
1130 1404 1492 1463 consulatum
1534 1402 1928 1472 mitterentur,
1970 1412 2162 1481 actum
2204 1411 2290 1457 est
2330 1398 2393 1457 in
2424 1417 2521 1457 se-

465 1512 634 1567 natu,
667 1499 806 1577 quid
836 1499 910 1559 de
937 1500 1139 1559 Galliis
1164 1499 1420 1572 duabuS,
1466 1499 1541 1558 de
1572 1499 1741 1576 Syria
1770 1511 1828 1556 et
1859 1496 2203 1555 Macedonia
2238 1495 2364 1553 fieri
2394 1496 2521 1573 pla-

464 1608 637 1654 ceret.
665 1596 878 1656 Gallias
893 1596 1035 1655 duas
1053 1615 1170 1655 uno
1189 1596 1434 1675 imperio
1461 1598 1649 1655 Caesar
1674 1593 1942 1672 regebat3
1968 1595 2196 1671 Syriam
2218 1590 2519 1663 Gabinius,

464 1692 868 1751 Macedoniam
894 1695 1024 1752 Piso
1052 1692 1369 1752 obtinebat.
1403 1690 1797 1751 Decernendae
1827 1702 1992 1771 eraut
2018 1688 2334 1767 provinciae
2352 1688 2519 1760 duae3

467 1788 740 1849 Servilius
777 1789 954 1867 igitur
989 1803 1121 1847 ante
1165 1790 1502 1847 Ciceronem
1541 1788 1880 1847 sententiam
1923 1775 2157 1865 rogatus
2195 1785 2419 1861 Syriam
2460 1798 2521 1843 et

467 1884 868 1943 Macedoniam
902 1885 1330 1955 decernendas;
1379 1886 1479 1944 alii
1520 1899 1895 1956 censuerunt,
1928 1896 1993 1941 ut
2024 1884 2299 1941 alterutra
2334 1881 2525 1941 Gallia

471 1982 681 2039 Camari
706 1981 1126 2040 detraheretur.
1172 1981 1380 2039 Cicero
1415 1982 1759 2040 sententiam
1786 1992 2019 2059 rogatus
2051 1979 2303 2058 primum
2331 2000 2363 2038 e
2390 1984 2525 2037 Ma·-

469 2075 711 2135 cedonia
737 2077 1032 2149 Pisonem,
1065 2096 1190 2155 cap.
1233 2086 1376 2148 1—4;
1409 2076 1619 2135 deinde
1645 2097 1680 2135 e
1703 2077 1871 2154 Syria
1902 2075 2213 2135 Gabinium
2245 2096 2524 2135 revocan—

471 2173 610 2231 dum
657 2194 778 2233 esse
816 2174 1012 2247 docet,
1065 2194 1189 2253 cap.
1234 2176 1304 2247 53
1349 2175 1431 2233 ita
1475 2188 1541 2233 ut
1579 2174 1671 2233 hae
1710 2174 2025 2253 provinciae
2068 2194 2177 2252 per
2217 2175 2518 2233 instantem

471 2290 682 2329 annum
699 2271 985 2351 praetoriae
997 2272 1128 2345 sint,
1149 2291 1302 2331 anno
1314 2273 1580 2352 proxime
1599 2283 1875 2351 sequente
1888 2272 2236 2345 consulares,
2248 2290 2376 2352 cap.
2392 2273 2449 2345 6,
2465 2292 2523 2345 7.

471 2371 685 2428 Caesari
729 2383 922 2428 autem
949 2369 1374 2429 succedendum
1413 2369 1678 2428 nondum
1720 2387 1841 2427 esse
1882 2381 2093 2427 censet.
2136 2371 2209 2427 Et
2247 2369 2523 2446 quoniam

470 2463 678 2543 aliquis
739 2466 1040 2525 familiaris
1105 2480 1415 2545 negaverat
1464 2467 1803 2526 Ciceronem
1845 2466 2224 2526 inimiciorem
2270 2465 2521 2527 Gabinio

467 2559 684 2620 debere
705 2582 829 2621 csse
847 2583 1022 2641 quam
1044 2565 1256 2624 Caesari
1269 2609 1284 2636 ,
1307 2583 1537 2623 omnem
1559 2564 1713 2622 enim
1731 2563 1885 2622 illam
1908 2563 2097 2621 exsilii
2122 2575 2521 2640 tempestatem
2616 2583 2625 2590 ·

468 2662 691 2718 Caesare
715 2659 1033 2739 impulsore
1060 2674 1235 2738 atque
1257 2661 1521 2740 adjutore
1540 2680 1666 2720 esse
1687 2660 1989 2719 excitatam
2003 2703 2019 2731 ,
2034 2660 2238 2719 Cicero
2266 2661 2521 2737 primum

469 2756 744 2834 exemplis
782 2757 1223 2816 fortissimorum
1255 2770 1313 2817 et
1355 2757 1803 2816 clarissimorum
1838 2757 2097 2815 virorum
2134 2775 2197 2814 se
2235 2755 2524 2826 defendit,

467 2851 626 2928 quod
652 2853 970 2912 communis
997 2856 1192 2932 potius
1222 2855 1484 2914 utilitatis
1507 2856 1791 2914 rationem
1818 2853 2064 2926 habeat,
2096 2873 2269 2932 quam
2298 2855 2519 2916 doloris

468 2947 590 3020 sui,
620 2967 744 3028 cap.
767 2951 831 3021 8,
857 2971 931 3027 93
989 2948 1200 3009 deinde
1242 2951 1494 3010 ostendit
1530 2971 1591 3010 se
1629 2951 1690 3008 in
1726 2955 1950 3010 Caesare
1982 2951 2249 3008 ornando
2291 2965 2523 3013 senatus

471 3044 824 3104 voluntatem
863 3060 924 3103 et
959 3045 1297 3123 reipublicae
1325 3047 1639 3122 ,utilitatem
1696 3047 1885 3124 sequi,
1938 3066 2063 3124 cap.
2105 3065 2213 3116 io,
2248 3067 2341 3104 11.
2388 3053 2522 3108 Non

471 3153 662 3199 autem
690 3141 834 3200 utile
863 3162 986 3200 esse
1023 3141 1360 3222 reipublicae
1373 3186 1391 3216 ‚
1421 3143 1580 3203 bunc
1618 3143 2025 3221 imperatorem
2044 3187 2061 3214 ‚
2102 3143 2401 3203 incensum
2446 3146 2521 3204 ad

473 3235 886 3315 rempublicam
918 3237 1069 3298 bene
1099 3239 1411 3318 gerendam
1432 3282 1450 3311 ,
1498 3259 1803 3312 revocare3
1854 3251 1912 3298 et
1942 3251 2119 3298 totam
2151 3240 2355 3299 Gallici
2381 3241 2522 3302 belli

472 3333 782 3403 rationem,
840 3355 1028 3415 prope
1052 3334 1174 3414 jam
1223 3337 1601 3415 explicatam,
1630 3335 1973 3415 perturbare
2003 3349 2178 3414 atque
2208 3337 2521 3417 impedire,

471 3447 597 3508 cap.
634 3441 829 3500 12-14.
877 3431 1012 3491 Illas
1043 3446 1234 3492 autem
1267 3435 1577 3492 sententias
1616 3433 1865 3492 duorum
1908 3445 2242 3493 senatorum
2288 3437 2522 3497 minime

472 3524 802 3603 probandas
825 3547 975 3602 esse,
1008 3549 1262 3607 quorum
1285 3530 1432 3589 alter
1456 3530 1793 3590 ulteriorem
1821 3531 2067 3591 Galliam
2097 3531 2369 3592 decernat
2390 3555 2523 3595 cum

469 3625 636 3701 Syria
660 3667 676 3695 ,
738 3624 886 3682 alter
929 3628 1252 3687 citeriorem
1273 3672 1289 3700 ,
1340 3647 1466 3706 cap.
1506 3629 1597 3690 15.
1630 3633 1834 3706 Neque
1870 3649 2011 3688 vero
2052 3633 2524 3693 committendum

469 3739 622 3794 eme,
669 3733 734 3778 ut
758 3721 912 3779 ullus
941 3723 1033 3780 vir
1068 3725 1256 3802 clarus
1287 3745 1352 3783 ac
1381 3739 1589 3803 potens
1624 3725 1847 3784 senatui
1872 3725 2005 3804 jure
2038 3727 2203 3785 irasci
2239 3748 2409 3806 posse
2436 3731 2524 3787 vi-

468 3817 690 3890 deatur,
719 3837 787 3876 ac
808 3831 1120 3896 propterea
1147 3821 1362 3879 Gallias
1391 3821 1602 3881 Caesari
1624 3823 1683 3880 in
1712 3823 1903 3881 medio
1936 3843 2129 3880 rerum
2152 3838 2441 3901 gestarum
2464 3839 2523 3884 et

465 3915 849 3994 gerendarum
883 3934 1056 3976 cursu
1083 3937 1198 3975 non
1223 3917 1556 3977 adimendas
1578 3963 1597 3990 ,
1621 3940 1745 3998 cap.
1779 3920 1869 3977 16.
1901 3920 2125 3979 Deinde
2146 3919 2406 3980 breviter
2424 3942 2523 3980 ex·

467 4011 644 4089 plicat
662 4056 680 4085 ,
726 4031 852 4090 quae
883 4011 998 4070 sibi
1024 4013 1136 4092 ipsi
1163 4013 1238 4074 sit
1271 4014 1422 4072 ratio
1451 4029 1512 4073 et
1541 4035 1713 4074 causa
1738 4036 1869 4073 cum
1908 4019 2151 4074 Caesare.
2196 4015 2319 4074 Sibi
2347 4017 2523 4095 igitur

469 4129 600 4167 cum
625 4129 697 4169 eo
721 4109 1048 4169 inimicitias
1076 4109 1250 4169 fuisse
1277 4131 1620 4192 numquam3
1642 4112 1973 4190 opinionem
1995 4113 2217 4190 injuriae
2231 4111 2305 4171 ab
2328 4133 2399 4172 eo
2422 4135 2521 4174 ac-
