2996 4694
420 441 512 460 ”Q
523 436 1534 459 §Qssmussmmmmmssumm
1545 435 1818 456 mmm
1824 437 2284 460 mmssssmm
2290 438 2375 462 m
2381 433 2562 460 MR„

924 705 2044 811 ARGUMENTUM.

424 1005 491 1058 L.
525 997 871 1076 Calpurnius
912 996 1047 1056 Piso
1077 1009 1136 1054 et
1160 1000 1233 1054 A.
1263 991 1548 1054 Gabinius
1584 996 1851 1056 consules
1890 1015 2022 1054 ann.
2056 999 2131 1056 U.
2166 1001 2230 1058 C.
2259 998 2405 1076 69⁵,
2435 1019 2554 1059 non

508 1094 681 1154 modo
708 1099 769 1154 P.
793 1093 1001 1152 Clodio
1028 1091 1259 1151 tribuno
1286 1091 1472 1172 plebis
1498 1094 1858 1170 rogationem
1882 1093 1943 1152 in
1967 1094 2304 1154 Ciceronem
2325 1097 2560 1176 iniquis-

505 1191 708 1249 simam
738 1188 945 1248 serenti
984 1207 1099 1246 non
1134 1186 1516 1260 obstiterunt,
1548 1207 1752 1246 verum
1795 1189 1969 1246 etiam
2003 1189 2255 1250 nefarios
2293 1192 2416 1269 ejus
2455 1213 2558 1252 co-

508 1301 675 1346 natus
711 1303 772 1346 et
820 1285 1064 1346 exitiosa
1108 1283 1445 1363 reipublicae
1491 1285 1734 1343 consilia
1779 1285 2148 1345 vehementer
2194 1287 2558 1366 adjuverunt.

505 1388 710 1462 ltaque
741 1384 949 1444 Cicero
977 1403 1158 1461 quum
1186 1396 1334 1440 esset
1366 1381 1440 1440 ab
1469 1382 1673 1440 exsilio
1713 1395 2016 1442 revocatus
2043 1427 2062 1456 ,
2092 1396 2214 1442 tum
2259 1385 2384 1444 aliis
2413 1387 2557 1446 locis

502 1479 709 1540 acerbe
738 1500 839 1538 eos
866 1479 1195 1550 accusavit,
1214 1492 1339 1536 tum
1374 1497 1508 1536 ann.
1535 1483 1606 1538 U.
1629 1482 1694 1537 C.
1723 1479 1860 1556 697,
1887 1499 2067 1556 quum
2099 1481 2474 1542 Marcellinus
2499 1496 2558 1542 et

500 1578 799 1656 Philippus
828 1595 975 1634 coss.
1007 1574 1080 1632 de
1124 1573 1439 1654 provinciis
1480 1573 1886 1633 consularibus
1916 1575 2041 1654 lege
2075 1579 2420 1656 Sempronia
2448 1577 2558 1638 de-

500 1675 803 1734 cernendis
844 1671 1159 1742 referrent,
1206 1689 1431 1728 summo
1478 1670 1707 1744 studio,
1743 1669 1804 1729 in
1843 1673 2109 1731 oratione
2141 1673 2214 1732 de
2241 1676 2559 1754 provinciis

500 1769 931 1840 consularibus,
955 1787 1129 1846 quam
1148 1766 1355 1826 habuit
1381 1767 1440 1825 in
1468 1779 1670 1826 senatu
1685 1810 1703 1840 ,
1728 1767 1875 1846 egit,
1899 1782 1964 1826 ut
1977 1769 2110 1826 Piso
2132 1789 2164 1826 e
2193 1772 2558 1847 Macedonia,

499 1867 782 1928 Gabinius
824 1887 857 1925 e
889 1867 1059 1944 Syria
1097 1877 1485 1924 revocaretur.
1525 1869 1715 1938 Quam
1745 1865 1807 1921 in
1848 1866 2188 1924 sententiam
2221 1871 2373 1928 scto
2405 1869 2559 1928 sacto

501 1966 664 2044 prior
702 1964 835 2024 Piso
880 1984 913 2022 e
950 1962 1253 2042 provincia
1291 1960 1495 2030 rediit,
1541 1974 1602 2019 et
1626 1981 1804 2038 quum
1843 1961 1905 2018 in
1947 1975 2148 2022 senatu
2191 1966 2443 2042 graviter
2484 1967 2558 2026 de

497 2063 775 2121 sententia
803 2059 1100 2120 Ciceronis
1123 2071 1357 2136 questus
1386 2069 1563 2128 esset,
1588 2058 1794 2116 Cicero
1817 2058 1872 2115 ei
1897 2057 2008 2116 hac
2030 2059 2295 2119 oratione
2312 2081 2560 2140 respon-

497 2159 614 2232 dit,
646 2171 706 2216 et
737 2152 1105 2216 acerbissime
1134 2155 1195 2213 in
1224 2175 1356 2212 eum
1380 2154 1644 2212 invectus
1670 2167 1773 2211 est.

575 2253 714 2332 Ejus
742 2251 1019 2312 orationis
1034 2251 1385 2331 principium
1401 2292 1416 2319 ,
1442 2262 1654 2329 praeter
1689 2251 1911 2328 aliquot
1938 2251 2256 2328 fragmenta
2275 2251 2350 2311 ab
2365 2260 2553 2314 Asco-

496 2354 595 2411 nio
626 2366 851 2410 servata
868 2394 885 2421 ,
926 2350 1187 2409 nondum
1216 2362 1303 2409 est
1332 2351 1393 2407 in
1421 2347 1595 2409 codd.
1624 2352 1772 2409 MSS
1810 2362 2122 2425 repertum.
2151 2355 2219 2409 In
2242 2372 2358 2429 qua
2387 2369 2556 2433 post-

494 2468 669 2527 quam
691 2446 765 2505 de
793 2447 1015 2505 Pisonis
1046 2466 1256 2523 genere
1283 2457 1343 2503 et
1380 2443 1701 2523 majoribus
1728 2443 1983 2517 dixerat,
2013 2445 2265 2525 exagitat
2303 2448 2554 2510 honores

496 2545 570 2603 ab
602 2564 674 2603 eo
708 2545 1078 2622 impetratos,
1108 2542 1375 2621 inprimis
1415 2554 1608 2601 autem
1644 2560 1812 2599 suum
1841 2542 2232 2616 consulatum,
2254 2564 2382 2623 cap.
2415 2548 2519 2604 1·-3
2539 2590 2554 2617 ,

495 2660 625 2699 cum
654 2638 876 2700 Pisonis
907 2640 1242 2711 consulatu,
1284 2657 1415 2715 cap.
1449 2638 1592 2707 4-13
1612 2660 1628 2709 3
1651 2656 1820 2695 suum
1847 2636 2160 2697 discessum
2189 2638 2250 2697 in
2286 2642 2550 2703 exsilium

492 2756 770 2815 suamque
807 2735 1151 2807 absentiam,
1177 2756 1227 2793 c.
1266 2744 1368 2807 14,
1400 2735 1500 2805 15,
1531 2752 1662 2792 cum
1692 2735 1916 2794 Pisonis
1946 2735 2200 2795 discessu
2221 2737 2282 2795 in
2315 2740 2554 2818 provin-

494 2834 637 2893 ciam
661 2833 903 2911 ejusque
929 2829 1221 2904 absentia,
1245 2852 1295 2890 c.
1328 2832 1542 2901 16-21;
1574 2830 1786 2890 deinde
1812 2831 2058 2891 reditum
2084 2852 2426 2915 suum,cap.
2448 2857 2553 2911 υ,

494 2952 623 2991 cum
652 2931 875 2991 Pisonis
912 2930 1134 3002 reditu,
1162 2949 1293 3008 cap.
1331 2929 1560 3002 23-26,
1596 2941 1913 3007 comparat.

568 3034 719 3088 Tum
751 3027 930 3085 vitam
957 3026 1080 3105 ejus
1108 3025 1388 3084 urbanam
1418 3027 1695 3105 exagitat3
1725 3025 2092 3105 ostenditque
2123 3046 2258 3085 eum
2291 3033 2549 3103 senatui,

490 3122 781 3204 equitibus
800 3168 818 3198 ,
849 3123 1009 3203 plebi
1042 3143 1295 3182 romanae
1314 3167 1331 3195 ,
1353 3122 1491 3181 odio
1522 3142 1646 3181 esse
1665 3165 1682 3193 ,
1701 3142 1829 3200 cap.
1865 3142 1971 3195 273
2000 3122 2212 3181 deinde
2255 3124 2548 3186 luxuriam

491 3222 613 3299 ejus
630 3235 822 3295 notat,
845 3241 1021 3301 quam
1044 3221 1450 3293 Philodemus,
1474 3232 1649 3298 poeta
1677 3238 1930 3297 graecus,
1960 3218 2034 3279 ab
2061 3240 2132 3279 eo
2163 3222 2293 3299 ipso
2320 3239 2553 3302 rogatus

492 3318 904 3379 delicatissimis
944 3316 1209 3376 versibus
1249 3328 1645 3395 expresserat,
1685 3336 1812 3394 cap.
1845 3317 1954 3385 28,
2008 3336 2102 3394 29.
2132 3318 2357 3378 Deinde
2389 3322 2548 3398 quod

490 3415 624 3472 Piso
648 3412 899 3485 dixerat,
920 3414 1191 3473 Ciceroni
1218 3433 1337 3471 non
1353 3411 1648 3485 invidiam,
1671 3412 1774 3471 sed
1792 3432 1990 3471 versus
2009 3414 2231 3491 aliquot
2247 3417 2545 3490 nocuisse;

490 3511 743 3590 primum
785 3512 1072 3583 ostendit,
1104 3530 1237 3569 eum
1272 3510 1471 3589 inepte
1502 3510 1611 3568 hos
1642 3530 1874 3583 versus,
1915 3511 2064 3569 male
2103 3512 2424 3573 intellectos
2453 3536 2550 3573 ne-
2629 3580 2632 3585 ,

492 3609 862 3689 prehendisse
885 3652 901 3679 ,
929 3630 1055 3689 cap.
1089 3612 1205 3680 303
1252 3609 1463 3668 deinde
1507 3610 1753 3677 refutat,
1794 3630 1923 3687 quae
1963 3609 2062 3668 ille
2096 3609 2170 3668 de
2197 3614 2455 3692 Pompeii
2488 3628 2548 3672 et

489 3708 727 3768 Caesaris
753 3728 885 3767 cum
918 3708 1199 3767 Cicerone
1228 3707 1540 3765 inimicitiis
1570 3706 1828 3778 dixerat,
1857 3728 1985 3786 cap.
2014 3708 2224 3767 31-33.

563 3808 861 3863 Postremo
884 3824 973 3862 res
1002 3804 1223 3861 Pisonis
1252 3803 1310 3861 in
1340 3803 1640 3882 provincia
1667 3816 1888 3881 gestas,
1919 3803 2074 3861 labes
2103 3804 2365 3883 imperii,
2391 3820 2542 3864 stra-

484 3920 583 3978 ges
626 3900 979 3979 provinciae,
1014 3899 1271 3956 avaritiae
1293 3942 1311 3967 ,
1350 3896 1678 3973 injustitiae,
1721 3899 2079 3963 crudelitatis
2119 3901 2361 3957 crimina
2401 3920 2542 3977 per-

486 3998 745 4075 stringit,
785 4013 1035 4070 eumque
1066 3992 1143 4051 ob
1173 3993 1297 4051 haec
1341 3993 1558 4052 scelera
1590 3996 1940 4073 gravissimis
1971 3995 2157 4075 poenis
2187 3994 2424 4073 dignum
2467 3997 2542 4056 ab

486 4091 753 4151 omnibus
770 4089 1019 4169 judicari
1054 4088 1439 4161 demonstrat,
1474 4111 1600 4169 cap.
1629 4094 1828 4160 34-41.
