2996 4694
443 350 583 425 538
1069 358 1164 424 M.
1219 358 1296 425 T.
1349 357 1931 427 CICERONIS
1986 408 1993 417 .

537 478 658 547 Me
693 474 1026 578 quidem,
1063 473 1383 569 judiceS‚
1429 481 1845 547 exanimant
1888 492 1963 547 et
1992 477 2421 546 interimunt
2462 474 2575 543 hae

445 610 658 657 voces
709 586 1038 673 Milonis,
1083 611 1262 691 quas
1315 586 1535 658 audio
1570 588 1891 675 assidue,
1942 602 2013 659 et
2048 585 2319 685 quibus
2352 587 2576 656 inter-

445 720 606 767 sum
661 692 1006 791 quotidie.
1045 697 1384 788 Valeant,
1423 694 1779 786 valeant5,
1826 700 2107 793 inquit,
2164 698 2355 767 cives
2392 694 2531 765 mei
2555 748 2577 781 ,

445 806 766 893 valcant3
798 810 944 879 sint
969 806 1404 895 incolumeS‚
1431 810 1575 879 sint
1599 807 1941 879 florentes
1957 860 1978 894 ‚
2006 808 2151 878 sint
2178 804 2408 891 heati3
2436 816 2577 873 stet

447 917 596 987 haec
637 916 815 989 urbs
871 917 1242 1015 praeclara,
1287 918 1615 1015 mihique
1670 920 1893 1015 patria
1934 920 2331 999 carissima,
2386 936 2577 1009 quo-

447 1052 597 1125 quo
633 1025 855 1099 modo
893 1030 1146 1099 merita
1199 1028 1290 1114 de
1327 1054 1444 1100 me
1485 1032 1645 1099 erit.
1699 1023 2159 1125 Tranquilla⁶
2206 1022 2579 1123 republica

445 1140 635 1209 cives
685 1140 858 1227 mei,
912 1141 1260 1236 quoniam
1319 1138 1498 1210 mihi
1548 1163 1716 1210 cum
1772 1139 1911 1209 illis
1968 1162 2120 1209 non
2178 1135 2380 1220 licet,
2426 1136 2579 1204 sine

447 1274 564 1321 me
600 1251 774 1347 ipsi,
806 1248 933 1321 sed
972 1275 1100 1346 per
1127 1274 1244 1321 me
1273 1266 1555 1335 tamen,
1594 1248 2077 1348 perfruantur.
2110 1252 2261 1344 Ego
2292 1244 2581 1328 cedam,

447 1373 668 1455 atque
711 1358 954 1431 abibo,
1004 1362 1075 1431 Si
1131 1360 1312 1429 mihi
1345 1359 1723 1457 republica
1756 1360 1953 1431 bona
1990 1358 2131 1430 frui
2168 1382 2317 1429 non
2360 1356 2581 1428 licue-

451 1468 544 1537 rit
565 1521 584 1554 ,
623 1482 698 1537 at
727 1468 988 1539 carebo
1019 1470 1282 1557 ma1a⁷;
1321 1484 1392 1541 et
1421 1495 1638 1567 quam
1672 1466 2035 1568 primum⁸
2064 1471 2369 1566 tetigero
2394 1466 2585 1537 bene

455 1592 808 1649 moratam
866 1592 938 1650 et
992 1579 1298 1651 liberam
1329 1583 1749 1668 civitatem,
1804 1583 1885 1651 in
1928 1604 2013 1651 ea
2050 1581 2581 1677 conquiescam.

457 1692 522 1757 Ο
563 1687 864 1776 frustra,
906 1692 1181 1787 inquit,
1219 1693 1536 1791 suscepti
1564 1694 1707 1763 mei
1740 1689 2057 1763 labores!
2100 1716 2147 1761 o
2190 1714 2355 1787 spes
2388 1685 2589 1758 falla-

457 1794 604 1868 ces!
652 1822 698 1868 o
743 1800 1213 1895 cogitationes
1251 1804 1496 1873 inanes
1536 1800 1752 1873 meae!
1799 1806 1951 1900 Ego
1989 1825 2219 1899 quum
2250 1798 2604 1869 tribunus.

459 1907 692 2006 plebis
718 1964 739 1993 ‚
789 1910 1160 2009 republica
1204 1938 1582 2011 oppressa,
1642 1937 1759 1982 me
1808 1912 2139 1983 senatuis>
2193 1906 2543 1979 dedissem
2568 1958 2589 1993 ‚

460 2043 678 2114 quem
700 2022 1130 2093 exstinctum
1156 2046 1605 2120 acceperam3
1640 2021 2009 2119 equitibus
2030 2020 2380 2105 romaniS‚
2408 2040 2592 2114 quo·

463 2153 622 2198 rum
662 2130 850 2201 vires
901 2148 1104 2203 erant
1153 2131 1555 2220 debiles¹⁰;
1613 2132 1827 2204 bonis
1870 2134 2081 2217 viris,
2134 2132 2262 2228 qui
2298 2150 2595 2199 omnem

463 2242 960 2313 auctoritatem
994 2240 1358 2313 Clodianis
1390 2244 1677 2313 armis¹¹
1720 2242 2167 2336 abjecerant3
2214 2238 2393 2309 mihi
2432 2258 2595 2307 um-

389 2371 394 2376 ·
465 2366 682 2447 quam
723 2351 1090 2425 bonorum
1137 2353 1547 2451 praesidium
1582 2354 2006 2426 defuturum
2038 2351 2416 2451 putarem?
2445 2354 2595 2446 Ego

464 2487 694 2558 quum
745 2478 815 2535 te
864 2465 1196 2556 (mecum
1250 2467 1442 2536 enim
1494 2467 1901 2564 saepissime'
1932 2463 2298 2561 loquitur)
2354 2463 2599 2560 patriae

465 2571 976 2657 reddidissem,
1025 2575 1203 2644 mihi
1258 2600 1408 2645 non
1467 2573 1795 2646 futurum
1851 2576 1927 2644 in
1984 2575 2212 2674 patria
2268 2587 2597 2670 putarem

467 2679 754 2750 locum?
779 2680 924 2753 Ubi
951 2707 1150 2753 nunc
1176 2699 1466 2755 senatus
1495 2700 1604 2756 est
1620 2740 1638 2774 ‚
1662 2687 2196 2782 quemequuti
2217 2694 2278 2728 ¹²
2302 2680 2602 2754 sumus?

545 2916 594 2963 5.
647 2901 898 2976 Valeant,
933 2918 1158 2966 valeant.
1198 2921 1358 2966 Voces
1395 2918 1492 2966 ium

475 2993 538 3042 ad
597 2996 886 3045 movendam
955 2997 1330 3048 misericordiam
1381 3009 1496 3047 suut

475 3077 764 3140 aptissimae;
798 3078 913 3142 quia
936 3079 1132 3128 videtur
1153 3095 1297 3143 supra
1313 3090 1496 3127 sortem

476 3171 610 3203 suam
636 3173 688 3204 se
712 3157 892 3220 erigere
917 3158 1075 3207 Milo:
1102 3159 1324 3223 miroque
1344 3156 1498 3206 artifi-

445 3287 451 3295 ,
478 3236 556 3282 eio
583 3235 701 3282 dum
723 3236 869 3284 verba
891 3238 1042 3298 jactat
1069 3249 1238 3287 orator
1265 3237 1362 3286 hoc
1391 3238 1498 3284 viro

479 3313 782 3376 dignissima,
806 3315 1186 3366 benivolentiam
1205 3319 1350 3365 etiam
1369 3315 1501 3378 iudi·

479 3407 592 3440 cum
609 3395 746 3455 quasi
763 3395 1026 3444 invitorum
1046 3397 1138 3444 sibi
1159 3396 1392 3444 devincit.

549 3471 599 3518 6.
628 3472 918 3535 Tranquillo
935 3472 1196 3538 repe-blica.
1222 3475 1384 3522 Nullis
1401 3475 1504 3535 jam

481 3565 642 3600 rerum
679 3553 1009 3603 eversionibus
1036 3539 1244 3617 jactata,
1272 3555 1506 3619 quoniam

481 3629 612 3677 huuc
652 3633 900 3695 oppressi,
943 3649 1032 3699 per
1069 3649 1216 3697 quem
1258 3644 1504 3682 commota

481 3725 672 3772 semper
699 3720 818 3759 erat.
917 3755 928 3768 x

557 3805 604 3849 7.
629 3787 812 3837 Cae-cbo
829 3791 980 3840 mala.
1001 3791 1056 3839 Si
1071 3791 1244 3852 ejicior
1259 3809 1286 3840 e
1307 3792 1506 3840 civitate

487 3877 592 3915 tum
631 3883 784 3933 quum
815 3885 918 3917 mea
938 3870 1120 3919 virtute
1155 3871 1210 3917 iu
1247 3870 1505 3918 florentem

485 3947 631 3994 luerit
658 3959 838 3998 statum
863 3949 1115 4008 restituta3
1143 3965 1260 3998 uon.
1275 3948 1396 3996 mihi
1425 3947 1512 3995 da-

487 4041 654 4075 mnum
681 4039 869 4078 tantum
903 4029 1158 4089 inferetur,
1183 4045 1295 4078 uam
1331 4027 1511 4076 carebo

489 4105 579 4153 hac
611 4109 856 4173 republica
883 4109 1034 4168 mala,
1065 4109 1220 4174 qualis
1243 4120 1348 4158 erat
1365 4117 1507 4168 tunc,

1582 2936 1733 2983 quum
1776 2921 1977 2970 Clodius
2016 2937 2123 2969 eam
2161 2929 2401 2984 perpetuo
2440 2916 2605 2981 exagi-

1582 3009 1723 3048 tamt.

1658 3081 1707 3126 8.
1728 3079 1915 3124 Ernest.
1928 3076 2156 3140 primam.
2182 3075 2232 3123 J.
2250 3073 2313 3120 V.
2340 3075 2395 3120 1..

1657 3173 1707 3219 9.
1730 3154 1935 3205 δεκαετεῖ-
1950 3156 2202 3204 dedissem.
2220 3155 2425 3200 Senatus
2438 3160 2610 3215 patro·

1587 3237 1769 3285 ciuium
1818 3235 2132 3298 suscepissem
2147 3267 2162 3291 ‚
2214 3247 2359 3296 quem
2406 3229 2609 3280 Clodius

1586 3317 1655 3364 ita
1679 3317 1927 3365 attriverat
1945 3347 1983 3375 ,.
2004 3324 2061 3362 ut
2084 3311 2289 3361 omuino
2316 3311 2611 3359 exstinctum

1588 3398 1878 3460 acciperem.

1668 3491 1749 3524 10.
1807 3473 1944 3520 Vires
1983 3480 2129 3518 erant
2168 3468 2363 3518 debiles.
2407 3469 2615 3532 Propter

1591 3555 1821 3606 Clodium
1834 3587 1851 3612 ‚
1873 3551 1959 3615 qui
1980 3550 2087 3598 illas
2115 3549 2439 3598 imminuerat.

1669 3647 1752 3681 n.
1784 3628 2033 3681 Clodianis
2053 3629 2225 3678 αηηίε.
2252 3629 2379 3678 Num
2408 3625 2617 3676 Clodiu·

1592 3728 1687 3779 pro
1724 3707 1955 3760 tribunali
1992 3709 2195 3758 Aurelio
2211 3743 2225 3765 ,
2266 3705 2619 3771 perditissimos

1594 3807 1817 3857 quosque
1834 3789 2212 3853 conscripserat,
2235 3797 2285 3834 et
2305 3795 2473 3834 contra
2494 3799 2621 3832 rem-

1595 3871 1845 3936 publicam
1863 3869 2009 3916 ermis
2024 3867 2333 3916 instruxerat.

1676 3965 1755 3999 η.
1774 3947 2163 4013 Sequutisumus.
2178 3947 2329 4007 Cujus
2344 3942 2621 3991 auctoritati

1597 4045 1786 4093 semper
1832 4029 1885 4075 iu
1938 4022 2317 4076 administranda
2376 4020 2620 4086 republica

1598 4109 1863 4172 paruimus.
