2996 4694
461 395 604 495 396
1098 401 1195 466 M.
1245 399 1324 466 T.
1375 395 1949 467 CI‘CERONIS

461 521 562 590 dii
585 512 1004 616 negligunt⁶
1039 544 1056 586 :
1093 519 1261 615 qui,
1285 533 1372 590 ut
1391 533 1639 590 noster
1664 519 1782 589 ille
1814 517 2099 590 divinus
2126 516 2307 589 dixit
2333 523 2588 618 Epicu-

461 655 586 702 rus
607 685 628 718 ,
665 653 906 727 neque
943 631 1242 727 propitii
1270 631 1609 726 cuiquam
1639 653 1791 700 esse
1810 626 2101 711 solent,
2134 653 2375 725 neque
2407 631 2588 702 irati.
2678 707 2689 712 ,

460 745 624 813 Non
659 737 872 812 facies
895 737 1114 810 fidem
1155 739 1423 814 scilicet
1444 792 1463 826 ‚
1510 761 1739 835 quum
1779 738 1929 809 haec
1970 735 2389 835 disputabis.
2430 737 2590 808 Tibi

461 851 654 922 enim
707 864 782 922 et
829 873 1018 936 esse,
1073 862 1146 920 et
1192 845 1410 920 fuisse
1457 847 1634 920 deos
1684 847 1994 920 videbit⁷
2054 845 2297 939 iratos.
2338 851 2591 918 Vertes

457 975 532 1031 te
566 959 656 1030 ad
701 959 996 1030 alteram
1039 949 1446 1047 scholam⁸;
1487 956 1789 1030 disseres
1818 957 1913 1028 de
1944 957 2319 1056 triumpho
2351 955 2591 1048 :Quid

460 1067 753 1139 tandem
789 1065 1008 1138 hahet
1055 1068 1190 1138 iste
1241 1068 1542 1140 currus?
1595 1065 1777 1164 quid
1816 1067 2037 1138 vincti
2084 1081 2251 1138 ante
2296 1091 2589 1138 currum

461 1177 725 1250 duces?
784 1176 960 1274 quid
1021 1175 1398 1249 simulacra
1462 1175 1943 1275 oppidorum?
2012 1174 2189 1274 quid
2252 1201 2505 1248 aurum
2520 1177 2595 1246 9?

459 1287 638 1385 quid
665 1287 1092 1384 argentum?
1123 1287 1300 1384 quid
1331 1287 1546 1384 legati
1571 1289 1648 1356 in
1682 1288 1924 1383 equiS‚
1963 1301 2036 1356 et
2064 1285 2383 1356 tribuni?
2413 1285 2591 1382 quid

461 1398 731 1470 clamor
775 1396 1131 1467 militum?
1183 1396 1360 1494 quid
1403 1411 1553 1468 tota
1608 1396 1730 1467 illa
1782 1398 2091 1494 pompa?
2145 1398 2386 1466 inania
2424 1409 2591 1466 sunt

458 1509 630 1594 ista,
682 1505 862 1575 mihi
901 1505 1152 1592 crede,
1201 1505 1720 1578 delectamenta
1761 1529 1966 1604 paene
2006 1529 2436 1603 puerorum,
2473 1531 2589 1576 ca-

459 1629 664 1714 ptare
695 1612 1019 1712 plausuS,
1038 1613 1217 1686 ·vehi
1247 1640 1379 1713 per
1405 1614 1663 1688 urbem
1680 1669 1700 1702 ‚
1726 1617 2047 1713 conspici
2076 1614 2281 1686 velle.
2308 1615 2593 1707 Quibus

462 1749 552 1796 ex
581 1722 804 1795 rebus
839 1723 1020 1794 nihil
1051 1738 1192 1811 est,
1231 1723 1436 1822 quod
1479 1726 1793 1797 solidum
1828 1741 2110 1813 tenere3
2145 1725 2321 1795 nihil
2342 1779 2361 1814 ‚
2392 1725 2591 1822 quod

459 1831 726 1906 referre
777 1834 869 1905 ad
918 1834 1362 1934 voluptatem
1413 1840 1737 1934 corporis
1790 1837 2037 1933 possis.
2089 1836 2284 1925 Quin
2340 1851 2419 1906 tu
2476 1860 2593 1906 me

463 1945 698 2033 videS‚
735 1947 865 2042 qui
885 2000 904 2030 ‚
935 1970 1022 2016 ex
1049 1971 1192 2042 qua
1227 1947 1597 2042 provincia
1618 1949 1698 2015 T.
1726 1945 2162 2016 Flamininus
2180 1953 2268 2032 ¹⁰,
2292 1947 2369 2014 L.
2394 1943 2595 2016 Paul-

461 2055 611 2143 lus,
656 2057 744 2146 Q.
791 2054 1161 2143 Metellus,
1203 2060 1284 2126 T.
1329 2055 1626 2146 Didius,
1664 2053 2227 2126 innumerabiles
2260 2053 2419 2142 alii,
2456 2054 2593 2152 levi

423 2185 426 2190 ·
461 2165 856 2264 cupiditate
905 2167 1288 2252 commoti,
1337 2164 1923 2264 triumpharunt,
1972 2189 2061 2234 ex
2106 2189 2189 2236 ea
2232 2165 2331 2234 sic
2372 2162 2590 2250 redii,

460 2287 545 2344 ut
594 2271 686 2344 ad
738 2287 1022 2372 portam
1071 2274 1623 2371 Esquilinam¹¹‚
1686 2273 2227 2346 Macedonicam
2278 2272 2591 2344 lauream

459 2384 976 2469 conculcarim3
1035 2385 1190 2481 ipse
1245 2408 1414 2455 cum
1467 2383 1889 2456 hominibus
1938 2384 2355 2481 quindecim
2406 2384 2593 2454 male

459 2495 730 2565 vestitis
782 2491 874 2564 ad
918 2507 1201 2590 portam
1245 2493 1927 2567 Coelimontanam¹²
1972 2496 2217 2565 sitiens
2252 2518 2593 2593 pervene-

461 2604 600 2675 rim
639 2628 654 2671 :
693 2626 846 2699 quo
875 2604 951 2672 in
991 2601 1154 2673 loco
1181 2604 1360 2674 mihi
1395 2602 1732 2693 libertuS,
1768 2603 2109 2703 praeclaro
2140 2606 2589 2702 imperatori,

463 2711 764 2783 domum
792 2736 881 2783 ex
914 2710 1049 2782 hac
1078 2710 1194 2785 die
1209 2704 1272 2757 ¹3
1309 2712 1539 2786 hiduo
1576 2728 1743 2785 ante
1779 2713 2262 2801 conduxerat;
2291 2738 2452 2810 quae
2475 2738 2591 2783 va·-

534 2850 586 2899 6.
611 2849 740 2911 Quas
756 2846 828 2897 dii
842 2848 1112 2915 negligunt.
1135 2848 1333 2900 Indncit
1347 2852 1488 2899 Piso-
1573 2850 1729 2899 nescit
1754 2849 1887 2899 hunc
1912 2865 2015 2897 esee
2038 2849 2101 2897 T.
2130 2848 2391 2913 Quintium
2420 2848 2593 2897 Flami-

465 2944 576 2977 nem
589 2928 916 2993 disputantem
935 2944 998 2977 ex
1015 2930 1218 2994 Epicuri
1233 2930 1486 2979 sententia.

464 3008 706 3073 Epicurus
737 3009 866 3056 enim
903 3006 1022 3057 dene
1051 3007 1208 3057 aiebat
1241 3010 1484 3075 negligere

464 3086 706 3137 mortalia.

538 3184 590 3228 7.
617 3166 697 3215 Al.
719 3164 924 3215 videbis.
951 3168 1002 3217 J.
1022 3168 1084 3217 V.
1115 3169 1173 3216 L.

534 3246 587 3294 8.
632 3250 797 3293 Ver-ces
824 3256 871 3294 te
903 3245 978 3293 ad
1002 3246 1210 3295 alteram
1245 3245 1484 3297 scholam.

461 3326 576 3374 Hoc
611 3337 686 3373 eat
699 3358 716 3385 ‚
747 3322 813 3372 ad
841 3323 1042 3373 alteram
1074 3324 1449 3389 disputationem
1466 3360 1484 3387 ,

461 3420 549 3453 sea
569 3402 955 3451 dissertationem
973 3402 1033 3450 de
1051 3402 1316 3467 triumpho.

533 3498 583 3545 9.
632 3481 765 3543 Quid
786 3486 1003 3529 amm?
1037 3480 1162 3544 quid
1189 3487 1486 3546 argentum?

460 3560 661 3627 Duplex
697 3559 794 3607 Init
824 3574 1024 3617 aarum,
1065 3558 1202 3622 quod
1231 3559 1286 3607 in
1315 3559 1482 3607 trium·

462 3638 576 3705 phin
601 3636 863 3694 ferebatur,
890 3636 1094 3685 alterum
1123 3652 1184 3685 ex
1209 3638 1482 3697 manubiis,

463 3720 524 3767 de
536 3732 634 3782 qna
645 3730 768 3763 voce
786 3714 973 3763 Gellius
989 3716 1041 3763 in
1053 3714 1295 3764 Noctibus
1304 3717 1485 3766 Atticis

466 3792 795 3847 consulendus
816 3808 830 3843 :
851 3792 1058 3843 alterum
1075 3797 1398 3845 coronarium.

538 3892 618 3925 ιο.
655 3876 711 3923 Τ.
741 3872 1058 3922 Flamininus.
1093 3878 1300 3925 Faernus
1331 3876 1481 3940 legit,

462 3953 730 4003 Flaminius
749 3988 766 4015 ‚
817 3962 986 4001 eontra
1035 3953 1317 4015 historiam
1371 3969 1482 4003 nam

461 4033 724 4083 Flaminius
751 4032 906 4097 gentis
925 4050 1104 4082 nomen
1129 4046 1201 4084 eut
1213 4070 1230 4093 ,
1254 4035 1487 4084 mumini-

465 4128 557 4161 nua
591 4112 806 4175 Quintiae
836 4127 1146 4179 cognomen:
1186 4130 1334 4179 porro
1373 4112 1488 4178 quis

1571 2930 1743 2977 ninum
1757 2962 1774 2990 ,
1802 2928 1890 2992 qui
1910 2943 1971 2976 ex
1986 2928 2278 2977 Macedonia
2296 2940 2347 2977 et
2362 2928 2593 2993 Philippo

1572 3024 1685 3073 rege
1704 3006 2021 3073 triumphavit
2034 3008 2058 3054 Ρ

1647 3104 1670 3136 1
1685 3104 1705 3136 1
1716 3123 1730 3136 .
1748 3087 2075 3152 Esquilinam.
2092 3087 2341 3151 Esqttilina
2352 3086 2591 3142 introivit,

1570 3167 1687 3216 inde
1718 3166 1781 3216 ad
1810 3166 2219 3217 Caelimontanam
2234 3200 2251 3225 ,
2288 3164 2375 3213 nbi
2400 3166 2447 3214 ei
2472 3181 2597 3214 eon-

1576 3246 1720 3296 ducta
1738 3245 1913 3295 domus
1930 3256 2054 3303 erat,
2076 3244 2327 3309 profectus
2344 3255 2435 3293 eet.

1650 3340 1730 3373 xa.
1758 3324 2048 3387 Adpoream
2070 3320 2485 3373 Coelt'montanam.
2512 3322 2598 3372 Ci-

1572 3419 1799 3455 ceronem
1818 3404 1929 3451 Piao
1950 3401 2217 3466 sponsione
2234 3400 2429 3450 mimica
2446 3400 2599 3449 laeet-

1571 3485 1773 3545 siverat,
1800 3481 1853 3529 ni
1878 3492 2021 3545 porta
2044 3480 2295 3544 Eeqnilina
2322 3481 2595 3539 introis-eu
2632 3488 2648 3503 ⁹

1572 3562 1735 3627 lepide
1782 3561 1957 3609 Cicero
2002 3560 2087 3609 hic
2136 3559 2233 3609 sibi
2278 3560 2597 3624 repugnantia

1572 3641 1851 3705 loquentem
1874 3640 2097 3701 inducit3
2122 3655 2233 3689 nam
2264 3649 2407 3705 porta
2432 3639 2603 3701 Esqui-

1572 3719 1672 3767 lina
1696 3720 1948 3768 introierat
1972 3718 2112 3777 Piso,
2140 3716 2227 3765 aed
2248 3717 2312 3766 ad
2328 3717 2601 3765 Coelimon·

1572 3809 1733 3847 tanam
1758 3796 1875 3845 inde
1902 3798 2245 3861 contenderat,
2276 3796 2363 3845 nbi
2393 3796 2601 3844 libertus

1571 3877 1615 3925 ei
1636 3876 1835 3925 domum
1854 3876 2171 3926 conduxerat.

1650 3958 1731 4005 13.
1756 3956 1833 4003 Ex
1848 3955 1943 4005 Ιιοο
1963 3955 2061 4005 die.
2082 3956 2241 4021 Magia
2260 3954 2491 4019 exprimit
2506 3988 2523 4011 ‚
2548 3966 2603 4003 et

1575 4034 1692 4083 mihi
1738 4046 1901 4085 tamen
1945 4034 2137 4083 videtur
2180 4032 2450 4081 abundare.
2498 4032 2599 4080 Sed

1578 4124 1736 4163 tamen
1756 4115 1955 4163 [ortanae
1975 4112 2207 4177 antiquus
2228 4110 2463 4177 loqu-di
2488 4126 2609 4160 mo-
