2996 4694
528 341 673 427 640
717 345 811 412 M.
847 345 925 414 Τ.
969 345 1142 414 CIC.
1180 345 1530 414 ORATIO
1581 345 1764 414 PRO
1809 346 2056 414 REGE
2102 346 2594 418 DEJOTARO.

526 464 796 563 legatus
828 479 937 538 est
978 464 1067 538 ad
1107 480 1177 536 te
1208 469 1501 554 missus,
1531 481 1688 538 tum
1725 489 1977 562 regum
2005 468 2451 556 amicissimi,
2489 483 2650 540 tum

523 574 651 646 tibi
688 576 941 663 etiam,
976 590 1061 646 ut
1092 599 1332 672 spero,
1363 575 1669 674 probati.
1711 577 2021 674 Exquire
2043 579 2074 628 ‘⁸
2108 576 2199 648 de
2247 578 2604 651 Blesamio
2627 631 2648 666 ,

526 709 706 765 num
736 683 915 782 quid
956 683 1045 756 ad
1080 709 1322 782 regem
1362 700 1615 757 contra
1652 687 2068 784 dignitatem
2111 701 2310 758 tuam
2349 691 2653 785 scripse-

522 795 636 863 rit.
679 797 924 866 Hieras
978 793 1273 890 quidem
1324 818 1617 866 causam
1669 819 1960 866 omnem
2003 798 2335 894 suscipit,
2386 811 2460 868 et
2511 798 2652 866 cri·

524 903 839 976 minibus
863 905 1001 975 illis
1036 927 1171 1001 pro
1203 927 1371 1002 rege
1410 929 1487 978 se
1519 907 1869 1004 supponit
1897 895 2193 991 reum⁵;
2226 909 2654 978 memoriam

521 1028 717 1085 tuam
764 1013 1131 1111 implorat,
1176 1039 1319 1111 qua
1357 1015 1548 1088 vaies
1585 1017 2022 1114 plurimum;
2057 1032 2273 1113 negat
2300 1041 2652 1114 umquam

522 1149 599 1199 se
640 1147 681 1194 a
736 1138 807 1195 te
864 1125 941 1194 in
979 1125 1301 1219 Dejotari
1355 1125 1744 1198 tetrarchia
1777 1125 2041 1224 pedem
2085 1126 2525 1212 discessisse,
2573 1125 2650 1194 in

524 1235 773 1330 primis
820 1231 1089 1304 finibus
1127 1231 1271 1304 tibi
1314 1259 1390 1306 se
1438 1250 1700 1333 pra-sto
1743 1234 1962 1306 fuisse
2013 1234 2227 1318 dicit,
2278 1259 2512 1331 usque
2559 1231 2648 1305 ad

522 1343 815 1415 ultimos
862 1357 1363 1440 prosecutum;
1400 1368 1630 1440 quum
1669 1369 1712 1416 e
1759 1342 2020 1416 balneo
2067 1345 2365 1432 exisseS,
2409 1359 2650 1413 tecum

522 1477 600 1525 se
653 1451 905 1540 fuisse,
960 1475 1188 1548 quum
1249 1451 1368 1523 illa
1426 1477 1733 1525 munera
1787 1457 2214 1552 inspexisses
2274 1466 2602 1525 coenatus
2625 1505 2646 1538 ,

522 1586 755 1660 quum
788 1562 863 1630 in
913 1559 1251 1632 cubiculo
1290 1560 1786 1652 recubuisses;
1831 1562 2308 1660 eamdemque
2351 1560 2648 1634 assidui-

446 1703 456 1712 ·
522 1686 742 1744 tatem
769 1671 899 1742 tibi
923 1695 999 1744 se
1024 1669 1411 1767 praebuisse
1438 1673 1810 1770 postridie.
1835 1671 2358 1766 Quamobrem,
2385 1669 2649 1768 siquid

524 1805 777 1854 eorum
800 1835 820 1868 ,
861 1805 1022 1879 quae
1064 1779 1353 1876 objecta
1388 1797 1595 1872 sunt,
1635 1787 2028 1881 cogitatum
2076 1785 2197 1872 sit,
2246 1807 2399 1852 non
2441 1805 2644 1854 recu-

526 1906 670 1979 sat,
695 1893 877 1988 quin
900 1889 973 1960 id
1003 1888 1283 1970 facinus
1300 1916 1514 1962 suum
1537 1893 1836 1987 judices.
1870 1895 2226 1982 Quocirca
2244 1945 2265 1979 ,
2291 1895 2368 1962 C.
2398 1892 2646 1976 Caesar,

520 2001 733 2074 velim
782 2001 1174 2088 existimeS,
1224 2001 1582 2074 hodierno
1631 2003 1748 2075 die
1784 2003 2211 2075 sententiam
2249 2015 2479 2088 tuam,
2523 2011 2648 2069 aut

520 2135 691 2182 cum
738 2134 1025 2182 summo
1070 2108 1427 2183 dedecore
1481 2115 1952 2184 miserrimam
1989 2125 2268 2210 pestem
2301 2113 2645 2207 importa-

515 2235 751 2291 turam
785 2243 939 2290 esse
975 2217 1319 2316 regibus6
1339 2276 1359 2309 ,
1408 2236 1532 2292 aut
1563 2221 2000 2294 incolumem
2033 2220 2296 2292 famam
2329 2244 2498 2291 cum
2543 2242 2646 2290 sa-

516 2330 669 2402 lute
714 2359 731 2400 :
771 2354 1087 2427 quorum
1128 2329 1435 2403 alterum
1480 2346 1771 2430 optare,
1821 2331 2159 2404 illorum⁷
2205 2327 2645 2403 crudelitatis

520 2456 661 2527 est;
707 2438 1013 2510 alterum
1052 2464 1514 2529 conservare,
1555 2441 1951 2513 clementiae
1999 2457 2160 2513 tuae.

582 2660 636 2707 4.
663 2649 886 2714 Exquire
909 2650 972 2697 de
997 2649 1253 2699 Blesamio.
1280 2652 1351 2701 Ut
1376 2662 1536 2701 totum
1695 2656 1746 2705 6.
1773 2656 2155 2719 Ιπιρονεαεεινωη
2181 2669 2280 2702 esse
2311 2652 2525 2717 regibus.
2545 2652 2643 2701 De·

511 2730 867 2779 finnamentnm
925 2728 1251 2777 accusationis
1302 2731 1534 2796 Phidippi
1616 2733 1780 2795 jum-o
1797 2744 1847 2782 et
1865 2734 1968 2794 eiua
1987 2732 2110 2783 filio.

512 2810 639 2859 servi
666 2806 949 2857 testimonio
978 2806 1241 2867 nitebatur,
1255 2824 1417 2873 opere
1440 2810 1536 2859 fuit
1696 2830 1742 2875 7.
1782 2814 1984 2861 luorum
2015 2808 2324 2861 crudelitatis.
2353 2809 2570 2859 Castoris
2594 2820 2645 2858 et

507 2888 722 2955 pretium
747 2886 903 2935 claros
933 2887 1068 2934 viros
1105 2896 1155 2935 et
1179 2888 1413 2952 probatos
1441 2904 1536 2953 op·
1621 2890 1872 2957 Phidippi.
1910 2892 2120 2941 Videtur
2153 2902 2282 2940 certe
2317 2888 2516 2954 quidem
2549 2888 2643 2936 luc

512 2986 697 3036 ponere
716 2982 857 3017 servo
882 2978 931 3015 et
952 2966 1180 3030 fugitivo.
1621 2972 1871 3029 oratione,
1891 2969 2015 3018 nihil
2041 2972 2273 3033 Deiotaro
2294 2968 2642 3033 impetravisse.

582 3051 631 3098 5.
663 3052 760 3097 Pro
794 3062 908 3113 rege
938 3062 989 3095 se
1022 3046 1263 3111 supponi!
1280 3062 1432 3096 ream.
1470 3048 1531 3095 In
1621 3048 1771 3097 Cous.
1798 3046 2011 3112 Philipp.
2037 3048 2088 3095 11
2111 3063 2124 3095 ε
2181 3069 2207 3089 ιι
2235 3046 2360 3109 Quis
2386 3046 2514 3093 enim
2539 3046 2644 3092 cui·

508 3130 633 3193 regia
670 3127 837 3176 locum
875 3126 1021 3173 venit.
1061 3124 1205 3173 Unde
1244 3124 1534 3195 gladiatores
1618 3142 1766 3191 quam
1805 3126 2050 3173 inimicior
2089 3141 2239 3189 quam
2271 3126 2512 3185 Deiotaro
2535 3124 2644 3172 Cn-

504 3206 839 3271 supposititii,
876 3204 964 3268 qni
998 3220 1093 3269 pro
1115 3204 1221 3251 aliis
1245 3204 1447 3253 veniunt
1477 3203 1530 3251 in
1619 3206 1728 3251 aar?
1753 3212 1848 3251 etc.
1884 3203 1931 3249 A
1953 3218 2054 3267 quo
2079 3202 2227 3263 vivo,
2268 3219 2361 3250 nec
2397 3216 2641 3267 prasus,

500 3301 709 3336 arenam.
736 3283 990 3341 Martialis,
1010 3284 1075 3341 V,
1091 3292 1177 3343 24,
1198 3285 1259 3332 8:
1285 3304 1311 3324 σι
1332 3286 1531 3332 Hermes
1619 3297 1710 3330 nec
1747 3281 1922 3331 absens
1964 3282 2231 3348 quidquam
2267 3282 2394 3347 equi
2419 3280 2640 3345 bonique

460 3374 485 3399 x
500 3362 840 3429 supposititius
860 3362 953 3411 sibi
976 3359 1071 3425 ipsi
1095 3383 1138 3410 a.
1617 3360 1894 3424 impetravit
1915 3382 1957 3407 κ.
2207 3348 2214 3354 ’
