2996 4694
775 382 1180 456 oaArlo
1229 385 1442 452 Psso
1495 384 1571 452 P.
1624 381 2035 452 sEleo.
2376 388 2461 470 [μ

341 509 432 581 ad
491 508 796 580 salutem
845 529 1306 579 communem
1357 507 1688 576 omnium
1742 506 2049 593 civium,
2106 521 2182 578 et
2237 531 2469 606 prope

341 621 664 718 gentium
686 673 707 707 ‚
765 619 1247 716 pertinerent3
1309 639 1396 688 ea
1453 614 1874 687 conditione
1932 639 2286 714 gesseram
2313 672 2333 707 ‚
2388 632 2475 689 ut

341 752 587 800 meum
617 725 882 799 factum
918 749 1205 824 semper
1239 749 1493 797 omnes
1530 740 1859 823 praestare
1886 730 2221 823 tuerique
2256 726 2473 800 debe-

339 851 525 909 rent.
585 841 752 909 Erat
807 851 1046 909 autem
1105 835 1285 906 mihi
1345 839 1719 908 contentio
1782 861 1932 908 non
1983 861 2150 908 cum
2198 837 2469 909 victore

341 939 659 1020 exercitu
685 1003 706 1038 ‚
755 949 880 1019 sed
917 970 1084 1020 cum
1125 950 1366 1045 operis
1405 946 1823 1036 conductis,
1868 961 1943 1018 et
1986 946 2079 1019 ad
2126 947 2467 1046 diripien-

340 1056 506 1129 dam
533 1057 787 1131 urbem
819 1057 1232 1142 concitatis;
1261 1055 1621 1129 habebam
1647 1058 2017 1144 inimicum
2042 1081 2191 1128 non
2216 1061 2295 1128 C.
2322 1061 2471 1129 Ma-

339 1168 526 1240 rium
547 1217 572 1258 ‚-
600 1183 952 1241 terrorem
983 1167 1300 1239 hostium
1322 1221 1341 1254 ,
1368 1192 1575 1265 spem
1604 1167 2152 1266 subsidiumque
2186 1169 2466 1266 patriae3

338 1275 464 1348 sed
492 1277 642 1350 duo
669 1279 1088 1376 importuna
1111 1275 1444 1375 prodigia
1462 1332 1483 1365 ‚
1517 1301 1705 1374 quos
1728 1293 2002 1376 egestas
2019 1287 2075 1367 ¹,
2104 1303 2290 1376 quos
2312 1279 2471 1351 aeris

337 1385 550 1458 alieni
617 1386 1040 1486 magnitudo
1069 1441 1090 1475 ‚
1155 1410 1343 1483 quos
1405 1385 1686 1476 levitas,
1751 1412 1938 1486 quos
1994 1387 2465 1486 improbitas²

336 1495 636 1568 tribuno
699 1497 929 1594 plebis
991 1500 1418 1570 constrictos
1472 1495 1861 1570 addixerat.
1922 1503 2074 1572 Nec
2126 1498 2309 1569 mihi
2354 1523 2467 1571 res

338 1619 490 1678 erat
561 1630 731 1678 cum
800 1608 1224 1692 Saturnino,
1304 1609 1469 1704 qui,
1548 1606 1747 1705 quod
1816 1631 1858 1678 a
1934 1631 2044 1696 se,
2109 1622 2465 1706 quaestore

332 1717 646 1788 Ostiensi
661 1712 718 1805 ³,
757 1741 888 1816 per
923 1719 1432 1815 ignominiam,
1471 1717 1563 1790 ad
1607 1718 2007 1816 principem
2060 1731 2133 1789 et
2174 1729 2465 1789 senatus

332 1838 406 1896 et
454 1827 756 1898 civitatis
771 1829 826 1916 ⁴,
869 1833 966 1899 M.
1017 1831 1366 1899 Scaurum
1387 1883 1407 1916 ,
1455 1851 1609 1899 rem
1650 1825 2188 1900 frumentariam
2230 1841 2465 1900 trans·

331 1931 547 2006 latam
617 1936 888 2008 sciebat
905 1990 926 2022 ‚
992 1935 1321 2011 dolorem
1390 1962 1605 2010 suum
1670 1962 1931 2037 magna
1992 1940 2461 2012 contentione

333 2045 552 2116 animi
608 2045 1231 2144 persequebatur;
1282 2046 1410 2118 sed
1458 2073 1629 2120 cum
1680 2071 2088 2119 scurrarum
2137 2046 2461 2146 locuple·

333 2152 557 2224 tium⁵
589 2169 868 2243 scort0,
904 2180 1072 2226 cum
1109 2157 1377 2228 sororis
1408 2156 1739 2229 adultero
1759 2155 1816 2246 ⁶,
1844 2181 2011 2228 cum
2038 2171 2460 2255 stuprorum

332 2264 700 2338 sacerdote
725 2321 745 2355 ,
804 2291 972 2338 cum
1029 2265 1388 2357 venefico,
1446 2291 1615 2340 cum
1664 2272 2237 2358 testamentariO,
2295 2291 2463 2340 cum

331 2374 584 2447 sicario
601 2430 622 2464 ‚
651 2399 819 2447 cum
848 2376 1126 2449 latrone
1155 2403 1174 2447 ε
1208 2401 1396 2474 quos
1427 2378 1763 2450 homines
1789 2382 1882 2467 si,
1913 2380 1991 2451 id
2023 2377 2223 2479 quod
2252 2377 2459 2451 facile

330 2482 527 2556 factu
553 2483 690 2556 fuit
711 2540 731 2574 ,
766 2500 840 2558 et
864 2484 1065 2584 quod
1092 2485 1250 2558 fieri
1285 2486 1540 2559 debuit
1558 2542 1579 2577 ‚
1605 2487 1953 2587 quodque
1982 2512 2023 2561 a
2054 2513 2173 2561 me
2202 2489 2463 2587 optimi

331 2610 405 2667 et
447 2592 810 2667 fortissimi
847 2598 1036 2669 cives
1057 2608 1084 2653 ⁷
1135 2596 1584 2697 flagitabant,
1619 2603 1691 2671 vi
1730 2602 2093 2698 armisque
2128 2622 2459 2699 superas-

398 2766 566 2815 xvn.
599 2782 619 2812 x
634 2800 648 2814 .
671 2768 874 2830 Egestas
887 2799 904 2825 ‚
927 2782 1049 2831 quos
1071 2765 1182 2815 oert's
1199 2763 1353 2816 alieni

328 2854 629 2921 magnitudo.
647 2858 764 2903 Haec
780 2852 843 2901 nd
859 2854 1118 2902 Gabinium
1133 2866 1350 2918 spectare

1437 2780 1557 2817 natu
1576 2785 1801 2817 censores
1820 2769 2029 2833 primum
2048 2767 2311 2833 legissent:
2336 2768 2459 2817 clvi·

1437 2849 1572 2908 tatis,
1599 2848 1666 2896 ob
1683 2850 1896 2897 summos
1914 2846 2127 2897 bonores
2145 2848 2322 2899 eximia
2342 2864 2455 2897 cum

329 2936 468 2984 facile
497 2944 758 2999 cognoscet
786 2934 829 2980 ie
850 2965 864 2991 ,
909 2933 996 2997 qui
1010 2968 1025 2993 ,
1070 2949 1179 2998 que
1203 2950 1348 2998 supra

329 3014 458 3063 dictu
483 3022 624 3073 eunt,
653 3013 936 3061 meminerit.

399 3110 448 3141 2.
487 3092 793 3156 Improbitas.
819 3094 896 3140 De
921 3090 1098 3139 Pisone
1123 3090 1341 3138 dictuun

327 3188 472 3237 quem
491 3174 773 3221 sceleratum
784 3205 801 3234 ,
820 3168 1048 3219 audacem
1061 3202 1078 3229 ,
1099 3168 1348 3217 crudelem

326 3251 608 3315 appellavit.

399 3331 446 3379 3.
503 3334 751 3395 Quoestore
805 3326 1023 3377 Ostiensi.
1079 3326 1348 3375 Recitauda

326 3418 465 3467 eunt,
484 3426 594 3473 qnae
615 3411 669 3459 in
693 3408 912 3460 oratione
937 3406 1140 3471 legimus
1166 3406 1228 3455 de
1253 3406 1344 3454 ha-

241 3491 248 3495 ’
327 3489 576 3552 ωιρίοιιιιι
615 3491 888 3554 responsis:
929 3486 1178 3553 pertinent
1213 3486 1344 3533 enim

326 3568 387 3617 ad
401 3568 532 3617 huuc
549 3568 713 3616 locum
729 3586 743 3618 ε
762 3590 788 3612 ι
805 3566 1144 3625 Saturninum,
1157 3566 1343 3630 inquit,

325 3646 462 3711 quod
497 3648 549 3693 in
579 3662 785 3695 annone
819 3646 1018 3694 caritate
1055 3656 1346 3709 quaestorem

325 3743 352 3775 a
365 3742 450 3773 sua
467 3726 772 3774 frumentari·
795 3726 1138 3791 procuratione
1156 3736 1347 3773 senatus

325 3806 536 3865 amovit,
577 3800 718 3869 eitiue
749 3806 820 3853 rei
849 3806 926 3853 M.
961 3806 1192 3852 Scaurum
1224 3818 1347 3869 pra-

327 3886 465 3945 fecit,
506 3884 685 3934 ecimus
717 3884 886 3934 dolore
919 3885 1102 3933 factum
1129 3900 1230 3933 esee
1263 3898 1348 3948 po-

325 3964 542 4027 pularem
567 3986 609 4012 ιο.
945 3974 958 3983 “

399 4054 448 4101 4.
477 4044 750 4109 Principem
770 4054 820 4091 ee
835 4054 1030 4091 senatus
1051 4055 1100 4091 ee
1121 4042 1344 4092 civitatis.

329 4123 558 4184 Senatus,
590 4124 728 4189 quod
764 4140 874 4173 eum
905 4124 956 4172 in
985 4122 1234 4173 recitando
1269 4140 1345 4171 se·

1435 2926 1581 2975 laude
1600 2927 1977 2975 administratus.

1512 3007 1562 3054 5.
1596 3008 1883 3053 Scin-rurum
1914 3004 2241 3067 locupletium.
2268 3006 2343 3054 De
2368 3020 2458 3054 eo-

1437 3084 1619 3133 demin
1634 3084 1831 3149 harusp-
1854 3100 1983 3149 ηερ.
2008 3104 2035 3126 ι
2054 3084 2139 3149 qui
2162 3094 2279 3148 poet
2300 3084 2455 3149 patrie

1435 3172 1637 3213 mortem
1662 3164 1867 3229 primam
1886 3162 2019 3211 inam
2049 3162 2293 3211 etatulam
2320 3180 2455 3213 enam

1433 3242 1498 3291 ad
1515 3258 1787 3291 scurrarum
1804 3242 2122 3308 locupletium
2133 3242 2361 3292 libidines
2378 3245 2460 3294 de-

1433 3323 1569 3382 tulit,
1596 3338 1808 3387 quornm
1836 3324 2204 3387 intemperantia
2230 3324 2421 3389 expleta
2438 3358 2455 3385 ,

1432 3403 1486 3451 in
1515 3403 1790 3452 domesticis
1822 3414 1897 3451 eet
1923 3403 2247 3468 germanitatis
2274 3406 2456 3471 stupris

1431 3482 1729 3531 volutatus».
1748 3484 1905 3545 Quem
1928 3482 2095 3531 locum
2112 3482 2273 3545 adeat,
2287 3486 2330 3532 si
2347 3485 2459 3550 quis

1433 3560 1599 3610 Clodii
1620 3570 1703 3609 aut
1727 3560 1907 3609 ecelera
1932 3572 2019 3609 eut
2042 3559 2222 3624 flagiti·
2248 3564 2454 3613 omuino

1435 3654 1729 3705 cognoscere
1750 3651 1799 3689 et
1817 3641 2051 3689 estimare
2072 3640 2207 3688 velit.

1505 3722 1555 3769 6.
1583 3720 1771 3769 soror-k
1798 3720 2037 3768 adultero.
2065 3718 2249 3767 Uxori·
2274 3720 2331 3769 1..
2360 3722 2459 3769 Lu-

1434 3798 1583 3862 culli,
1622 3800 1709 3863 qui
1736 3800 1992 3864 'rigi-auem
2026 3796 2457 3861 Mithridatemque
2481 3835 2487 3843 .

1434 3879 1539 3927 acie
1556 3878 1689 3927 vicit.

1508 3976 1558 4021 7.
1584 3956 1769 4021 Optimi
1796 3967 1847 4004 et
1858 3954 2121 4023 jbm'm'mi
2146 3954 2285 4005 cives.
2302 3956 2457 4005 Maxi-

1433 4056 1513 4089 me
1533 4040 1588 4088 L.
1612 4036 1843 4085 Lucullus
1858 4071 1874 4097 ‚
1898 4048 1957 4085 ut
1978 4035 2033 4083 iu
2054 4034 2316 4083 Plutarcho
2332 4037 2456 4085 seri.

1435 4131 1574 4185 ptum
1602 4125 1692 4167 est.
