2996 4694
761 425 1146 493 ORATIO
1195 425 1398 492 PRO
1445 427 1520 492 P.
1575 423 1980 496 SEXTIO.
2336 423 2427 499 35

301 547 443 620 alte
493 547 800 645 repetita
863 546 1068 632 velit,
1136 561 1262 618 aut
1322 543 1503 644 quid
1560 545 1649 616 ad
1708 550 1782 616 P.
1841 547 2061 617 Sextii
2118 570 2441 642 causam,

303 683 560 732 eorum
592 715 612 748 ‚
673 660 799 756 qui
854 671 1018 728 ante
1077 656 1294 751 hujus·
1357 654 1859 727 tribunatum⁷
1920 657 2441 754 rempublicam

303 783 692 854 vexarunt,
727 769 987 840 delicta
1034 771 1463 866 pertineant.
1504 767 1684 837 Mihi
1720 781 1961 838 autem
1999 767 2141 838 hoc
2178 793 2443 868 propo-

307 883 525 952 situm
572 893 679 951 est
729 878 1145 967 ostendere,
1189 879 1434 948 omnia
1481 878 1777 948 consilia
1818 881 1894 947 P.
1944 880 2197 967 Sextii,
2234 903 2443 951 men·

309 1004 602 1086 temque
643 991 868 1060 totius
912 987 1324 1058 tribunatus
1363 987 1555 1057 hanc
1596 984 1853 1076 fuisse,
1917 1002 1997 1058 ut
2045 987 2319 1060 afflictae
2371 1005 2443 1063 et

309 1097 604 1197 perditae
633 1097 1087 1196 reipublicae,
1123 1107 1480 1193 quantum
1512 1113 1783 1195 posset,
1821 1097 2255 1171 mederetur.
2299 1103 2441 1189 Ac,

310 1209 371 1280 si
421 1209 496 1279 in
552 1207 999 1306 exponendis
1046 1205 1473 1278 vulneribus
1524 1206 1665 1276 illis
1716 1205 1806 1277 de
1857 1231 1974 1277 me
2032 1209 2194 1306 ipso
2241 1208 2449 1308 plura

312 1319 550 1392 dicere
591 1318 933 1407 videbor,
985 1319 1355 1416 ignoscite.
1419 1319 1604 1388 Nam
1656 1330 1731 1391 et
1778 1316 1971 1386 illam
2026 1341 2259 1389 meam
2313 1319 2451 1392 cla-

311 1429 478 1501 dem
505 1425 534 1471 8
580 1453 709 1500 vos
753 1445 826 1500 et
865 1451 1120 1500 omnes
1171 1427 1350 1498 boni
1403 1424 1797 1497 maximum
1843 1451 1993 1498 esse
2034 1429 2451 1527 reipublicae

313 1540 574 1612 vulnus
597 1539 1004 1634 judicastis;
1037 1553 1110 1610 et
1139 1542 1211 1608 P.
1247 1541 1529 1608 Sextius
1564 1550 1671 1608 est
1703 1558 1902 1624 reus,
1936 1563 2085 1608 non
2114 1561 2289 1629 suo,
2326 1541 2453 1613 sed

315 1673 481 1720 meo
519 1650 907 1721 nomine9:
949 1650 1076 1746 qui
1114 1669 1346 1745 quum
1384 1669 1678 1718 omnem
1716 1649 1857 1746 vim
1893 1651 2003 1719 sui
2042 1649 2454 1730 tribunatu-s

313 1761 392 1828 in
423 1781 586 1828 mea
624 1759 852 1830 salute
896 1761 1472 1856 consumpserit,
1514 1779 1809 1828 necesse
1844 1773 1990 1849 est,
2026 1783 2259 1831 meam
2294 1785 2455 1833 cau·

317 1893 464 1940 sam
527 1871 866 1967 praeteriti
925 1871 1270 1968 temporis
1324 1893 1490 1940 cum
1552 1867 1773 1962 hujus
1821 1871 2154 1965 praesenti
2209 1869 2453 1943 defen-

319 1979 521 2048 sione
557 2001 712 2048 esse
753 1979 1242 2074 conjunctam.

415 2090 604 2157 XIV.
645 2091 812 2158 Erat
841 2091 1058 2184 igitur
1085 2091 1162 2158 in
1191 2087 1390 2158 luctu
1425 2099 1744 2173 senatus;
1784 2086 2162 2183 squalebat
2187 2093 2455 2182 civitas»,

320 2195 618 2294 publico
652 2198 954 2267 consilio
991 2211 1264 2267 mutata
1291 2211 1524 2283 veste3
1554 2195 1836 2266 nullum
1866 2209 2018 2266 erat
2050 2198 2267 2268 ltaliae
2300 2223 2455 2270 mu-

323 2309 667 2406 nicipium
699 2362 717 2393 ‚
787 2306 986 2378 nulla
1051 2308 1387 2392 colonia,
1451 2307 1649 2377 nulla
1716 2289 2143 2405 praefectura
2174 2361 2194 2393 ‚
2262 2311 2460 2382 nulla

324 2423 568 2489 Romae
616 2421 918 2489 societas
964 2417 1486 2517 vectigalium,
1439 2429 1458 2461 ¹
1525 2411 1805 2487 nullum
1843 2417 2220 2516 collegium
2240 2430 2295 2506 ²,
2332 2436 2459 2493 aut

323 2530 749 2617 concilium,
788 2542 914 2600 aut
948 2530 1252 2598 omnino
1290 2528 1587 2624 aliquod
1615 2540 2009 2597 commuue
2047 2529 2457 2616 consilium,

324 2638 525 2735 quod
568 2651 723 2708 tum
765 2662 919 2709 non
957 2638 1684 2709 honorificentissime
1718 2638 2145 2709 decrevisset
2176 2638 2267 2710 de
2296 2664 2455 2712 mea
2514 2674 2524 2679 ·

325 2749 602 2818 salute:
657 2772 887 2845 quum
940 2748 1186 2819 subito
1241 2748 1538 2818 edicunt
1594 2748 1742 2817 duo
1801 2748 2180 2834 consule3‚
2235 2761 2320 2821 ut
2366 2748 2457 2822 ad

327 2880 544 2929 suum
613 2860 948 2929 vestitum
1015 2872 1381 2935 senatores
1447 2858 1791 2928 redirent.
1865 2858 2051 2948 Quis
2110 2885 2455 2957 umquam

328 2966 582 3037 consul
615 2983 942 3038 senatum
975 2969 1198 3064 ipsius
1226 2967 1536 3038 decretis
1563 2990 1813 3064 parere
1843 2966 2261 3063 prohibuit?
2298 2974 2461 3068 quis

329 3092 675 3172 tyrannus
713 3080 1014 3173 miseros
1057 3078 1302 3176 lugere
1348 3078 1629 3149 vetuit?
1670 3078 2024 3149 Parumne
2071 3094 2217 3166 est,
2257 3082 2461 3170 Piso,

405 3298 454 3341 ¹7.
506 3282 636 3329 Ante
681 3280 822 3344 Iussus
866 3280 1177 3329 tribunatum.
1222 3279 1350 3341 Quin

330 3356 568 3407 Gabinius
609 3376 740 3407 anno
786 3370 900 3411 ante
919 3393 934 3417 ‚
974 3376 1120 3423 quum
1159 3360 1352 3407 Sextius

333 3436 553 3487 tribunus
578 3439 648 3502 pl.
675 3439 791 3500 fnit,
817 3439 1126 3487 consulatum
1153 3438 1316 3501 gessit.

404 3517 453 3565 8.
494 3515 638 3565 Illam
671 3528 830 3566 mam
873 3517 1079 3565 cladem.
1121 3517 1354 3578 Iniuriam

1510 3282 1649 3331 xlv.
1684 3295 1729 3327 1.
1766 3280 1977 3327 Sotium
2003 3278 2333 3347 vectigalium.
2372 3285 2463 3331 flo-

1437 3360 1635 3407 cientes
1654 3368 1847 3416 dorum,
1872 3362 1957 3422 qui
1980 3360 2237 3425 vectigali·
2256 3362 2465 3410 redimo-

1437 3437 1582 3499 bnu,
1610 3437 1825 3500 equitum
1851 3453 1977 3485 rom.
1997 3454 2166 3487 omues
2190 3452 2343 3489 erant.

1510 3532 1563 3565 ι.
1582 3517 1781 3566 Nullum
1799 3516 2071 3581 collegium
2088 3521 2165 3566 De
2178 3520 2463 3569 socierum

333 3594 628 3661 iniquissima
647 3596 812 3644 Clodii
825 3596 932 3661 lege
950 3596 1150 3645 illatam.

403 3691 452 3736 9.
478 3676 594 3721 Non
621 3686 711 3719 suo
730 3708 746 3729 ,
774 3674 865 3721 sed
885 3690 992 3723 meo
1008 3673 1218 3723 nomina.
1236 3674 1354 3723 Non

333 3752 469 3817 quod
509 3752 610 3817 ipse
633 3750 936 3817 deliquerit,
981 3752 1072 3803 sed.
1106 3750 1242 3817 quod
1277 3768 1356 3799 me

333 3832 502 3895 iniquo
537 3830 731 3894 pulsum
765 3833 1045 3883 restitnerit.
1085 3834 1356 3881 Accusatur

334 3912 464 3961 onim
487 3928 516 3959 a
543 3910 662 3959 meis
689 3910 929 3974 inimici»,
957 3925 1060 3960 non
1089 3910 1226 3975 quod
1249 3911 1356 3975 ipse

334 4000 503 4039 contu
531 3990 662 4053 leges
676 3990 878 4053 ‚aliquid
906 3990 1232 4047 com-beriti
1269 3988 1354 4037 sed

337 4068 518 4131 quod
502 4086 554 4117 m
588 4069 840 4119 tribunatu
874 4070 934 4119 do
961 4084 1065 4147 men
1099 4070 1254 4118 salute·
1285 4069 1356 4115 h·

337 4146 498 4194 boran-i
503 4160 536 4195 ι.

1438 3596 1609 3653 herum
1626 3612 1803 3666 genere
1820 3596 1934 3644 vide
1950 3612 2043 3661 pro
2063 3598 2209 3645 Dom.
2234 3614 2344 3662 cap.
2364 3602 2461 3658 ’,ι-Ο,

1439 3676 1492 3722 in
1522 3690 1624 3738 quo
1659 3674 1869 3738 legitur:
1906 3698 1931 3718 α
1950 3678 2154 3725 Nullan
2179 3688 2251 3725 eut
2291 3678 2467 3725 iuliae

1440 3753 1561 3800 urbe
1582 3754 1841 3817 collegium
1856 3789 1871 3815 ,
1899 3754 2021 3802 nulli
2040 3757 2214 3820 pagani
2234 3768 2317 3803 aut
2334 3769 2469 3803 mon·-

1441 3834 1545 3882 tani
1576 3830 1841 3896 (quoniam
1868 3833 2001 3897 plebi
2038 3850 2235 3899 quoque
2268 3833 2467 3882 urba'nae

1443 3912 1650 3971 majores
1680 3912 1833 3959 noetri
1872 3914 2215 3961 conventicula
2250 3920 2301 3960 ot
2332 3914 2472 3973 quani

1445 3989 1653 4039 concilia
1700 4006 1802 4039 esee
1856 3990 2187 4055 voluerunt),
2226 3990 2311 4053 qni
2364 4006 2469 4039 non

1445 4068 1739 4132 amplissime
1766 4085 1870 4116 nou
1895 4068 2046 4116 modo
2070 4068 2133 4117 de
2156 4070 2309 4117 salute
2336 4085 2441 4117 mon
2462 4102 2476 4128 ,

1450 4144 1537 4193 ned
1563 4146 1707 4193 etiam
1734 4144 1793 4195 de
1820 4146 2059 4209 digm'tate'
2072 4145 2373 4195 decreverint
2392 4168 2440 4196 ιι.

2116 4232 2179 4302 3.
