2996 4694
509 418 640 465 roo
1125 394 1221 463 Μ.
1275 394 1351 461 Τ.
1405 388 1985 465 CICERONIS

489 513 711 586 modo
747 510 1171 611 ‘approbavit
1190 568 1209 599 ‚
1237 511 1363 583 sed
1391 536 1541 582 uon
1572 510 2143 610 indignissimum
2170 512 2447 586 facinus
2476 540 2611 615 pu-

485 626 692 711 tavit,
744 624 948 694 illum
989 648 1142 694 non
1179 622 1411 697 dicam
1449 622 1691 718 loqui,
1732 622 1859 693 sed
1898 622 2137 693 vivere
2174 646 2255 695 ac
2292 627 2609 722 spirare?

491 737 658 833 quis
697 734 867 821 fuit,
912 735 1220 831 quinon
1261 733 1417 827 ejus
1459 756 1634 803 voce
1668 732 2005 803 maculari
2050 733 2605 830 rempublicam,

486 870 712 943 seque
731 900 752 931 ‚
789 847 850 915 si
881 868 1050 916 eum
1079 842 1392 929 audiret,
1429 842 1697 915 scelere
1728 841 2071 939 adstringi
2100 840 2613 917 arbitraretur?

584 960 696 1027 LI.
731 954 965 1027 Venio
990 952 1076 1024 ad
1103 954 1414 1040 comitia,
1435 956 1581 1022 siv'e
1606 954 2141 1047 magistratuum
2172 953 2437 1049 placet,
2463 958 2611 1027 sive

483 1064 744 1163 legum.
779 1070 1002 1159 Leges
1034 1060 1356 1132 videmus
1399 1084 1583 1158 saepe
1616 1058 1781 1132 ferri
1822 1062 2100 1132 multas.
2138 1065 2412 1133 Omitto
2446 1090 2567 1137 eas
2589 1120 2610 1153 ,

483 1200 647 1271 quae
683 1172 1012 1245 feruntur
1052 1170 1184 1255 ita,
1227 1170 1344 1239 vix
1383 1184 1468 1240 ut
1513 1172 1792 1266 quini¹‚
1831 1185 1903 1241 et
1940 1170 2014 1241 hi
2056 1196 2145 1242 ex
2194 1172 2328 1243 alia
2368 1172 2609 1264 tribu‚'

483 1286 610 1381 qui
647 1280 1068 1377 suffragium
1097 1278 1370 1367 ferant,
1407 1281 1880 1377 reperiantur.
1921 1284 2029 1351 De
2054 1304 2211 1368 me,
2255 1308 2473 1379 quem
2506 1299 2611 1381 ty-

482 1416 785 1463 rannum
819 1444 840 1475 ‚
879 1404 1096 1486 atque
1139 1404 1546 1487 ereptorem
1584 1388 1933 1462 libertatis
1971 1416 2123 1463 esse
2161 1391 2485 1481 dicebat,
2528 1399 2605 1466 in

481 1506 596 1576 illa
633 1505 841 1574 ruina
873 1501 1282 1597 reipublicae
1323 1501 1498 1573 dicit
1534 1526 1610 1573 se
1659 1504 1887 1599 legem
1918 1504 2182 1576 tulisse.
2249 1508 2428 1596 Quis
2460 1522 2607 1595 est,

479 1616 609 1712 qui
643 1638 722 1684 se
745 1668 765 1699 ‚
797 1637 1028 1708 quum
1066 1626 1316 1682 contra
1351 1635 1471 1681 me
1505 1610 1898 1701 ferebatur,
1939 1614 2153 1684 inisse
2187 1613 2606 1713 suffragium

477 1722 950 1795 confiteatur?
997 1725 1243 1811 Quum
1289 1737 1529 1791 autem
1570 1720 1661 1792 de
1698 1747 1815 1794 me
1864 1722 2117 1794 eodem
2158 1748 2247 1794 ex
2286 1741 2607 1798 senatus·-

477 1831 846 1919 consult0,
905 1832 1216 1901 comitiis
1253 1833 1739 1919 centuriatis²,
1786 1830 2187 1920 ferebatur,
2244 1838 2407 1931 quis
2458 1852 2605 1922 est,

476 1948 606 2045 qui
635 1970 783 2016 non
813 1944 1242 2043 profiteatur
1270 1968 1344 2014 se
1367 1942 1687 2031 affuisse,
1716 1959 1787 2015 et
1817 1942 2232 2044 suffragium
2264 1947 2355 2018 de
2372 1948 2603 2021 salute

475 2084 637 2131 mea
680 2058 970 2129 tulisse?
1028 2058 1205 2128 Utra
1253 2058 1470 2153 igitur
1508 2082 1721 2127 causa
1773 2056 2191 2155 popularis-³
2234 2059 2451 2132 debet
2496 2064 2601 2133 vi·

475 2169 674 2241 deri?
697 2172 771 2238 in
799 2192 947 2265 qua
977 2190 1227 2238 omnes
1259 2166 1665 2237 honestates
1688 2168 2021 2255 civitatis,
2043 2194 2297 2241 omnes
2328 2187 2596 2260 aetate5‚

475 2306 727 2356 omnes
755 2281 1044 2353 ordines
1080 2303 1222 2351 una
1250 2281 1755 2350 consentiunt?
1783 2304 1875 2353 an
1911 2283 1987 2354 in
2014 2308 2161 2381 qua
2187 2282 2390 2357 furiae
2429 2310 2603 2359 con·

473 2397 701 2466 citatae
719 2408 1088 2488 tamquam
1110 2389 1198 2460 ad
1233 2388 1450 2461 funus
1487 2389 1933 2487 reipublicae
1974 2396 2412 2466 convolant?
2444 2403 2555 2468 An
2577 2453 2596 2484 ‚

475 2502 704 2574 sicubi
733 2501 962 2572 aderit
989 2498 1262 2571 Gellius
1277 2497 1331 2586 ⁵,
1371 2499 1591 2569 homo
1627 2513 1699 2570 et
1732 2499 1950 2574 fratre
1985 2503 2327 2600 indignus
2342 2503 2399 2592 ⁶,
2442 2508 2597 2577 viro

545 2676 624 2721 LI.
659 2688 703 2718 1.
736 2670 834 2718 Velz-
851 2681 904 2717 ιιι
920 2667 1057 2734 quini
1061 2704 1074 2718 .
1099 2669 1311 2717 Multum
1329 2669 1384 2718 in
1399 2669 1494 2718 hoe

474 2751 647 2802 Cicero
679 2762 924 2805 moretur,
959 2759 1014 2796 ut
1037 2749 1244 2813 probet,
1275 2749 1328 2798 id
1359 2747 1496 2813 qnod

476 2831 602 2879 dixit
615 2863 630 2888 ,
655 2829 708 2876 in
735 2844 796 2876 eo
817 2843 918 2876 esse
935 2837 1062 2875 stntn
1079 2828 1350 2886 civitatem,
1377 2838 1435 2875 nt
1453 2829 1496 2876 si

474 2907 827 2957 conductorum
893 2917 1231 2955 removeantur
1293 2923 1452 2971 operoe
1476 2947 1492 2969 ‚

473 3003 640 3035 omnes
657 2987 786 3034 idem
805 2985 866 3033 de
883 2985 1130 3050 republica
1149 2987 1374 3034 sentient.

546 3085 594 3116 a.
615 3067 693 3114 Ex
709 3065 1117 3114 senatusconsulto
1131 3099 1148 3126 ,
1167 3065 1369 3113 consitiis
1386 3081 1492 3112 cen-

475 3145 678 3195 turiatis.
707 3147 867 3208 Quam
887 3143 1165 3194 dissuesisse
1183 3147 1239 3194 P.
1264 3144 1491 3195 Clodium

474 3225 654 3289 opinor
680 3241 744 3273 ex
767 3240 828 3272 eo
842 3259 857 3282 ,
880 3224 1013 3288 qnod
1036 3224 1222 3274 dictum
1239 3234 1316 3272 est
1331 3224 1495 3288 proxi-

471 3321 546 3353 me
571 3319 584 3354 :
617 3327 644 3346 a
659 3304 796 3354 Cedo
821 3318 956 3350 nunc
989 3304 1203 3364 ejusdem
1245 3303 1378 3352 illins
1403 3303 1496 3350 ini·

471 3383 585 3430 mici
613 3383 706 3430 mei
730 3383 792 3431 de
815 3397 892 3430 me
919 3382 1088 3431 eodem
1115 3382 1178 3431 nd
1203 3399 1372 3432 verum
1396 3397 1487 3445 po-

468 3459 640 3524 pulum
661 3461 714 3506 in
733 3475 906 3524 eampo
923 3457 1106 3510 Martio
1131 3463 1484 3510 concionem.»:

465 3541 666 3588 suadere
683 3539 810 3587 enim
832 3550 884 3586 et
898 3540 1172 3589 dissuadere
1189 3542 1340 3606 leges,
1356 3550 1486 3588 ante·

465 3635 610 3683 quam
629 3617 888 3678 ferrentur,
911 3635 1013 3668 non
1033 3619 1184 3668 modo
1205 3619 1488 3681 megisti-eti-

463 3697 584 3758 bus,
616 3713 780 3744 verum
811 3697 954 3750 etism
979 3698 1178 3762 privatis
1203 3695 1486 3744 hominibus

460 3777 666 3833 licebat,
698 3775 834 3840 qnod
855 3777 908 3822 in
933 3775 1062 3824 llbro
1081 3776 1141 3823 de
1165 3774 1368 3837 Legibus
1395 3788 1484 3820 co-

457 3857 596 3920 piose
618 3855 904 3904 ostenditur.

527 3937 579 3983 3.
607 3937 768 3984 Causa
785 3930 1046 3996 popularis.
1071 3930 1298 3980 Ostendit
1314 3942 1483 3980 orator

457 4028 558 4060 non
579 4013 834 4078 populares
853 4025 956 4058 esse
971 4025 1056 4057 eos
1073 4044 1090 4071 ,
1111 4010 1198 4073 qni
1216 4024 1244 4056 ι
1261 4010 1478 4059 factiosis

451 4089 642 4141 civibus
679 4088 910 4139 concitati
944 4087 1320 4151 rempublicam,
1344 4105 1473 4154 prm·

1583 2683 1713 2720 tenta
1730 2671 1964 2722 libertatis
1982 2689 2123 2721 cansa
2137 2707 2154 2734 ,
2169 2671 2490 2734 turbaverint3
2509 2674 2596 2722 sed

1581 2751 1619 2798 ii
1642 2752 1695 2798 in
1722 2765 1927 2816 quornm
1960 2753 2161 2800 salutem
2188 2753 2403 2816 populus
2438 2755 2597 2801 omnis

1582 2828 1831 2878 communi
1858 2845 2095 2880 consensu
2124 2831 2489 2894 conspiraverit.

1654 2919 1705 2966 4.
1741 2911 2007 2974 Tamquam
2032 2910 2107 2958 ad
2112 2909 2273 2974 sunus
2299 2911 2591 2974 reipublicae.

1579 2989 1639 3036 Et
1654 3000 1781 3038 reete
1792 2989 1965 3056 ‚jim'oe
1977 2991 2261 3050 convolant,
2282 2991 2417 3054 qnod
2434 2991 2596 3040 volare

1578 3068 1725 3116 furias
1746 3079 1907 3134 poetae
1926 3069 2117 3119 dicunt:
2140 3081 2269 3118 recte
2288 3072 2459 3130 etiam,
2482 3085 2596 3118 eon-

1579 3145 1741 3197 citatae
1758 3165 1778 3195 .·
1800 3147 1925 3196 nihil
1944 3148 2073 3196 enim
2090 3148 2333 3212 placidum
2361 3159 2445 3196 snt
2469 3161 2594 3197 tem-

1580 3235 1799 3288 peratum
1833 3227 1886 3274 in
1922 3224 2067 3274 furies
2108 3226 2238 3276 eadit
2277 3240 2291 3273 ε
2333 3228 2595 3277 rectissime

1582 3319 1727 3362 vero,
1756 3327 1783 3347 σι
1800 3305 1957 3354 Furiae
1985 3307 2048 3355 sd
2074 3306 2219 3354 [unns
2246 3307 2509 3356 convolant
2529 3328 2552 3350 ι
2572 3321 2589 3356 3

1573 3383 1709 3446 quod
1734 3384 1857 3432 nibil
1876 3385 2146 3444 iucundum
2168 3396 2253 3433 aut
2274 3383 2437 3433 laetnm
2456 3387 2593 3434 furia

1576 3461 1783 3525 diligunt
1804 3480 1819 3510 ε
1846 3479 2018 3527 operu
2042 3465 2189 3528 igitur
2212 3463 2503 3525 Clodianas,
2529 3464 2593 3512 ad

1574 3540 1853 3604 reipublice
1878 3543 2138 3605 perniciem
2161 3542 2477 3592 libentissime
2500 3559 2591 3592 co-

1570 3627 1875 3676 euntes‚vere
1886 3631 1939 3669 et
1946 3622 2144 3686 proprie
2152 3621 2303 3670 furies
2308 3622 2590 3686 appellavit.

1644 3697 1691 3744 5.
1724 3696 1921 3746 Gellius.
1952 3701 2026 3754 Is,
2053 3715 2198 3763 quem
2221 3699 2394 3748 Cicero
2410 3700 2465 3746 in
2482 3714 2593 3746 ore-

1572 3777 1705 3823 tione
1718 3777 1770 3822 in
1778 3776 2023 3825 Vatinium
2034 3777 2327 3834 nutriculam
2340 3777 2595 3826 seditioso-

1570 3869 1675 3902 rnm
1694 3855 1915 3903 nominat
1926 3872 1943 3915 3
1956 3855 2091 3919 qnod
2108 3856 2371 3906 seditiones
2388 3855 2590 3904 libenter

1570 3934 1758 3984 foveret
1803 3945 1948 3999 etque
1994 3935 2143 3986 aleret
2177 3951 2193 3984 ε
2252 3934 2379 3982 dixit
2422 3945 2471 3982 et
2506 3934 2589 3982 hic

1568 4014 1899 4062 testimoninm
1924 4015 1976 4062 in
1994 4015 2233 4064 Sextium.

1636 4095 1689 4142 6.
1729 4094 1899 4142 Fran-e
1926 4092 2165 4158 indignus.
2195 4095 2251 4142 1..
2279 4089 2441 4140 Gellio
2458 4125 2475 4155 ,
2501 4090 2589 4154 qui
