2996 4694
485 397 622 470 382
1113 395 1212 462 Μ.
1257 395 1334 460 Τ.
1391 393 1981 465 CICERONIS

481 526 562 582 ut
603 507 822 580 urbes
879 505 1447 605 depopularetur
1467 563 1488 591 ‚
1550 529 1761 602 agros
1812 520 2119 580 vastaret
2132 561 2153 596 ‚
2204 509 2621 586 exhauriret

477 618 769 709 domos,
798 641 1016 689 ausus
1053 631 1158 688 est
1185 615 1402 713 (quid
1439 616 1637 687 euim
1664 615 1783 687 ille
1822 641 1971 688 uon
2010 618 2401 718 andex-effi)
2430 605 2473 694 a
2502 647 2621 696 se-

473 747 646 803 natu
688 729 1290 827 supplicationem
1329 750 1464 824 per
1497 725 1735 796 literas
1772 726 2157 823 postulare.

565 843 824 912 XVIII.
879 843 944 908 O
1001 835 1101 908 dii
1141 830 1619 906 immortales!
1671 848 1844 906 tune
1882 838 2137 926 etiam,
2168 851 2388 937 atque
2432 839 2617 913 adeo

470 975 630 1041 VOS,
679 951 984 1048 geminae
1029 949 1410 1043 voragines
1435 957 1456 990 ¹
1504 946 1937 1044 scopulique
1990 947 2441 1046 reipublicae,
2480 977 2617 1024 vos

471 1085 702 1135 meam
734 1059 1104 1132 fortunam
1141 1051 1586 1154 deprimitia?
1622 1072 1931 1128 vestram
1962 1058 2354 1131 extollitis?
2383 1085 2617 1158 quum

471 1174 562 1246 de
593 1195 710 1242 me
747 1194 830 1240 ea
861 1165 1484 1239 senatusconsulta
1520 1164 1820 1238 absente
1858 1164 2043 1240 facta
2083 1171 2267 1255 sint,
2308 1194 2409 1242 eae
2447 1193 2619 1242 con·

473 1285 722 1357 ciones
765 1278 1068 1365 habitae,
1127 1279 1188 1350 is
1228 1291 1472 1348 motus
1514 1274 1735 1346 fuerit
1781 1280 2345 1378 municipiorum
2388 1295 2462 1352 et
2500 1305 2619 1352 co·

474 1393 835 1467 loniarum
869 1389 1235 1474 omnium,
1267 1411 1352 1458 ea
1388 1387 1675 1458 decreta
1710 1386 2267 1485 publicanorum
2291 1443 2312 1478 ‚
2347 1415 2431 1462 ea
2466 1391 2617 1463 col-

472 1505 829 1602 legiorum
848 1554 868 1588 ,
895 1523 978 1570 ea
1005 1497 1325 1596 denique
1363 1521 1713 1595 generum
1736 1497 2223 1598 ordinumque
2248 1502 2613 1587 omnium,

479 1639 639 1712 quae
675 1636 810 1710 ego
851 1634 1002 1681 non
1041 1607 1266 1680 modo
1303 1623 1561 1705 optare
1606 1633 2009 1706 numquam
2056 1609 2439 1698 auderem,
2490 1609 2615 1684 sed

479 1725 793 1822 cogitare
837 1746 992 1793 nou
1027 1721 1360 1819 possem?
1395 1742 1527 1789 vos
1568 1732 1811 1790 autem
1854 1722 2325 1819 sempiternas
2366 1720 2617 1794 foedis-

479 1837 672 1904 simae
721 1828 1196 1930 turpitudinis
1245 1843 1456 1900 notas
1506 1827 1925 1902 subieritis?
1977 1837 2089 1903 An
2126 1855 2300 1929 egm
2338 1836 2399 1904 si
2432 1847 2507 1902 te
2542 1846 2619 1904 et

479 1941 920 2014 Gabinium²
981 1940 1178 2012 cruci
1225 1937 1527 2012 suffixos
1570 1935 1927 2027 viderem,
1972 1942 2241 2036 majore
2292 1939 2617 2014 afficerer

477 2054 716 2127 laetitia
753 2077 842 2125 ex
872 2054 1200 2149 corporis
1233 2051 1446 2122 vestri
1473 2049 1901 2122 laceratione
1922 2103 1943 2138 ‚
1972 2075 2191 2149 quam
2224 2050 2501 2124 afficior
2526 2077 2617 2124 ex

475 2165 680 2237 famae
701 2160 778 2234 ³?
801 2162 1102 2236 Nullum
1139 2176 1247 2233 est
1285 2159 1719 2257 supplicium
1762 2159 2167 2258 putandum
2190 2215 2212 2249 ,
2247 2187 2399 2261 quo
2428 2160 2619 2234 affici

479 2299 647 2351 casu
691 2273 938 2371 aliquo
974 2275 1186 2344 etiam
1229 2270 1407 2342 boni
1435 2271 1569 2340 viri
1606 2268 1977 2368 fortesque
2017 2288 2343 2370 possunt.
2378 2279 2615 2369 Atque

478 2388 622 2459 hoc
653 2384 951 2484 quidem
981 2386 1196 2455 etiam
1220 2385 1336 2453 isti
1368 2382 1476 2454 tui
1514 2380 1813 2453 dicunt⁴
1842 2384 2257 2481 voluptarii,
2292 2386 2519 2457 Graeci
2537 2380 2567 2428 ⁵
2600 2410 2618 2457 z

481 2520 668 2595 quos
693 2495 972 2567 utinam
1000 2494 1101 2563 ita
1127 2492 1414 2564 audires
1431 2543 1452 2578 ‚
1479 2504 1563 2563 ut
1590 2506 1795 2564 erant
1820 2492 2191 2567 audiendi!
2214 2518 2615 2592 numquam

481 2624 552 2679 te
588 2610 664 2677 in
701 2620 814 2676 tot
849 2604 1112 2701 flagitia
1147 2603 1659 2702 ingurgitasses
1687 2598 1743 2673 ⁶.
1779 2608 2051 2677 Verum
2088 2606 2293 2679 audis
2328 2609 2407 2677 in
2444 2630 2617 2703 prae·

479 2714 820 2812 sepibus;
859 2711 1066 2785 audis
1099 2716 1178 2784 in
1201 2713 1555 2810 stupris73
1588 2712 1791 2784 audis
1832 2715 1907 2785 in
1952 2715 2117 2789 cibo
2153 2730 2225 2789 et
2256 2718 2445 2789 vino.
2474 2714 2613 2789 Sed

481 2824 742 2896 dicunt
774 2824 889 2895 isti
921 2824 1090 2921 ipsi,
1131 2824 1262 2920 qui
1297 2822 1482 2893 mala
1523 2818 1807 2911 dolore,
1850 2824 2042 2897 bona
2084 2828 2455 2927 voluptate
2494 2826 2619 2899 de·

481 2934 788 3023 finiunt,
825 2935 1258 3032 sapientem,
1295 2933 1571 3004 etiamsi
1605 2933 1683 3003 in
1717 2934 2110 3009 Phalaridis
2147 2953 2356 3009 tauro
2392 2936 2616 3009 inclu-

554 3102 750 3150 xvm.
785 3118 832 3149 ι.
863 3098 1080 3149 Gemina
1101 3099 1382 3167 ‘ms-agius,
1403 3100 1505 3163 Qui

489 3192 736 3245 tamquam
771 3180 1026 3245 voragines
1061 3178 1346 3246 mipublicae
1375 3178 1507 3230 bona

483 3261 804 3319 exhausinin
851 3271 900 3309 et
947 3262 1003 3311 iu
1047 3278 1175 3327 quo·
1225 3260 1505 3327 reipublice

484 3340 624 3389 navio
655 3350 906 3404 umquam
929 3340 984 3387 in
1021 3343 1258 3407 scopulos
1291 3342 1503 3406 impacta

478 3420 782 3483 naufragium
801 3435 940 3483 pam
957 3430 1046 3469 ent.

551 3516 600 3545 α.
625 3498 681 3545 Si
693 3508 740 3545 te
757 3510 808 3546 et
828 3497 1110 3548 Gauium.
1125 3500 1358 3549 Ostendit
1373 3513 1507 3551 mor·

483 3588 582 3625 tem
600 3592 702 3625 uon
721 3593 823 3625 esse
841 3578 1164 3642 supplicium,
1187 3580 1232 3627 οἱ
1253 3582 1508 3647 contingat

481 3657 763 3715 iunocenti3
791 3666 940 3719 atque
972 3657 1096 3707 adeo
1137 3674 1198 3708 ue
1225 3676 1366 3709 mum
1400 3662 1508 3726 qui-

482 3736 594 3784 dem
620 3736 842 3785 exsilium
861 3736 1039 3785 infame
1052 3738 1231 3799 luisse,
1258 3740 1394 3806 quod
1411 3740 1509 3805 ipsi

481 3825 688 3881 propter
747 3825 982 3863 corvatam
1049 3818 1396 3884 rempublicam
1457 3811 1507 3866 dt

478 3910 781 3959 comprenso·
827 3894 1047 3944 Catilinae
1093 3898 1282 3947 furores
1327 3908 1400 3945 est
1441 3896 1505 3945 il-

475 3972 648 4022 latum.

551 4054 599 4101 3.
627 4056 712 4101 Ex
721 4050 904 4119 fam
931 4054 1018 4103 Al.
1035 4051 1261 4121 infamia.
1280 4054 1501 4105 Subaud.

479 4146 538 4179 ex
561 4132 854 4179 laceratione
877 4132 1034 4181 fnmae.

1666 3109 1715 3157 4.
1763 3102 1965 3155 Dicunt.
2016 3106 2323 3170 Supplicium
2371 3106 2427 3153 in
2469 3104 2615 3170 culpa

1592 3195 1861 3250 ponentem
1888 3186 1975 3234 ubi
2000 3202 2119 3235 vero
2158 3186 2306 3252 eulpa
2338 3186 2467 3235 absit
2496 3202 2613 3251 sup—

1591 3266 1797 3331 plicium
1816 3282 1919 3315 uon
1944 3276 2185 3331 putantes.

1664 3346 1714 3393 5.
1748 3345 1929 3394 (ἓνκαὶ.
1968 3346 2227 3412 Epicurei,
2246 3344 2336 3409 qui
2366 3359 2613 3393 tammum

1591 3424 1805 3473 homini·
1858 3424 2041 3475 bouum
2094 3427 2145 3475 iu
2196 3440 2295 3474 uua
2349 3424 2607 3488 voluptate

1592 3516 1878 3567 posueruut.
1896 3504 1989 3555 En.

1664 3582 1718 3631 6.
1748 3582 2123 3647 lngurgitaesses.
2150 3584 2429 3645 Numquam
2470 3591 2517 3629 te
2556 3580 2613 3627 in

1592 3660 1719 3709 hauc
1736 3662 1905 3709 fecem
1929 3673 2063 3712 tuam
2082 3662 2403 3711 involuussez
2418 3696 2433 3719 ‚
2462 3678 2489 3709 e
2516 3676 2611 3725 qun

1592 3756 1724 3789 nuuc
1742 3756 1983 3805 emergere
1996 3756 2099 3789 nou
2116 3752 2275 3805 potet.

1665 3835 1716 3880 7.
1732 3819 1889 3869 Audis
1911 3821 1962 3869 in
1984 3820 2175 3885 sceqer-is.
2200 3822 2251 3869 Si
2276 3820 2399 3883 quid
2417 3818 2613 3867 honesti

1590 3899 1851 3964 proferunt
1874 3911 1925 3949 et
1950 3900 2171 3960 nudent,
2196 3915 2335 3948 aures
2363 3898 2455 3947 tibi
2472 3898 2615 3947 obte-

1591 3994 1699 4041 ηις
1717 3978 1783 4027 ad
1798 3978 1853 4027 id
1869 3996 2023 4029 uuum
2042 3981 2271 4039 intentus,
2292 3995 2405 4043 qua
2424 3978 2485 4026 de
2508 3993 2613 4025 eor-

1590 4058 1726 4122 poris
1770 4058 2107 4124 voluptatibus
2140 4058 2431 4124 turpissimis
2461 4072 2611 4122 argu·

1588 4149 1882 4187 mutantur.
1906 4139 1995 4186 En.
