2996 4694
813 371 1199 441 ORATIO
1247 374 1445 442 PRo
1495 375 1571 442 Ρ.
1630 373 2061 470 SEXTJO„
2380 371 2469 445 25

358 491 573 566 alieni
609 492 686 562 in
739 489 926 565 freto
979 492 1069 564 ad
1111 487 1571 565 columnam⁶
1625 491 2139 566 adhaeresceret
2158 546 2179 581 ‚
2220 496 2296 564 in
2340 496 2475 566 tri-

355 601 694 675 bunatus-
727 618 1018 701 portum
1077 602 1484 701 perfugerat
1504 615 1553 674 ⁷.
1618 601 2149 676 Contemnebat
2194 605 2475 700 equites

352 735 689 783 romanos
705 765 725 799 ,
751 711 1218 784 minitabatur
1245 715 1568 800 senatui,
1602 711 2017 785 venditabat
2044 738 2123 785 se
2158 716 2397 811 operis
2414 709 2473 804 ⁸,

353 835 571 919 atque
611 820 704 892 ab
749 823 832 893 iis
876 845 951 894 se
992 835 1324 921 ereptum
1345 876 1368 912 ‚
1407 847 1504 894 ne
1542 821 1633 894 de
1664 821 1945 895 ambitu
1962 832 1996 882 9
2038 847 2325 896 causam
2360 823 2475 895 di-

352 945 580 1019 ceret,
621 930 1088 1029 praedicabat,
1133 931 1226 1004 ab
1263 932 1665 1032 iisdemque
1700 959 1775 1006 se
1796 989 1818 1022 ‚
1864 937 2075 1006 etiam
2116 935 2345 1014 invito
2370 960 2475 1008 se·

349 1054 527 1112 natu
551 1051 643 1128 ¹⁰,
707 1041 1154 1138 provinciam
1223 1066 1513 1140 sperare
1578 1041 1907 1131 dicebat3
1978 1067 2283 1140 eamque
2334 1045 2475 1116 nisi

349 1147 654 1246 adeptus
691 1163 880 1221 esset
897 1203 918 1237 ,
967 1173 1044 1222 se
1093 1151 1537 1223 incolumem
1579 1151 1783 1224 nullo
1827 1152 2052 1225 modo
2086 1151 2243 1224 fore
2282 1153 2472 1224 arbi-

347 1257 694 1331 trabatur.
739 1259 964 1348 Alter,
995 1286 1042 1330 o
1073 1260 1172 1332 dii
1205 1259 1414 1334 boni!
1461 1285 1683 1358 quam
1731 1277 1917 1334 teter
1941 1274 1999 1306 ¹¹
2053 1260 2469 1335 incedebat!

348 1392 568 1464 quam
607 1368 1092 1440 truculentus!
1147 1394 1366 1468 quam
1415 1370 1757 1444 terribilis
1806 1371 2189 1470 adspectu!
2238 1397 2469 1444 unum

347 1476 659 1574 aliquem
701 1491 775 1549 te
825 1502 916 1550 ex
961 1477 1280 1551 barbatis
1334 1479 1509 1568 illis,
1562 1482 1975 1580 exemplum
2030 1484 2313 1580 imperii
2348 1507 2472 1555 ve-

345 1588 549 1676 teris,
587 1589 972 1685 imaginem
999 1591 1482 1688 antiquitatis,
1512 1592 1851 1664 columen
1882 1592 2293 1691 reipublicae
2315 1645 2336 1680 ‚
2364 1592 2473 1664 di·-

308 1699 545 1768 'ceres
597 1699 880 1769 intueri.
937 1701 1250 1771 Vestitus
1306 1724 1557 1798 aspere
1582 1711 1643 1746 ¹²
1686 1715 1931 1774 nostra
1966 1701 2103 1772 hac
2147 1725 2471 1800 purpura

344 1806 660 1906 plebeia,
697 1833 780 1880 ac
805 1832 1011 1907 poene
1037 1807 1274 1899 fusca3
1303 1810 1563 1909 capillo
1591 1811 1689 1883 ita
1712 1810 2049 1900 horrido,
2076 1824 2167 1882 ut
2184 1815 2463 1908 Capua,

341 1960 544 2010 omnino
578 1973 861 2026 corruptum
893 1979 1038 2011 nemo
1071 1977 1175 2010 non
1203 1961 1357 2011 videt.
1446 1963 1592 2012 sortis
1623 1963 1906 2014 hominibus
1936 1962 2087 2012 multa
2116 1961 2443 2028 pollicebatur
2456 1996 2472 2022 ,

341 2039 596 2088 Turnebus
607 2041 850 2104 vulg-tm
861 2043 1066 2104 exponit
1077 2055 1092 2090 τ
1111 2061 1138 2082 α
1147 2041 1360 2104 quodam

339 2117 548 2182 putealis
588 2129 638 2166 et
669 2120 778 2166 ieris
812 2119 956 2167 alieni
981 2131 1131 2167 vento
1151 2121 1360 2180 jactatus

340 2211 398 2244 ac
423 2197 520 2244 fere
547 2213 738 2245 eversus
751 2219 793 2246 a.
819 2197 916 2246 Sed
932 2197 1109 2245 nullibi
1135 2213 1194 2246 eo
1217 2213 1360 2246 sensu

340 2275 556 2324 occurrit
575 2275 778 2324 verbum
804 2275 990 2344 ἰηβαΰ.
1017 2277 1242 2326 Correxit
1265 2277 1359 2324 Er-

339 2356 522 2405 nestius
564 2356 806 2421 jactatus.
864 2357 1154 2409 Garatonius
1201 2357 1360 2415 labem

337 2435 498 2483 multo
541 2436 684 2484 latius
734 2452 928 2485 manare
969 2437 1262 2501 suspicatus,
1287 2437 1358 2485 sic

337 2512 502 2562 locam
537 2524 698 2563 totum
731 2515 909 2564 habet:
941 2538 967 2560 ι
986 2514 1171 2581 puteali
1204 2526 1256 2564 et
1287 2516 1358 2564 fe·

338 2604 614 2642 nuatornm
656 2596 790 2660 gregi
839 2594 1084 2645 subiratus
1105 2628 1124 2655 ,
1173 2609 1202 2645 a
1255 2608 1358 2658 quo

335 2673 648 2735 compulsus,
671 2683 768 2723 etc.
791 2696 818 2717 D

408 2750 463 2798 6.
499 2752 587 2799 Aa
605 2752 899 2801 columnam.
933 2752 1192 2811 Maniam,
1216 2752 1356 2812 iuxta

335 2844 482 2891 qnam
517 2830 756 2879 triumviri
795 2832 1025 2896 capitales
1053 2830 1355 2893 indicabant.

336 2908 413 2955 De
451 2924 506 2957 ea
543 2910 658 2957 vide
681 2910 822 2975 plura
855 2909 921 2959 ad
949 2910 1251 2960 Cluentiano
1279 2926 1360 2959 ca·

335 2997 428 3050 put
459 2988 540 3050 39.
562 3015 632 3027 --
661 2988 1035 3039 Adhoeresceree.
1062 2990 1357 3055 Impingere·

336 3074 432 3127 tur,
456 3066 636 3116 faceret
655 3069 976 3133 naufragium.
1287 3058 1294 3063 ¹

407 3159 456 3211 7.
491 3143 794 3212 Peffugerae.
823 3146 1061 3196 Gabinius
1093 3164 1246 3212 quum
1269 3162 1360 3211 op-

333 3236 530 3285 pressus
551 3235 674 3272 esset
699 3240 794 3273 ere
819 3224 981 3274 alieno
996 3260 1010 3285 ‚
1037 3236 1086 3274 et
1109 3236 1356 3289 tamqnam

334 3302 388 3348 in
441 3304 648 3367 Scyllam
696 3305 822 3352 freto
874 3307 1041 3353 omnia
1091 3304 1358 3353 devorante

336 3378 662 3443 deprehensns
674 3416 690 3442 ,
711 3400 776 3431 ne
795 3384 1135 3432 foeneratorum
1154 3381 1358 3431 delatio-

333 3457 482 3505 nibus
499 3494 514 3515 ‚
568 3477 628 3509 ae
671 3462 1036 3510 triumvirorum
1089 3462 1326 3510 sententia
1339 3498 1357 3525 ,

336 3546 582 3599 tamquam
597 3539 804 3587 adverae
821 3552 973 3589 vento
989 3538 1184 3589 inflatus
1203 3572 1220 3599 ‚
1237 3540 1355 3587 etin

335 3614 567 3678 scopulos
589 3616 827 3680 impactus
846 3618 910 3666 ad
931 3619 1208 3667 columnam
1227 3620 1358 3667 Mn-

333 3693 468 3741 niam
494 3692 802 3759 deligat-etur,
825 3696 990 3761 ibique
1017 3696 1162 3746 bonis
1190 3697 1358 3762 publi-

337 3775 458 3822 catis
473 3774 652 3821 faceret
669 3772 868 3837 relique
886 3776 956 3823 rei
975 3776 1220 3825 familiaris
1235 3790 1356 3825 nan·

333 3853 564 3917 fragium,
587 3852 656 3900 ad
685 3852 980 3901 tribtmatum
997 3892 1014 3917 ‚
1031 3866 1276 3920 tamquam
1289 3856 1354 3904 ad

335 3942 534 3995 portum
563 3931 865 3989 securitatis,
899 3934 1210 3999 confugerat,
1240 3949 1354 3984 eum

336 4011 664 4075 magistratum
684 4020 856 4077 petens
867 4044 884 4071 ,
900 4026 962 4059 ne
979 4026 1088 4061 reus
1103 4012 1258 4063 fieret.

409 4090 458 4136 8.
493 4089 676 4155 Operis.
713 4088 962 4154 operarii·
997 4100 1142 4155 atque
1179 4091 1356 4141 infime

1445 2056 1653 2103 quorum
1684 2041 1979 2091 factionibus
2010 2051 2261 2106 acceptum
2290 2041 2469 2090 mesem-

1443 2116 1559 2178 bat,
1607 2119 1743 2183 qnod
1784 2120 1846 2168 de
1891 2120 2079 2168 ambitu
2123 2135 2315 2168 cansam
2362 2134 2469 2168 non

1445 2193 1662 2243 dixisset.

1517 2289 1569 2336 9.
1606 2275 1683 2322 Ns
1721 2273 1784 2322 de
1820 2273 2003 2323 ambita
2036 2288 2236 2322 eausam
2272 2271 2468 2322 diceret.

1443 2350 1523 2399 oh
1552 2353 1857 2417 consulatum
1896 2368 2001 2401 non
2036 2368 2171 2401 more
2204 2355 2471 2415 majorum,

1443 2429 1532 2479 sed
1562 2432 1770 2495 pecunia
1796 2433 2069 2495 qnaimm.

1520 2524 1598 2559 ιο.
1634 2510 1791 2559 Invito
1824 2522 2017 2561 senatu.
2046 2506 2281 2575 Sperabat
2307 2510 2435 2558 enim
2448 2544 2465 2573 ‚

1441 2591 1588 2642 etiam
1615 2591 1659 2641 si
1684 2589 1985 2655 pmvinciam
2016 2590 2061 2638 ei
2092 2599 2287 2647 senatus
2321 2588 2469 2639 dene·

1441 2680 1577 2732 garet
1588 2704 1603 2729 ,
1620 2670 1725 2718 fore
1746 2680 1907 2724 tamen
1918 2704 1933 2727 ,
1948 2680 2005 2718 ut
2022 2668 2211 2731 rogatio
2226 2685 2253 2716 a
2266 2668 2469 2718 tribuno

1439 2748 1510 2813 pl.
1561 2748 1770 2807 Clodio,
1825 2746 2172 2809 adiuvantibus
2223 2748 2469 2811 corruptis

1439 2826 1747 2887 bominibus,
1792 2828 2085 2891 perferretur
2124 2839 2141 2874 :
2184 2825 2333 2889 idque
2372 2826 2467 2875 sibi

1439 2908 1651 2957 maxime
1668 2906 1991 2955 necessarium
2008 2904 2206 2955 videbat
2224 2918 2356 2953 esse:
2382 2906 2469 2970 qni

1441 2987 1545 3033 sine
1568 2984 1845 3051 ingentibus
1864 2986 2047 3050 rapinis
2072 2993 2375 3033 contractum
2401 3000 2469 3033 ωε

1440 3064 1653 3113 alienum
1672 3063 1934 3117 dissolvere
1952 3080 2053 3111 non
2080 3072 2263 3127 posset.

1489 3199 1498 3207 .
1520 3160 1542 3191 1
1555 3160 1599 3191 1.
1624 3144 1787 3207 Quam
1806 3153 1937 3191 teter.
1962 3142 2077 3191 Piso
2100 3142 2226 3190 tristi
2243 3140 2471 3191 obscura-

1440 3238 1537 3287 que
1556 3222 1704 3280 facie,
1724 3222 1927 3271 horrido
1946 3220 2150 3286 capillo,
2168 3222 2467 3269 severitatem

1439 3302 1575 3349 illam
1596 3311 1805 3349 veterem
1820 3335 1836 3361 ,
1862 3310 1913 3349 et
1932 3300 2251 3349 constantiam
2278 3314 2383 3363 prm
2410 3314 2463 3348 se

1440 3380 1643 3429 ferebat.

1514 3474 1595 3507 xa.
1628 3457 1835 3507 Vestitus
1856 3473 2041 3522 aspere.
2069 3458 2265 3507 Vestitu
2288 3457 2467 3506 uteba-

1440 3548 1521 3587 tur
1567 3552 1729 3585 crasso
1746 3570 1763 3597 ,
1800 3552 2017 3601 purpura
2046 3536 2141 3585 bae
2178 3538 2350 3585 Roma
2380 3537 2469 3585 vili

1439 3626 1489 3665 et
1520 3614 1785 3664 communi.
1826 3617 1981 3663 Porro
2008 3615 2155 3665 rubra
2182 3615 2465 3680 plenumque

1440 3706 1688 3748 senatores
1708 3705 1759 3743 et
1782 3694 1975 3758 equites·
1990 3693 2339 3752 vestiebantur3
2360 3694 2465 3740 vio·

1437 3776 1571 3825 lanea
1591 3776 1691 3836 jam
1724 3772 2043 3839 spernebatur
2066 3790 2213 3838 quam
2244 3772 2465 3821 omnium

1438 3854 1821 3919 antiquissimam
1858 3849 2087 3902 nonnulli
2122 3860 2324 3916 propter
2350 3865 2463 3913 ege-

1438 3945 1642 3995 statem,
1678 3934 1793 3981 Piso
1828 3942 1987 3981 antem
2024 3942 2075 3981 et
2108 3932 2231 3979 Cato
2258 3940 2463 3993 propter

1437 4013 1681 4062 inimicam
1712 4012 1919 4061 luxurio
1945 4010 2247 4059 severitatem
2278 4018 2457 4071 pretu-

1441 4092 1622 4140 lerunt.
