2996 4694
1145 368 1242 434 M.
1292 369 1368 432 T.
1423 369 1993 438 CICERONIS

604 485 996 585 Equidem,
1043 501 1124 556 ut
1165 485 1412 582 paullo
1457 501 1623 558 ante
1651 485 1835 576 dixi,
1873 512 2023 558 non
2062 485 2309 560 eadem
2358 488 2633 586 suppli-

509 598 618 667 cia
663 619 816 667 esse
869 597 946 666 in
1014 594 1432 668 hominibus
1471 601 1842 688 existim0‚
1902 623 2062 694 quae
2118 597 2415 669 fortasse
2475 597 2631 695 ple-

510 709 722 804 rique
739 719 791 794 ⁷,
844 706 1382 796 damnationes,
1439 707 1931 806 expulsiones,
1983 733 2197 780 neces
2245 735 2261 777 τ
2319 706 2632 804 denique

511 816 784 888 nullam
827 817 1005 888 mihi
1053 842 1346 915 poenam
1396 817 1685 889 videtur
1724 817 1993 890 habere
2028 817 2103 888 id
2124 872 2144 905 ‚
2194 817 2397 914 quod
2450 820 2631 888 acci-

510 925 682 998 dere
708 928 1120 1014 innocenti,
1146 926 1348 1023 quod
1374 925 1547 998 forti
1564 981 1585 1016 ‚
1615 926 1816 1024 quod
1844 927 2177 1026 sapienti,
2207 923 2409 1021 quod
2430 923 2631 996 bono

509 1039 664 1107 viro
693 1051 768 1108 et
786 1037 924 1107 civi
951 1051 1211 1132 potest.
1233 1038 1615 1108 Damnatio
1632 1039 1787 1124 ista,
1806 1062 1965 1134 quae
1994 1037 2070 1106 in
2099 1050 2169 1106 te
2187 1031 2218 1080 ⁸
2254 1035 2633 1131 flagitatur,

513 1144 776 1243 obtigit
817 1148 892 1214 P.
939 1146 1208 1216 Rutilio
1231 1200 1250 1234 ,
1295 1146 1498 1242 quod
1537 1147 1897 1245 specimen
1926 1143 2181 1217 habuit
2213 1143 2365 1214 haec
2392 1144 2633 1214 civitas

511 1257 966 1326 innocentiae.
1006 1254 1240 1349 Major
1285 1255 1461 1326 mihi
1495 1254 1822 1350 judicum
1860 1269 1932 1327 et
1976 1252 2390 1353 reipublicae
2430 1275 2635 1349 poena

512 1365 631 1435 illa
671 1367 820 1436 visa
857 1379 996 1451 est,
1038 1389 1260 1461 quam
1293 1365 1559 1435 Rutilii.
1595 1369 1677 1437 L.
1715 1367 2093 1464 Opimius9
2130 1366 2401 1461 ejectus
2443 1375 2551 1432 est
2595 1385 2633 1430 e

511 1476 776 1572 patria,
804 1477 882 1562 is,
912 1477 1039 1572 qui
1071 1491 1334 1572 praetor
1367 1490 1439 1546 et
1470 1476 1723 1547 consul
1757 1476 2085 1547 maximis
2112 1471 2637 1571 rempublicam

513 1585 848 1680 periculis
882 1583 1234 1656 liberarat.
1279 1589 1447 1656 Non
1491 1588 1567 1656 in
1614 1611 1741 1674 e0,
1796 1588 1913 1658 cui
1961 1584 2146 1657 facta
2188 1598 2295 1655 est
2334 1583 2637 1678 injuria,

513 1693 642 1767 sed
672 1696 748 1766 in
782 1696 904 1781 iis,
947 1697 1077 1791 qui
1110 1693 1476 1780 fecerunt,
1514 1695 1796 1767 sceleris
1822 1721 1907 1767 ac
1941 1693 2394 1767 conscientiae
2420 1712 2641 1788 poena

516 1813 930 1906 permansit.
960 1814 1054 1881 At
1079 1824 1328 1880 contra
1355 1807 1470 1881 bis
1487 1810 1790 1882 Catilina
1821 1809 2195 1882 absolutus
2216 1818 2303 1896 ¹⁰3
2342 1801 2639 1879 emissus

517 1921 731 1988 etiam
774 1918 894 1989 ille
937 1931 1265 1990 auctorn
1323 1935 1494 1990 tuus
1550 1921 1974 2018 provinciae,
2020 1943 2250 2016 quum
2306 1931 2637 2013 stuprum

517 2034 732 2098 Bonae
757 2032 930 2099 Deoe
966 2027 1460 2127 pulvinaribus
1481 2039 1542 2070 ¹²
1574 2030 1951 2102 intulisset.
1977 2030 2159 2120 Quis
2183 2025 2323 2098 fuit
2346 2027 2424 2096 in
2444 2036 2641 2094 tanta

520 2140 837 2226 civitate,
890 2143 1018 2236 qui
1063 2139 1270 2208 illum
1327 2139 1603 2208 incesto
1648 2137 2069 2227 liberatum,
2121 2161 2273 2208 non
2317 2159 2473 2222 θοε,
2516 2133 2643 2230 qui

521 2249 618 2318 ita
650 2245 1142 2344 judicarint¹³‚
1173 2249 1325 2346 pari
1352 2247 1618 2319 scelere
1648 2247 2108 2323 obstrict0s¹⁴
2135 2239 2647 2318 arbitraretur?

509 371 645 452 422

1626 2429 1734 2477 stali
1747 2444 1764 2492 ;
1788 2430 1962 2477 iterum
1988 2428 2051 2477 de
2074 2426 2353 2493 repetundis
2374 2442 2436 2474 ex
2464 2424 2643 2473 Africa.

1700 2525 1722 2557 ι
1736 2526 1757 2556 1
1772 2544 1783 2556 .
1805 2508 2018 2557 Emis-rus
2032 2507 2176 2555 etiam
2190 2506 2274 2556 ille
2284 2515 2474 2554 auctor.
2490 2504 2645 2551 Etiam

1627 2586 1827 2635 Publius
1856 2586 2087 2647 Clodius,
2114 2586 2201 2649 qui
2226 2584 2335 2648 lege
2366 2600 2454 2631 sua
2480 2592 2649 2629 auctor

601 2459 650 2502 7.
697 2440 819 2500 Quoe
838 2434 1060 2501 fortasse
1084 2435 1318 2501 plerique.
1357 2438 1539 2485 Eorum

519 2524 606 2588 qui
638 2518 754 2568 solis
787 2515 1007 2563 sensibus
1035 2514 1165 2561 bona
1200 2525 1250 2562 et
1277 2514 1400 2561 mala
1437 2531 1540 2562 me-

519 2604 734 2654 tiuntur3
755 2594 890 2642 addit
891 2591 1115 2658 fortasse
1133 2592 1381 2640 modestiae
1395 2608 1539 2641 causa

329 4042 446 4069 -x

521 2694 583 2725 ne
601 2674 790 2725 facilius
806 2670 928 2719 alios
947 2671 1172 2718 damnare
1191 2670 1428 2719 videatur.

593 2756 642 2804 8.
665 2756 788 2817 Quo
805 2750 857 2798 in
875 2750 1210 2817 eestagieatur.
1235 2751 1393 2811 Quam
1411 2748 1543 2813 leges

520 2837 640 2899 ipsae
665 2831 783 2891 tibi,
808 2845 902 2893 pro
929 2844 1018 2876 suo
1037 2831 1147 2890 jure
1181 2828 1233 2875 in
1260 2828 1541 2887 sceleratos,

523 2923 700 2978 petunt
711 2909 906 2968 inferri3
925 2922 1070 2971 quam
1085 2917 1258 2955 vexata
1275 2917 1325 2953 et
1340 2906 1546 2955 lacerata

525 2991 778 3058 provincia
787 3024 802 3049 ,
817 3004 962 3055 qnam
976 2987 1194 3052 hospites
1205 2986 1392 3045 violati,
1403 3002 1547 3049 quam

523 3074 647 3121 »nale
691 3080 923 3119 tractatus
957 3066 1194 3115 exercitus
1237 3066 1326 3113 tibi
1360 3064 1549 3129 imponi

527 3153 816 3201 desiderant.

597 3247 646 3294 9.
679 3234 728 3277 L.
759 3227 973 3293 Opimius
999 3225 1176 3292 ejectus
1204 3236 1276 3272 est
1294 3240 1323 3271 e
1335 3222 1509 3289 patria
1527 3256 1543 3282 ,

526 3321 618 3357 etc.
639 3310 824 3359 Notum
853 3318 954 3361 est,
981 3304 1231 3369 Opimium
1257 3303 1310 3349 in
1335 3312 1546 3367 praetura

527 3386 764 3451 Fregellas
781 3386 996 3453 cepisse;
1023 3398 1126 3447 quo
1149 3392 1296 3446 pacto
1319 3382 1451 3427 visus
1476 3390 1551 3427 est

529 3476 713 3513 ceteros
743 3479 941 3527 quoque
967 3460 1180 3511 nominis
1207 3458 1364 3507 Latini
1390 3458 1549 3505 socios

529 3545 652 3593 male
665 3545 898 3592 animatos
915 3539 1194 3606 repressisse
1207 3554 1223 3599 ;
1234 3535 1552 3599 eumdemque

529 3623 580 3669 in
599 3622 856 3670 consulatu
875 3619 1100 3668 Fulvium
1126 3615 1352 3662 Flaccum
1374 3630 1552 3661 consu-

531 3701 705 3761 larem,
742 3710 793 3747 et
826 3700 882 3747 C.
923 3694 1199 3746 Gracchum
1239 3692 1553 3741 tribunicium

533 3778 827 3845 oppressisse
845 3792 859 3825 :
887 3775 954 3824 ob
971 3788 1117 3839 quam
1137 3770 1370 3819 invidiam
1387 3780 1552 3835 postea

527 3857 716 3917 jndicio
749 3857 1105 3904 circumventus
1135 3858 1235 3905 est,
1274 3848 1398 3894 etin
1429 3848 1555 3895 exsi-

530 3937 652 3983 lium
671 3947 830 3984 actus.

611 4030 688 4062 xo.
719 4018 788 4060 Ae
811 4022 986 4059 contra
1015 4006 1084 4055 bis
1114 4004 1324 4053 Catilina
1355 4004 1553 4052 absolu-

1628 2666 1719 2715 fuit
1740 2700 1757 2726 ‚
1806 2675 1862 2713 ut
1914 2664 2005 2713 tibi
2054 2663 2345 2713 Macedonia
2396 2660 2647 2727 provincIa

1630 2744 1981 2807 decerneretur,
2007 2742 2283 2801 absolutus,
2312 2752 2362 2790 et
2394 2758 2423 2788 e
2459 2741 2617 2803 legum
2634 2776 2649 2801 ,

1629 2824 2017 2887 judiciorumque
2039 2822 2250 2886 laqueis,
2280 2818 2458 2884 quibus
2484 2816 2651 2882 impli-

1634 2913 1767 2951 catus
1780 2902 2049 2961 tenebatur,
2062 2901 2212 2948 instar
2223 2900 2392 2948 bestiae
2400 2896 2649 2959 cujusdam

1636 2981 1699 3029 ad
1732 2980 2000 3029 vexandam
2027 2978 2430 3042 lacerandamque
2458 2990 2655 3038 rempu-

1636 3060 1811 3109 blicam
1854 3060 2056 3107 emissus
2088 3070 2190 3118 est3
2232 3056 2319 3105 sic'
2340 3072 2433 3121 pro
2464 3052 2655 3103 Milone

1633 3138 1855 3187 eumdem
1882 3137 2109 3188 Clodium
2134 3136 2343 3184 belluam
2354 3132 2654 3199 judiciorum

1632 3218 1835 3281 laqueos
1852 3216 2175 3265 declinantem
2193 3213 2424 3279 appellat.
2442 3210 2572 3259 Vide
2592 3208 2658 3259 de

1636 3296 1850 3344 foeditate
1865 3296 2010 3356 hujus
2028 3292 2204 3355 indicii
2227 3292 2333 3341 Cic.
2353 3290 2417 3339 ad
2434 3286 2587 3339 Attio.
2608 3300 2657 3338 et

1636 3376 1804 3422 Senec.
1829 3388 1910 3437 ep.
1942 3386 2027 3433 97.

1712 3466 1794 3500 υ.
1824 3454 1983 3514 Quum
2002 3460 2219 3513 stuprum
2237 3450 2391 3495 Bonoe
2410 3450 2529 3495 Deoe
2538 3446 2659 3511 pu!-

1640 3529 1895 3578 einan‘bus.
1931 3531 2097 3592 Quum
2126 3528 2327 3575 domum
2369 3528 2573 3577 Castris
2608 3527 2659 3573 in

1638 3608 1807 3657 habitu
1852 3606 2065 3656 fidiciuae
2113 3608 2353 3671 ingressus
2399 3617 2527 3654 esset
2543 3639 2558 3664 ,
2604 3616 2665 3651 ut

1640 3686 1919 3751 Pompeiam
1978 3686 2176 3735 Caesaris
2235 3686 2494 3747 conjugem
2546 3698 2661 3731 cum

1640 3768 1811 3815 ceteris
1839 3766 2071 3813 matronis
2096 3766 2246 3813 Bona
2276 3764 2380 3812 dea:
2416 3779 2551 3811 saera
2587 3762 2663 3811 fa·

1641 3846 1845 3893 cientem
1892 3844 1945 3890 in
1990 3844 2111 3909 ipsis
2156 3846 2276 3892 Deo
2322 3842 2667 3908 pulvinaribus

1641 3934 1995 3989 constupraret.

1720 4004 1797 4049 13.
1816 4000 1895 4051 Al.
1912 4000 2214 4063 judicarunt.
2242 4003 2292 4048 J.
2309 4001 2373 4047 V.
2393 4002 2447 4048 1..

28 4082 312 4379 VW'
537 4104 626 4145 tus.
646 4091 802 4141 Semel
835 4087 894 4136 de
927 4088 1114 4135 incestu
1141 4100 1254 4133 cum
1281 4083 1425 4133 Fabia
1452 4082 1551 4129 Ve-
1720 4088 1796 4136 ¹4·
1825 4078 1904 4129 Al.
1930 4078 2199 4128 adstrictos.
2219 4078 2270 4127 J.
2293 4078 2354 4127 V.
2384 4079 2448 4126 L.

36 4367 46 4412 Ξ
