2996 4694
718 407 1104 477 ORATIO
1153 410 1363 478 PRO
1414 409 1490 476 C.
1536 411 1620 475 R.
1674 406 2191 488 POSTUMO.
2389 401 2531 490 453

399 529 634 602 facere
682 543 1049 601 coactores
1105 528 1378 616 solent,
1418 528 1861 616 centesimae;
1900 551 1995 598 an
2043 524 2530 598 decessionem

398 641 492 714 de
549 663 829 714 summa
880 638 1152 712 fecerit.
1215 643 1289 712 Si
1335 639 1854 722 accessionem;
1916 635 2258 708 undecim
2310 636 2533 706 millia

395 747 800 840 talentum⁷
837 746 930 818 ad
966 746 1359 820 Gabinium
1411 753 1924 846 pervenerunt.
1971 750 2065 817 At
2116 769 2265 828 non
2312 744 2533 816 modo

395 855 528 928 abs
557 852 676 928 te⁸
728 856 982 930 decem
1032 857 1254 929 millia
1290 855 1578 954 objecta
1610 871 1817 946 sunt,
1862 855 1993 928 sed
2036 856 2251 929 etiam
2292 854 2383 928 ab
2420 855 2535 926 his

398 967 758 1038 muman.
783 965 994 1039 Addo
1018 965 1198 1038 illud
1223 967 1438 1038 etiam
1463 993 1480 1036 :
1514 967 1643 1064 qui
1670 965 1965 1038 tandem
1993 966 2358 1051 convenit,
2384 980 2532 1050 aut,

399 1090 548 1148 tam
604 1078 802 1174 gravi
856 1100 1082 1148 onere
1137 1074 1581 1148 tributorum
1600 1130 1621 1164 ,
1674 1075 1766 1148 ad
1814 1090 2087 1148 tantam
2148 1075 2533 1174 pecuniam

399 1186 798 1282 cogendam
845 1185 1042 1258 mille
1087 1185 1441 1258 talentum
1497 1189 1987 1258 accessionem
2024 1207 2179 1256 esse
2230 1182 2532 1270 factam;

397 1311 558 1383 aut,
609 1296 686 1366 in
728 1309 930 1368 tanta
985 1295 1318 1368 mercede
1369 1295 1693 1368 hominis
1710 1349 1731 1386 ,
1781 1309 1867 1368 ut
1914 1298 2055 1381 vis,
2111 1295 2537 1381 avarissimi,

397 1406 592 1477 mille
639 1406 991 1478 talentum
1039 1405 1555 1479 decessionem.
1581 1429 1735 1478 esse
1788 1403 2247 1477 concessam?
2280 1407 2537 1500 Neque

399 1515 592 1586 enim
621 1513 758 1588 fuit
783 1513 1107 1603 Gabinii,
1132 1517 1501 1587 remittere
1524 1529 1807 1586 tantum
1836 1513 1928 1586 de
1954 1535 2126 1602 su03
2161 1535 2299 1584 nec
2322 1513 2537 1609 regis,

395 1623 820 1723 imponeres)
872 1637 1158 1696 tantum
1211 1625 1361 1722 pati
1414 1628 1585 1696 suis.
1640 1621 1965 1696 Aderunt
2022 1636 2273 1710 testeS,
2322 1620 2535 1719 legati

399 1732 864 1804 Alexandrini
879 1742 966 1802 ¹⁰.
990 1734 1082 1804 Hi
1098 1732 1276 1805 nihil
1299 1734 1374 1804 in
1393 1732 1787 1806 Gabinium
1810 1732 2170 1810 dixerunt.
2195 1736 2427 1808 Immo
2453 1732 2533 1803 hi

399 1843 794 1915 Gabinium
840 1842 1337 1915 laudaverunt.
1381 1841 1526 1915 Ubi
1572 1867 1743 1940 ergo
1782 1842 1901 1914 ille
1936 1844 2140 1913 mos?
2178 1840 2307 1912 ubi
2352 1867 2531 1914 con-

397 1950 711 2025 suetudo
741 1951 1180 2048 judiciorum
1224 1952 1410 2024 Pubi
1452 1951 1825 2051 exempla?
1866 1951 2157 2024 Soletne
2193 1955 2254 2023 is
2294 1951 2535 2024 dicere

397 2062 476 2132 in
522 2085 732 2150 eum,
773 2063 906 2158 qui
953 2064 1335 2161 pecuniam
1377 2061 1693 2160 redegit,
1738 2063 1869 2160 qui
1906 2063 1981 2132 in
2028 2061 2270 2149 illum,
2324 2065 2531 2158 cujus

397 2173 696 2244 nomine
729 2195 814 2243 ea
850 2173 1158 2269 pecunia
1195 2171 1671 2270 redigeretur,
1710 2196 1861 2244 non
1902 2169 2209 2242 dixerit?
2249 2173 2433 2266 Age,
2471 2175 2529 2242 si

397 2282 490 2371 is,
519 2281 652 2379 qui
689 2305 844 2353 non
871 2279 1054 2353 dixit
1077 2335 1097 2368 ,
1139 2281 1360 2373 solet;
1400 2282 1713 2355 etiamne
1748 2283 1809 2353 is
1852 2280 2071 2366 solet,
2109 2281 2238 2377 qui
2280 2280 2527 2353 lauda-

395 2393 537 2465 vit?
576 2390 830 2465 iisdem
865 2391 1166 2464 testibus
1189 2403 1278 2481 ¹¹,
1321 2406 1396 2465 et
1430 2392 1729 2490 quidem
1769 2415 1917 2463 non
1957 2388 2365 2488 productis,
2400 2390 2529 2462 sed

397 2500 606 2575 dictis
645 2504 934 2575 testium
977 2504 1286 2581 recitatis
1305 2556 1326 2593 ,
1369 2504 1575 2601 quasi
1609 2499 2069 2601 praejudicata
2102 2524 2217 2571 res
2260 2500 2351 2572 ad
2400 2501 2529 2572 has

397 2636 646 2685 causas
673 2610 940 2685 deferri
975 2612 1212 2686 solet?

395 2799 544 2849 sim.
569 2798 653 2849 Al.
671 2800 955 2860 omnim,
979 2800 1118 2853 male.
1139 2800 1420 2851 Centesimoe

397 2876 646 2942 genitivo,
669 2890 722 2929 et
747 2879 964 2929 decuma
989 2879 1158 2929 dativo
1181 2896 1325 2943 casu,
1346 2880 1418 2928 aie

399 2966 750 3006 commmun-
766 2972 784 3007 ε
808 2968 972 3007 utrum
993 2958 1164 3008 feeerit
1180 2958 1419 3009 accensio·

397 3050 510 3083 nem
527 3037 798 3085 centesimo
815 3036 1056 3097 decumm
1073 3036 1128 3086 id
1140 3047 1238 3097 eat,
1252 3046 1418 3085 utrum

347 3136 360 3147 =
398 3114 610 3178 coegerit
661 3116 972 3165 centesimam
1031 3130 1142 3165 cum
1193 3116 1416 3167 dmm.

397 3194 556 3241 nori»
587 3192 718 3241 enim
749 3194 870 3253 fuit,
909 3204 986 3243 ut*
1009 3204 1296 3254 coactores,
1331 3194 1418 3257 qui

399 3269 609 3319 decimae
633 3260 919 3335 exigebant,
948 3288 1042 3339 pm
1071 3272 1294 3321 mercede
1312 3286 1421 3319 ceu-

399 3350 592 3399 tainu
629 3350 724 3399 sihi
759 3362 1025 3401 sumerent.
1061 3378 1134 3389 —
1169 3350 1422 3399 Decessio-

399 3444 530 3479 nem.
557 3428 617 3477 Id
642 3440 746 3489 eat,
773 3428 1126 3479 deu-actionem
1150 3428 1212 3479 dc
1236 3442 1422 3478 summa

399 3524 510 3573 qun
532 3507 746 3557 Gabinio
769 3509 1050 3573 cogebatur.

473 3604 522 3648 ’μ
561 3586 798 3635 Undecima
829 3587 984 3637 millia
1020 3589 1274 3639 talentum.
1311 3589 1422 3637 ΕΝ

400 3664 610 3731 gallico,
637 3667 948 3727 54,120,ooo
967 3668 1027 3715 fr.

471 3746 523 3795 8.
561 3745 665 3793 Aba
683 3744 979 3795 ωΜαιιιιιί.
995 3772 1066 3783 —
1079 3747 1158 3795 Ab
1175 3745 1278 3807 Ιώ,
1293 3746 1426 3807 iudi·

403 3822 562 3873 cibus.

472 3919 526 3968 9.
563 3904 668 3953 Nee
693 3903 849 3969 regis,
883 3903 1145 3968 imponere.
1173 3904 1392 3953 Gravius
1409 3938 1426 3966 ,

1584 2818 1660 2851 ιο.
1688 2800 1863 2865 Legati
1888 2800 2243 2849 Alexandrini.
2278 2802 2379 2864 Qui
2408 2817 2531 2849 evo·

1507 2880 1603 2929 cati
1626 2896 1655 2928 a
1675 2890 1916 2945 questore
1936 2880 2156 2936 fueraut,
2184 2889 2241 2927 ut
2264 2880 2315 2925 in
2344 2880 2401 2927 C.
2430 2880 2530 2927 n·-

1506 2958 1689 3007 birium
1720 2958 2051 3007 testimouium
2089 2957 2325 3005 dicerent.
2363 2958 2531 3019 Legati

1505 3039 1634 3088 enim
1664 3038 1737 3085 illi
1760 3036 2081 3095 vocabantur,
2109 3037 2195 3099 qui
2230 3051 2293 3085 ex
2326 3034 2537 3082 nationi·

1503 3114 1597 3163 bue
1621 3115 1799 3163 exteri·
1819 3114 1895 3165 vel
1920 3114 1981 3163 ad
2008 3111 2305 3161 laudandum
2320 3147 2337 3169 ,
2360 3111 2441 3159 vel
2464 3112 2533 3160 ad

1504 3191 1831 3240 accusandum
1864 3190 2199 3251 mittebantur,
2235 3192 2467 3255 quoniam
2502 3207 2529 3239 a

1506 3270 1606 3319 suis
1645 3269 1835 3317 civibus
1868 3269 2157 3333 legationem
2192 3269 2491 3334 accipiebant
2515 3306 2532 3330 ,

1508 3360 1565 3399 ut
1580 3365 1673 3415 pro
1692 3350 1895 3399 Flacco:
1914 3372 1941 3393 α
1956 3350 2255 3415 Hermippus
2267 3387 2284 3413 ‚
2302 3351 2388 3415 qui
2406 3352 2535 3401 hauc

1508 3430 1663 3494 ipsam
1688 3429 1979 3495 legationem
1994 3463 2009 3487 ,
2041 3445 2185 3494 quatu
2215 3430 2363 3478 habet
2380 3464 2399 3493 ,
2432 3445 2536 3479 nou

1506 3508 1695 3575 accepit
1727 3525 1757 3558 a
1784 3509 1885 3557 auia
1908 3508 2101 3557 civibus
2115 3541 2132 3568 ,
2164 3509 2251 3557 aed
2279 3509 2343 3558 ab
2380 3524 2537 3574 usque

1508 3588 1687 3637 Tmolo
1712 3590 1917 3654 petivit,
1945 3600 2076 3639 etc.-

1587 3684 1673 3717 11.
1720 3666 1895 3717 lisdem
1932 3668 2143 3719 testibus
2173 3668 2275 3719 Etsi
2300 3670 2397 3734 ipsi
2432 3684 2537 3717 non

1511 3747 1862 3813 producantur,
1888 3749 1975 3797 aed
1996 3760 2183 3799 tautum
2209 3766 2377 3799 eorum
2404 3750 2540 3798 dicta

1512 3828 1759 3891 leguntur,
1795 3843 1947 3891 quum
1980 3829 2243 3878 laudarunt
2273 3845 2383 3877 eum
2396 3862 2412 3887 ‚
2453 3828 2537 3877 cui

1512 3906 1707 3955 redacta
1724 3907 1931 3972 pecunia
1945 3924 2047 3955 eaae
2063 3908 2261 3968 dicitur,
2274 3907 2538 3955 creduntur

401 3981 591 4045 imponi
601 4014 618 4041 ,
659 3983 840 4030 rectius
878 3981 1023 4030 forte.
1065 3982 1255 4030 Weiak.
1297 3982 1430 4031 malit
1520 3988 1665 4035 etiam
1686 3986 1932 4045 laudasse,
1959 3987 2047 4050 qui
2074 3987 2333 4052 pecuniam
2355 3986 2541 4048 coegi13

396 4062 510 4126 pati
531 4062 724 4121 abesse3
749 4076 1042 4125 quamquam
1079 4060 1176 4109 hoc
1211 4062 1428 4111 vocabu·

407 4140 510 4194 lum
530 4141 707 4207 sapius
726 4140 822 4191 hoc
849 4135 1004 4189 modo
1027 4152 1272 4190 occurrat.

1520 4082 1672 4130 eaque
1714 4064 1917 4113 habetur
1960 4066 2015 4113 in
2054 4065 2254 4126 judieii·
2299 4074 2543 4127 tamquam

1526 4158 1666 4193 causa
1694 4144 2025 4210 praejudicata.
