2996 4694
496 362 623 406 iao
1114 279 1227 402 M..
1263 336 1341 402 Τ.
1394 333 1959 404 CICERONIS

482 457 804 543 licentia,
838 469 1039 528 tanta
1068 455 1311 553 legum
1350 455 1798 553 contemptio
1851 477 2068 552 quem
2129 454 2462 528 habitura
2513 461 2606 530 sit

484 572 753 640 exitum
770 622 790 655 ‚
836 590 985 638 non
1022 566 1463 664 pertimescit
1490 563 1589 632 ¹²?

572 678 709 750 Sed
744 676 965 748 habet
984 674 1440 748 defensiones
1461 671 1716 746 duas¹³
1739 676 2092 773 :primum
2111 729 2130 762 ‚
2157 678 2306 766 Do,
2332 679 2602 776 inquit,

474 788 877 876 bestiarios;
939 787 1055 858 lex
1104 800 1213 858 est
1262 788 1532 882 scripta
1579 782 1671 856 de
1714 782 2240 880 gladiatoribus,
2288 785 2596 859 Festive!

476 900 792 995 Accipite
812 894 1086 993 aliquid
1104 895 1315 966 etiam
1335 894 1638 966 acutius.
1653 895 1842 966 Dicit
1863 916 1940 966 se
1963 919 2114 965 non
2143 894 2602 992 gladiatorem,

476 1007 599 1078 sed
638 1029 871 1076 unum
914 1002 1457 1102 gladiatorem*
1489 1001 1702 1106 dare,
1737 1017 1812 1075 et
1845 1017 2069 1076 totam
2105 1004 2597 1079 aedilitatem¹⁵

472 1121 549 1188 in
576 1139 843 1188 munus
876 1115 1016 1185 hoc
1032 1114 1500 1186 transtulisse.
1522 1113 1860 1216 Praeclara
1877 1113 2190 1186 aedilitas·
2207 1119 2414 1188 Unus
2439 1116 2556 1188 leo
2581 1144 2602 1206 ;

475 1232 771 1305 ducenti
806 1229 1145 1303 bestiarii.
1162 1234 1437 1302 Verum
1462 1243 1712 1300 utatur
1736 1228 1873 1300 hac
1899 1227 2352 1303 defensione:
2383 1233 2602 1330 cupio

480 1367 647 1413 eum
680 1365 829 1412 suae
866 1363 1093 1412 causae
1128 1337 1516 1410 confidere.
1557 1339 1754 1410 Solet
1781 1340 1974 1409 enim
2009 1339 2342 1412 tribunos
2371 1342 2602 1440 plebis

470 1449 869 1549 appellare,
902 1463 972 1520 et
1007 1451 1073 1518 vi
1110 1446 1460 1544 judicium
1507 1445 2020 1538 disturbare-¹⁶,
2050 1473 2278 1546 quum
2313 1450 2598 1525 diffidit.

483 1565 723 1652 Quem
788 1581 941 1630 non
992 1571 1139 1630 tam
1188 1557 1550 1646 admiror,
1589 1557 1792 1656 quod
1825 1583 2056 1630 meam
2085 1560 2315 1658 legem
2353 1567 2606 1637 conte-

474 1683 711 1754 mnat,
739 1668 1055 1739 hominis
1082 1669 1632 1764 inimici,quam
1671 1668 1873 1766 quod
1909 1691 1986 1741 se
2025 1673 2271 1743 statuit
2305 1676 2604 1746 omnino

472 1778 927 1852 consularem
953 1778 1182 1874 legem
1219 1779 1493 1850 nullam
1532 1791 1806 1875 putare.
1847 1779 2139 1852 Aciliam
2165 1791 2251 1870 ι7,
2289 1782 2602 1863 Didiam,

1563 2021 1606 2050 ’τι
1620 2007 1914 2057 AEdssimem
1930 2009 2129 2073 petivit:
2149 2011 2330 2060 tribum
2347 2027 2482 2062 suam
2501 2028 2603 2064 non

1579 2087 1726 2136 tulit:
1753 2087 2015 2136 Palatinam
2046 2087 2306 2160 perdidit-t
2339 2107 2430 2139 nec
2457 2093 2602 2156 quid-

550 2027 625 2058 ω.
654 2012 805 2075 Quem
829 2010 1053 2059 habitura
1072 2009 1135 2058 sit
1152 2009 1335 2058 exitum
1352 2044 1368 2070 ,
1388 2024 1487 2057 nou

466 2088 766 2154 pertimescit
778 2093 805 2136 ι’
864 2088 965 2137 Alii
981 2123 997 2148 ,
1043 2110 1068 2132 ιι
1086 2103 1250 2136 nonne
1273 2124 1289 2148 ,
1344 2103 1489 2150 quem

402 2201 417 2218 .
468 2167 690 2217 habitura
737 2167 800 2215 sit
845 2167 1029 2216 exitum
1045 2202 1060 2226 ‚
1109 2166 1409 2231 pertimescit
1438 2187 1483 2214 ι.

470 2249 520 2298 J.
534 2249 599 2295 V.
620 2249 675 2298 L.

544 2343 563 2376 ι
574 2329 622 2378 3.
642 2327 803 2377 Habet
818 2323 1123 2391 defensiones
1142 2324 1287 2374 duas.
1308 2325 1490 2373 Totum

466 2408 561 2456 boc
583 2424 643 2455 eo
660 2408 895 2471 pertinet,
924 2418 978 2454 ut
996 2404 1225 2454 ostendat
1236 2404 1489 2453 Vatinium

462 2487 649 2552 populo
668 2486 813 2534 verba
839 2485 956 2532 dare
970 2518 984 2543 ,
1014 2484 1105 2547 qni
1122 2482 1373 2530 bestiarios
1393 2482 1491 2546 gla-

462 2566 703 2615 diatorum
720 2562 917 2613 nomine
934 2564 997 2609 sit
1010 2561 1329 2609 inducturus:
1346 2562 1495 2608 refert

461 2656 623 2693 autem
656 2642 721 2691 ad
756 2640 945 2689 Vatinii
980 2640 1309 2687 defensionem
1329 2670 1345 2697 ‚
1379 2639 1495 2701 quia

458 2722 594 2787 qnod
618 2736 710 2784 per
726 2719 999 2766 irrisionem
1022 2717 1250 2777 objicitur
1272 2716 1495 2765 adversa-

458 2801 535 2849 rio
554 2836 569 2863 ,
586 2796 945 2859 jucunditatem
963 2797 1094 2861 parit
1109 2831 1125 2855 ,
1147 2810 1307 2860 neque
1333 2804 1496 2843 tamen

466 2881 565 2927 vim
588 2876 791 2925 amittit.

540 2966 621 3013 14.
664 2956 826 3001 Unum
848 2952 1203 3018 gladiatorem.
1242 2952 1495 3019 Significat

458 3052 523 3084 ex
542 3035 621 3093 iis,
630 3048 755 3097 quos
774 3032 997 3080 Vatinius
1018 3032 1309 3098 gladiatores
1326 3036 1483 3083 nomi·

461 3113 609 3163 nabat
618 3144 634 3175 ρ
658 3127 807 3161 unum
824 3128 875 3161 re
894 3127 1005 3159 vera
1024 3112 1339 3177 gladiatorem
1354 3130 1486 3175 esse,

462 3192 677 3254 reliquos
733 3206 900 3239 omnes
954 3190 1209 3241 bestiarios
1230 3206 1247 3241 z
1301 3192 1487 3258 duplex

458 3272 611 3335 igitur
632 3280 705 3317 est
724 3270 939 3319 defensio
958 3301 975 3327 ,
994 3286 1021 3317 a
1039 3285 1213 3335 genere
1230 3272 1487 3320 bominum

458 3358 510 3396 et
540 3364 570 3395 a
604 3364 807 3397 numero
822 3384 839 3410 ,
880 3364 985 3395 non
1012 3349 1141 3397 enim
1168 3349 1487 3413 gladiatores,

459 3427 544 3475 sed
568 3426 849 3485 bestisi-1003
874 3442 975 3475 non
999 3428 1166 3492 plures
1180 3462 1195 3487 ,
1223 3428 1311 3477 sed
1334 3444 1488 3477 unum

460 3504 611 3553 modo
648 3504 961 3568 gladiatorem
988 3504 1103 3553 dare
1135 3522 1187 3554 se
1222 3505 1341 3555 dicit
1359 3542 1376 3569 ,
1406 3508 1488 3556 lex

462 3594 650 3642 autem,
677 3598 828 3647 quum
868 3583 1159 3647 gladiatores
1193 3585 1297 3633 dari
1324 3598 1484 3650 vetat,

458 3660 521 3709 de
566 3660 915 3725 gladiatoribus
935 3696 950 3719 ,
993 3678 1097 3710 non
1146 3662 1209 3711 de
1248 3664 1488 3715 bestiariis

456 3740 715 3805 intelligit3
740 3755 831 3787 neo
850 3756 1000 3788 unum
1028 3740 1343 3805 gladiatorem
1360 3778 1375 3805 ,
1398 3743 1487 3793 sed

456 3817 619 3882 plures
644 3818 750 3867 dari
776 3828 924 3868 vetat.

528 3899 606 3946 15.
654 3900 824 3945 Tbcam
846 3894 1150 3947 aedilicatem.
1184 3900 1485 3949 AEdilitatem

452 3988 615 4037 gerere
636 3976 889 4025 Vatinium
915 3990 1017 4024 non
1045 3977 1365 4035 existimabit,
1399 3979 1485 4040 qui

454 4054 725 4103 meminerit
740 4054 823 4103 illa
836 4086 853 4117 ,
884 4070 992 4119 qua
1014 4071 1159 4120 supra
1182 4056 1311 4105 dicta
1335 4066 1481 4103 sunt:

1578 2180 1722 2230 quam
1756 2163 1852 2212 illis
1893 2167 2135 2227 comitiis,
2177 2168 2314 2232 quod
2349 2167 2470 2218 boni
2509 2172 2604 2219 viri

1577 2244 1760 2293 vellent
1777 2279 1794 2304 ‚
1823 2245 1918 2294 nisi
1943 2246 2208 2311 repulsam,
2233 2249 2348 2297 tulit
2363 2269 2413 2298 n.
2429 2251 2490 2297 Et
2515 2249 2606 2314 qni

1577 2323 1749 2391 legerit
1777 2323 1890 2387 illa,
1924 2341 2033 2389 que
2067 2336 2182 2375 sunt
2215 2325 2268 2376 in
2303 2327 2523 2377 oratione
2547 2330 2602 2377 in

1577 2402 1737 2467 ipsum
1759 2416 1772 2450 :
1799 2425 1826 2445 α
1845 2401 1906 2450 de
1932 2403 2109 2466 quibus
2135 2402 2261 2453 duos
2290 2415 2604 2470 praitextatos

1579 2480 1798 2529 sedentes
1815 2480 1950 2529 vides
1963 2517 1978 2544 ,
1989 2492 2038 2529 te
2051 2481 2300 2531 edilitiam
2312 2496 2601 2548 praetextam

1581 2570 1742 2622 togam
1753 2593 1770 2619 ,
1791 2576 1937 2623 quam
1955 2562 2248 2621 confeceras,
2262 2562 2540 2613 vendidisse
2550 2570 2602 2613 ὃ.

1581 2638 1740 2700 Fingit
1779 2638 1928 2701 igitur
1960 2639 2210 2687 Vatinium
2251 2640 2490 2689 dicentem
2507 2674 2524 2702 ,
2551 2658 2603 2691 se

1581 2732 1707 2779 qnos
1743 2716 1916 2777 ludos,
1955 2718 1996 2764 si
2036 2717 2190 2766 aedilis
2231 2731 2420 2768 creatus
2449 2732 2601 2778 esset,

1583 2795 1772 2860 populo
1805 2794 2008 2844 daturus
2041 2807 2175 2857 erat,
2205 2797 2261 2845 id
2293 2814 2439 2847 omne
2469 2812 2604 2847 nune

1583 2872 1696 2923 dare
1715 2889 1730 2923 :
1747 2872 1890 2939 fingit
1905 2886 2068 2925 autem
2081 2888 2366 2941 propterea,
2385 2887 2443 2925 nt
2459 2877 2606 2942 signi-

1580 2951 1695 3003 ficet
1713 2989 1728 3014 ,
1780 2970 1928 3018 qnam
1978 2972 2080 3004 non
2125 2956 2378 3022 magnifica
2395 2991 2410 3016 ,
2455 2972 2602 3021 qnam

1576 3034 1736 3081 tenuis
1751 3066 1768 3092 ,
1804 3049 1862 3081 ac
1889 3033 2086 3082 sordida
2113 3035 2274 3084 futura
2301 3036 2446 3083 suerit
2470 3036 2603 3083 illins

1575 3112 1809 3171 edilitas,
1845 3114 2158 3177 qui-tantum
2195 3130 2348 3163 unum
2379 3114 2598 3175 leonem,

1577 3190 1815 3240 ducentos
1829 3192 2086 3241 bestiarios
2109 3193 2224 3241 dare
2240 3192 2502 3257 cogitabat.

1655 3271 1732 3317 ιδ.
1765 3260 2010 3320 :adiciam
2043 3270 2335 3319 disturbare.
2375 3271 2600 3320 Vatinius

1575 3348 1682 3413 lege
1699 3349 1882 3397 Licinia
1901 3360 1952 3399 et
1967 3349 2100 3397 Julia
2119 3366 2230 3399 reus
2245 3350 2427 3408 factus,
2449 3366 2602 3414 quum

1575 3426 1800 3475 tribunos
1819 3418 2130 3493 appellasset,
2157 3439 2207 3477 et
2231 3428 2432 3493 quidam
2451 3430 2604 3477 inter-

1575 3508 1858 3568 cessissent,
1901 3518 2085 3573 pretor
2135 3517 2294 3556 autem
2341 3508 2602 3555 Memmius

1575 3586 1712 3649 quod
1733 3602 1790 3633 ea
1811 3584 2073 3651 appellatio
2099 3598 2272 3636 eontra
2296 3602 2480 3635 morem
2505 3603 2602 3635 ma-

1571 3664 1736 3723 jorum
1794 3675 1916 3713 esset
1930 3699 1945 3724 ,
1989 3664 2232 3726 judicium
2281 3666 2602 3713 nihilominus

1577 3752 1820 3790 exerceret
1834 3775 1850 3800 ,
1875 3744 1926 3790 in
1959 3744 2062 3804 ejus
2088 3743 2300 3793 tribunal
2319 3743 2570 3793 adscendit
2583 3776 2600 3801 ,

1575 3820 1802 3869 subsellia
1829 3822 2110 3886 dissipavit,
2143 3840 2288 3871 urnas
2316 3823 2522 3885 dejecit,
2553 3832 2603 3871 et

1569 3897 1812 3958 iudicium
1830 3902 1882 3947 vi
1897 3901 2108 3953 sustulit.

1652 3993 1732 4038 ¹7·
1771 3980 1923 4043 Lege,
1951 3978 2110 4027 doctis
2141 3980 2258 4027 viris
2293 3980 2598 4038 auctoribus,

1577 4054 1838 4105 emiliam.
1867 4060 1916 4107 J.
1940 4062 2006 4107 V.
2033 4060 2088 4104 L.
