2996 4694
519 371 651 443 512
1156 367 1252 436 M.
1304 369 1379 434 T.
1434 369 2023 440 CICERONIS

513 493 825 595 perculit
846 488 939 562 ab
967 487 1341 584 abjectam.
1372 489 1572 560 Adde
1599 491 1948 562 inscitiam
1981 494 2261 590 pransi,
2288 497 2664 593 poti,os'ei·

512 607 731 678 tamis
756 601 957 674 ducis
984 628 1001 671 τ
1028 602 1182 696 qui,
1212 623 1443 698 quum
1469 625 1512 670 a
1543 615 1748 697 tergo
1779 602 2060 673 hostem
2091 604 2570 677 interclusum
2593 619 2657 652 ¹²

510 716 959 812 reliquisset,
1010 709 1188 780 nihil
1226 709 1319 780 de
1362 710 1518 803 ejus
1561 711 1898 782 extremis
1953 711 2340 785 comitibus
2383 718 2656 812 cogita-

510 829 654 913 vit,
710 827 787 894 in
844 845 1033 919 quos
1090 822 1425 891 incensos
1474 823 1611 907 ira,
1659 822 2026 919 vitamque
2063 823 2340 896 domini
2397 825 2656 923 despe-

440 919 449 930 ⁵
512 951 755 1009 rantes
808 956 1035 1031 quum
1098 929 1506 1016 incidisset,
1559 930 1762 1003 haesit
1800 935 1878 1003 in
1936 935 2024 1003 iis
2071 932 2422 1032 poenis13,
2472 959 2656 1032 quas

510 1047 603 1121 ab
636 1071 727 1120 eo
758 1046 943 1116 servi
982 1040 1233 1112 fideles
1268 1067 1405 1140 pro
1443 1041 1720 1114 domini
1754 1043 1894 1114 vita
1921 1048 1984 1096 ¹4
2029 1046 2554 1142 expetiverunt.

613 1163 765 1230 Cur
811 1155 1033 1251 igitur
1069 1177 1195 1224 eos
1228 1149 1786 1224 manumisit¹⁵i>
1821 1153 2191 1226 metuebat
2227 1156 2524 1246 scilicet,
2558 1181 2654 1228 ne
2721 1201 2736 1210 ·

514 1267 962 1350 indicarent,
1016 1287 1111 1334 ne
1180 1261 1510 1334 dolorem
1570 1261 1892 1361 perferre
1955 1289 2102 1336 non
2165 1281 2496 1363 possent,
2557 1293 2654 1339 ne

516 1374 897 1450 tormentis
942 1384 1414 1468 cogerentur,
1457 1373 1776 1444 occisum
1829 1397 1982 1446 esse
2019 1399 2058 1445 a
2095 1378 2314 1446 servis
2363 1376 2654 1448 Milonis

516 1492 591 1558 in
651 1485 882 1582 Appia
928 1483 1039 1552 via
1094 1486 1167 1552 P.
1232 1481 1606 1569 Clodium,
1663 1483 2018 1574 confiteri.
2067 1487 2260 1575 Quid
2301 1511 2490 1585 opus
2545 1501 2656 1559 ‘est

514 1595 833 1670 tortore?
864 1590 1044 1690 quid
1080 1593 1395 1688 quaeris?
1439 1593 1944 1666 occideritne?
1972 1595 2273 1667 Occidit.
2312 1602 2484 1668 lure
2505 1643 2535 1685 ,·
2559 1621 2660 1682 au

514 1701 825 1800 injuria?
874 1695 1053 1771 nihil
1098 1699 1187 1772 ad
1239 1715 1618 1773 tortorem.
1659 1705 1851 1776 Facti
1895 1707 2210 1780 enimin
2255 1706 2571 1803 equuleo
2592 1703 2652 1750 ¹⁶

514 1817 819 1914 quaestio
850 1825 991 1897 est,
1021 1812 1207 1906 juris
1234 1813 1310 1882 in
1352 1813 1652 1908 judicie,

607 1927 830 1998 XXII.
882 1921 1103 2012 Quod
1158 1922 1379 2020 igitur
1434 1924 1512 1994 in
1581 1947 1792 1996 causa
1849 1923 2326 2023 quaerendum
2382 1941 2526 2012 est,
2579 1925 2652 1998 id

512 2031 807 2134 agamus
850 2032 1011 2104 hic¹
1060 2058 1076 2102 ε
1124 2031 1329 2130 quod
1368 2035 1752 2106 tormentis
1803 2035 2134 2106 invenire
2173 2037 2317 2122 vis,
2357 2034 2429 2106 id
2474 2033 2654 2108 fate-

510 2171 701 2218 mur.
747 2147 972 2214 Manu
1022 2165 1199 2214 vero
1251 2166 1382 2213 cur
1439 2145 1752 2235 miserit,
1807 2146 1868 2216 si
1931 2145 2004 2216 id
2071 2147 2312 2244 potius
2359 2148 2656 2243 quaeris,

514 2281 733 2358 quam
766 2279 901 2326 cur
936 2277 1193 2352 parum
1228 2254 1485 2352 amplis
1524 2253 1845 2328 affecerit
1887 2256 2228 2354 praemiis,
2268 2259 2496 2326 nescis
2524 2258 2655 2326 ini-

516 2371 679 2441 mici
718 2366 993 2439 factum
1027 2364 1564 2463 reprehendere
1581 2378 1632 2438 ².
1671 2368 1870 2439 Dixit
1897 2369 2089 2439 enim
2113 2368 2242 2457 ‚hic
2271 2367 2494 2455 idem,
2527 2368 2654 2466 qui

514 2480 759 2552 omnia
786 2498 1070 2573 semper
1098 2490 1517 2548 constanter
1547 2492 1622 2549 et
1652 2476 1968 2566 fortiter,
1997 2481 2092 2549 M.
2125 2482 2308 2549 Cato
2331 2475 2403 2564 ³;
2437 2478 2654 2549 dixit-

587 2710 609 2740 1
627 2707 647 2738 t
661 2728 675 2741 .
696 2689 772 2738 Ab
792 2689 995 2754 abjecto.
1022 2690 1159 2753 Saepe
1178 2689 1233 2737 iu
1256 2690 1438 2753 preliis
1458 2707 1542 2739 ω-

512 2772 635 2821 cidit
650 2802 667 2828 ,
688 2781 744 2819 ut
760 2768 845 2833 qni
862 2776 1137 2831 prostratus
1154 2777 1227 2815 est
1238 2803 1253 2827 ,
1272 2781 1437 2833 surgat
1451 2805 1468 2830 ‚
1491 2782 1540 2818 et

513 2857 777 2917 derepente
796 2848 1089 2913 spoliantem
1109 2860 1325 2911 superet.

1629 2703 1710 2741 cet
1745 2692 1871 2742 Milo
1917 2694 2092 2755 injuria
2136 2705 2221 2743 ant
2259 2696 2372 2756 jure
2421 2695 2654 2745 Clodium

1629 2772 1889 2821 occiderit.

1699 2867 1749 2898 2.
1769 2852 1970 2899 Factum
1988 2849 2357 2914 repreltmdere.
2377 2853 2494 2903 Non
2521 2854 2654 2917 peri·

592 2947 671 2978 η.
702 2932 893 2978 Hosoem
932 2926 1259 2975 interclusum.
1297 2926 1540 2979 Milonem

515 3010 703 3060 seilicet
716 3045 731 3069 ,
754 3008 841 3072 qni
861 3009 961 3070 jam
988 3009 1297 3065 transiverat,
1317 3017 1367 3055 et
1382 3020 1489 3057 erat
1510 3027 1539 3057 a

517 3092 615 3139 suis
638 3090 911 3151 disjunctus
924 3124 939 3147 ,
956 3086 1255 3151 interpositis
1273 3086 1541 3139 Clodianis.

592 3171 671 3219 13.
698 3168 857 3216 Baris
884 3166 937 3215 s'n
964 3166 1025 3215 1’1'5
1041 3166 1224 3231 panis.
1258 3168 1435 3215 Poenas
1462 3168 1544 3216 de-

517 3248 618 3306 dit,
642 3258 693 3297 et
724 3264 753 3295 a
792 3247 945 3295 servis
977 3246 1187 3295 Milonis
1224 3256 1297 3294 est
1332 3248 1545 3297 occisus.

477 3366 488 3378 .
516 3329 639 3376 Rem
666 3325 799 3373 illam
816 3358 832 3383 ‚
872 3334 929 3373 nt
956 3334 1127 3383 antea,
1166 3324 1327 3373 verbis
1352 3342 1542 3390 semper

516 3404 681 3455 mollit
704 3414 887 3451 orator.
914 3402 1083 3450 Verbo
1106 3402 1195 3449 illo
1230 3402 1373 3452 kaesie
1394 3406 1542 3454 intei-

512 3484 626 3547 ligit
650 3480 909 3540 Clodium,
942 3492 1187 3543 tamquam
1218 3482 1370 3531 feram
1396 3485 1544 3533 inisse

518 3563 761 3611 irretitum
776 3594 792 3618 ‚
812 3576 925 3624 «ιω
944 3560 1133 3624 laqueis
1150 3560 1343 3611 harem
1356 3598 1372 3623 ,
1404 3564 1542 3614 nuno

517 3640 669 3689 modo
690 3655 793 3687 sese
818 3636 1051 3705 expedire
1076 3640 1216 3689 valet.

592 3736 613 3766 1
625 3728 671 3777 4.
693 3722 785 3766 Pro
802 3717 995 3767 demini
1010 3719 1135 3768 vita.
1152 3720 1395 3770 Putabam
1408 3723 1540 3771 enim

514 3798 752 3848 Milonem
774 3798 875 3859 iam
895 3814 922 3847 a
942 3799 1195 3850 Clodianis
1214 3803 1452 3851 occisum.

593 3892 615 3928 1
626 3878 673 3927 5.
691 3876 987 3927 nanumim.
1004 3878 1208 3927 Liberos
1224 3896 1327 3928 esse
1342 3880 1504 3941 iussit.

595 3958 681 4004 16.
718 3956 955 4021 Eqmdoo.
986 3958 1099 4007 Hoc
1138 3971 1243 4007 erat
1278 3960 1540 4007 tortorinm

516 4037 910 4087 instrumentum.

588 4118 757 4163 1111.
786 4132 833 4165 ι.
859 4115 1144 4181 Idagunssu
1174 4116 1270 4165 hie.
1294 4116 1375 4163 An
1402 4116 1539 4165 scili-

1627 2940 1708 2978 tns
1735 2946 1786 2977 es
1809 2939 2092 2979 aecusator:
2121 2946 2232 2977 nam
2255 2930 2370 2979 ideo
2393 2932 2660 2997 reprehen-

1630 3008 1820 3057 dendns
1843 3008 1972 3057 Milo
1997 3020 2145 3068 esset,
2173 3011 2312 3074 qnod
2345 3028 2511 3059 servos
2549 3028 2659 3061 non

1627 3088 1894 3149 maioribus
1935 3089 2150 3152 premiis
2195 3090 2468 3139 donaverit.
2521 3094 2654 3141 Dum

1629 3183 1748 3215 vero
1771 3168 1976 3231 queris,
2003 3183 2092 3217 cur
2111 3169 2474 3226 manumiserit‚
2494 3184 2622 3217 erras
2637 3184 2654 3219 ε

1627 3262 1770 3307 nam,
1803 3258 1992 3296 servata
2021 3246 2212 3295 domini
2243 3248 2376 3307 vita,
2407 3264 2572 3297 nonne
2593 3248 2657 3295 li-

1629 3326 1864 3377 bertatem
1913 3344 2132 3376 mernere
2153 3331 2178 3377 ἓ
2231 3343 2398 3377 nonne
2447 3328 2656 3377 Milonis

1631 3405 1750 3456 satis
1807 3422 1966 3456 cans·
2009 3408 2102 3456 fnit
2169 3422 2258 3455 cnr
2303 3424 2390 3456 eos
2431 3408 2656 3457 lihoetate

1629 3488 1834 3537 donaret
1853 3482 1879 3535 ἓ

1703 3569 1754 3615 3.
1793 3568 1864 3615 Μ.
1901 3566 2046 3614 Cato.
2079 3567 2394 3617 Aeeten-itate
2419 3568 2654 3625 Catonis,

1629 3646 1722 3694 viri
1739 3645 2060 3705 sanctissimi,
2091 3660 2194 3693 rem
2219 3644 2480 3697 confirmat
2506 3648 2656 3695 fnisse

1626 3728 1733 3787 inre
1759 3724 1954 3774 faetsm.
1997 3724 2225 3789 Illndque
2259 3724 2356 3774 hoe
2399 3729 2512 3792 ipso
2541 3742 2654 3775 eon-

1631 3804 1815 3863 tendit,
1837 3804 1977 3869 qnod
1999 3806 2126 3853 Cato
2151 3804 2430 3855 seditiosam
2455 3808 2656 3855 concio·

1629 3900 1740 3932 nem
1772 3883 1937 3931 verbis
1966 3884 2068 3933 illis
2099 3885 2374 3948 sedares-iu
2417 3902 2530 3950 qun
2560 3886 2652 3935 nisi

1629 3963 1744 4012 hnic
1789 3960 1974 4012 cumn
2017 3964 2306 4013 credidisset
2325 4001 2343 4024 ,
2381 3980 2484 4014 non
2525 3976 2654 4013 est-te

1627 4040 1826 4089 insanos
1845 4042 2121 4091 animorum
2147 4044 2514 4109 compressisset
2539 4059 2650 4092 mo-

1625 4130 1724 4169 ins.
