2996 4694
727 398 731 405 ’
781 409 1177 479 ORATIO
1226 408 1339 480 m
1388 410 1463 481 L
1503 409 1585 478 c,
1620 408 2112 480 PISONEM.
2367 408 2506 505 373

382 531 645 605 deinde
696 556 847 603 non
890 529 1231 619 libenter,
1286 529 1377 601 ad
1432 546 1833 603 extremum
1880 545 2120 601 tamen
2181 556 2320 630 pro
2371 538 2503 605 Cn.

380 640 726 739 Pompeio
755 662 924 711 vere
958 640 1571 739 vehementerque
1607 644 1970 739 pugnavit.
2005 644 2172 731 Quo
2207 643 2504 740 quidem

380 752 457 822 in
483 750 894 849 spectaculo
912 760 944 812 7
971 751 1150 822 mira
1167 751 1423 849 populi
1446 752 1724 823 romani
1752 746 2090 848 aequitas⁸
2123 763 2296 820 erat.
2327 754 2508 822 Uter

382 886 636 935 eorum
678 862 1013 961 perisset,
1060 876 1425 959 tamquam
1466 861 1793 948 lanistas»,
1833 862 1908 931 in
1947 857 2305 955 ejusmodi
2347 864 2502 958 pari

380 971 663 1041 lucrum
698 968 853 1043 fieri
890 969 1233 1069 putabat3
1272 972 1752 1043 immortalem
1788 994 1963 1044 vero
1997 984 2352 1068 quaestum
2375 1024 2395 1055 ,
2445 972 2506 1043 si

380 1092 691 1176 uterque
740 1079 1135 1152 cecidisset.
1200 1078 1339 1153 Sed
1404 1080 1528 1153 ille
1587 1094 1830 1152 tamen
1887 1079 2141 1178 agebat
2183 1080 2452 1179 aliquid
2484 1106 2502 1150 :

378 1187 721 1261 tuebatur
736 1192 1232 1263 auctoritatem
1252 1194 1517 1261 summi
1541 1191 1695 1262 viri.
1723 1194 1889 1261 Erat
1911 1191 2064 1289 ipse
2092 1190 2504 1280 sceleratus,

378 1314 532 1370 erat
558 1299 941 1397 gladiator3
972 1324 1139 1372 cum
1176 1300 1524 1374 scelerato
1557 1314 1834 1388 tamen,
1866 1314 1942 1373 et
1977 1324 2144 1372 cum
2182 1303 2333 1399 pari
2365 1303 2508 1399 gla-

376 1409 655 1483 diatore
684 1410 1071 1509 pugnabat.
1098 1416 1239 1498 Tu,
1275 1412 1542 1484 scilicet
1580 1412 1802 1483 homo
1835 1409 2206 1509 religiosus
2240 1426 2312 1483 et
2339 1436 2504 1483 san-

374 1534 573 1609 ctus,
600 1518 874 1605 foedus,
900 1520 1105 1619 quod
1142 1546 1307 1591 meo
1338 1523 1688 1619 sanguine
1723 1526 1802 1592 in
1841 1522 2175 1619 pactione
2214 1524 2504 1620 provin-

376 1634 649 1703 ciarum
676 1635 900 1704 iceras
916 1685 936 1719 ,
968 1630 1297 1729 frangere
1324 1634 1646 1707 noluisti.
1673 1638 1973 1705 Caverat
1999 1633 2192 1704 enim
2218 1632 2354 1704 sibi
2383 1633 2506 1706 ille

375 1744 697 1814 sororius
724 1741 1028 1829 adulter,
1058 1757 1175 1827 ut,
1208 1742 1266 1813 si
1294 1742 1427 1815 tibi
1463 1744 1946 1841 provinciam,
1983 1747 2040 1815 si
2077 1745 2506 1831 exercitum,

375 1853 435 1923 si
464 1852 1251 1951 pecuniam⁸⁰ereptam
1279 1876 1367 1923 ex
1396 1851 1810 1951 reipublicae
1843 1852 2237 1925 visceribus
2271 1853 2506 1925 dedis·

372 1974 512 2048 set,
531 1964 855 2032 omnium
872 1985 1169 2033 suorum
1188 1961 1542 2034 scelerum
1561 1963 1837 2034 socium
1853 1977 1928 2033 te
1953 1962 2505 2061 adjutoremque

375 2069 755 2168 praebereS.
793 2076 1045 2169 Itaque
1079 2074 1155 2142 in
1192 2070 1319 2143 illo
1354 2071 1750 2143 tumultun
1792 2070 1992 2143 fracti
2027 2069 2282 2167 fasces3
2321 2077 2508 2145 ictus

374 2180 561 2276 ipse;
596 2179 923 2278 quotidie
960 2180 1098 2253 tela
1120 2236 1140 2270 ,
1182 2180 1487 2280 lapides,
1522 2180 1740 2278 fugae3
1767 2180 2338 2278 deprehensus„
2375 2182 2508 2253 de·-

374 2289 598 2389 nique
640 2314 805 2362 cum
845 2289 1035 2363 ferro
1067 2290 1157 2364 ad
1198 2306 1527 2364 senatum
1566 2292 1624 2364 is
1648 2346 1668 2380 ,
1716 2314 1935 2388 quem
1981 2290 2071 2362 ad
2108 2296 2238 2364 Cn.
2284 2297 2501 2364 Pom-

372 2401 617 2500 peium
656 2400 1217 2474 interimendum
1253 2401 1684 2480 collocatum
1722 2398 1939 2474 fuisse
1970 2400 2366 2474 constabat.

446 2599 497 2646 7.
530 2585 635 2648 Quo
662 2582 858 2648 quidem
892 2582 941 2631 in
971 2584 1263 2648 spectaculo.
1290 2587 1393 2634 Pu·
1457 2583 1682 2636 'Clodius
1707 2596 1760 2634 ct
1781 2583 2019 2634 Gabinius
2045 2599 2157 2632 cum
2182 2583 2356 2634 laniata
2381 2599 2502 2634 con·

372 2679 481 2728 gun
509 2675 558 2712 ct
586 2662 901 2711 dissensionis
915 2697 931 2722 ,
957 2678 1067 2726 qua
1087 2664 1216 2712 inter
1240 2661 1391 2713 Gabi·
1474 2663 1721 2712 ferantur:
1753 2664 1796 2712 ai
1815 2663 2030 2730 populus
2047 2678 2304 2720 romanus,
2327 2680 2496 2712 semus

370 2743 509 2792 nium
530 2754 581 2791 et
600 2741 827 2792 Clodium
848 2751 1105 2790 exarant-at.
1473 2743 1598 2794 crit:
1622 2743 1864 2808 Populum
1881 2743 2032 2790 instar
2049 2741 2236 2791 laniata
2255 2743 2496 2791 malorum

444 2821 494 2870 8.
514 2821 643 2870 Uim
658 2837 785 2886 pop.
812 2819 1005 2869 romani
1030 2818 1231 2886 aquilas
1260 2832 1387 2870 erae.

374 2899 603 2964 AEquitas
623 2901 705 2950 bic
731 2900 889 2965 accipi
925 2900 1075 2949 debet
1096 2916 1189 2965 pro
1214 2915 1387 2950 securo

371 2989 422 3028 et
441 2979 701 3044 tranquillo
724 2978 875 3028 animi
900 2990 1047 3029 statu.

441 3073 497 3120 9.
530 3061 646 3107 Uter
668 3075 835 3106 comm
859 3059 1067 3123 per-&set
1080 3094 1099 3121 ‚
1138 3069 1387 3123 tamquam

371 3135 572 3187 lanista.
616 3137 820 3187 Causam
865 3136 1058 3198 reddit,
1096 3153 1186 3186 cur
1222 3153 1387 3201 respu-

370 3213 498 3262 blica
536 3225 773 3280 spectarat
817 3216 914 3265 boc
962 3228 1206 3265 certamen
1250 3226 1387 3266 tauta

370 3293 521 3341 animi
549 3294 806 3357 equitata:
844 3295 1283 3361 quemadmodum,
1308 3295 1385 3342 iu·

370 3373 507 3437 quit,
542 3372 747 3432 laniata,
777 3375 865 3438 qui
894 3375 1216 3440 gladiatorum
1250 3374 1384 3439 paria

368 3452 425 3500 iu
450 3463 689 3501 certamen
704 3451 905 3502 adducit
922 3487 941 3514 ,
966 3463 1017 3502 ct
1038 3454 1165 3502 iuter
1186 3469 1237 3502 sc
1254 3467 1385 3501 com·

368 3529 549 3590 mittit,
576 3546 725 3594 quum
754 3545 839 3578 eos
868 3543 981 3582 aute
1012 3531 1259 3597 gladiaudi
1283 3541 1385 3580 arta

370 3609 597 3659 iuatmxit
620 3646 635 3670 ,
686 3606 871 3661 lucrum
913 3628 967 3660 ac
1012 3612 1168 3660 facere
1204 3621 1383 3676 putat,

368 3705 521 3754 quum
555 3689 731 3754 aliquia
762 3690 1035 3750 occiditur3
1059 3707 1171 3738 uam
1206 3692 1310 3752 ejus
1338 3701 1387 3739 et

367 3768 531 3818 alendi
556 3780 605 3817 et
629 3768 843 3817 docendi
867 3785 1013 3818 onere
1038 3769 1297 3829 liberatum
1317 3771 1383 3818 ita

368 3848 641 3912 respublica
670 3847 861 3896 lucrum
889 3865 940 3896 ae
968 3848 1123 3896 facore
1154 3848 1385 3912 putabat,

368 3928 472 3976 aive
492 3927 727 3988 Clodius,
753 3926 854 3975 aive
874 3926 1109 3975 Gabinius
1130 3928 1189 3974 in
1212 3943 1271 3976 eo
1286 3942 1387 3976 cer·

372 4006 549 4055 tamine
589 4005 905 4055 concidisset.
955 4003 1173 4056 Dubium
1222 4015 1385 4054 tamen

372 4095 444 4134 eat
463 4119 481 4146 ,
527 4097 687 4136 utrum
744 4085 961 4153 populus
1013 4099 1270 4146 romanus,
1325 4099 1387 4132 an

1472 2821 1793 2887 gladiatorum
1849 2833 2054 2872 mortem
2112 2838 2216 2871 nou
2279 2823 2496 2870 timentis

1471 2913 1710 2967 spectasse
1749 2917 1961 2966 pugnam
1997 2901 2160 2952 Clodii
2196 2911 2246 2950 et
2293 2901 2494 2950 Gabinii

1470 2981 1592 3031 mira
1631 2980 1778 3028 animi
1815 2979 2060 3043 inquitate.
2110 2979 2162 3025 Si
2201 2978 2407 3028 Clodiua
2444 2989 2496 3026 et

1471 3056 1712 3107 Gabiniua
1734 3073 1845 3106 cum
1875 3055 2046 3104 laniata
2074 3057 2406 3115 conferantur,
2421 3057 2496 3104 di-

1470 3138 1682 3186 cendum
1723 3145 1796 3183 eat
1840 3135 1937 3184 hoo
1975 3133 2090 3184 loco
2135 3134 2358 3182 laniatam
2399 3151 2494 3200 pro

1470 3215 1764 3279 gladiatore,
1793 3227 1898 3260 nou
1923 3229 2015 3277 pro
2039 3212 2358 3277 gladiatorum
2385 3231 2490 3263 ma-

1468 3294 1623 3360 gistro
1646 3305 1694 3342 et
1716 3283 2193 3356 doctore‘uaurpari.

1546 3370 1683 3422 mss
1689 3368 2332 3436 pecuniam.deringenu
2349 3371 2496 3436 quiu-

1468 3449 1698 3516 quagiuta
1717 3448 1866 3498 millia
1891 3464 2172 3506 aureorum,
2203 3447 2492 3516 deprompta

1469 3545 1533 3578 ex
1555 3530 1669 3596 ipso
1695 3529 1884 3577 erario.

1546 3624 1626 3658 n.
1661 3609 1724 3655 In
1768 3606 1853 3656 illo
1897 3605 2123 3656 tumulae.
2150 3607 2251 3670 Qui
2292 3619 2492 3657 exortus

1468 3699 1714 3752 est,quum
1734 3685 1969 3735 Gabinius
1989 3685 2218 3735 Clodium
2236 3687 2494 3753 impugna-

1470 3779 1574 3825 ret,
1603 3777 1658 3815 tu
1681 3782 1798 3814 vero
1830 3765 2124 3815 defenderas.

1549 3861 1631 3894 ω.
1686 3843 2019 3908 Deprehensees
2057 3845 2282 3909 denique.
2329 3845 2494 3895 Clodii

1470 3941 1670 3986 servus,
1705 3934 1826 3973 teate
1845 3923 2136 3982 Plutarcho,
2166 3939 2278 3972 cum
2308 3924 2406 3970 sica
2431 3925 2496 3972 ad

1472 4002 1794 4054 occidendum
1813 4003 2100 4068 Pompeium
2119 4005 2173 4052 iu
2186 4004 2333 4065 janua
2353 4005 2506 4072 curig

1475 4085 1636 4133 suerat
1658 4083 1944 4132 collocatus.
