2996 4694
852 360 1251 432 onA'no
1298 362 1415 434 ῙΝ
1462 309 2007 466 vammum.
2357 367 2490 440 163

377 497 449 554 te
491 481 1084 580 vituperantur),
1119 495 1613 556 verumtamen
1651 507 1939 581 quaero,
1971 509 2211 586 ‚quum
2250 489 2336 562 in
2365 515 2489 567 re«-

376 597 667 695 publica
700 594 1263 676 administranda
1288 599 1369 668 T.
1404 597 1636 680 Annio
1675 621 1842 670 cum
1876 602 1952 672 P.
1982 601 2228 676 Sextio
2263 609 2494 681 consi,-

378 707 641 780 liorum
684 705 1008 788 omnium
1055 706 1355 784 societas
1402 703 1624 781 suerit
1645 760 1666 794 ‚
1703 706 1780 780 id
1815 708 2016 806 quod
2055 735 2207 785 non
2250 712 2490 788 solum

376 813 743 893 bonorum
766 869 789 904 ‚
821 837 1073 886 verum
1108 815 1319 894 etiam
1352 814 1859 913 improborum
1881 812 1911 862 ⁵
1952 817 2228 914 judicio
2258 820 2491 896 decla.

382 940 614 997 ratum
643 938 786 1013 est;
820 938 928 996 est
956 925 1149 995 enim
1176 947 1345 996 reus
1360 937 1670 1022 uterque
1697 923 1796 996 ob
1823 927 2148 1003 eamdem
2173 953 2454 1006 causam
2471 987 2496 1022 ‚
2563 1017 2568 1022 ,

382 1048 457 1107 et
508 1032 765 1106 eodem
816 1033 1156 1121 crimine3
1216 1033 1398 1104 alter
1436 1032 1552 1104 die
1593 1033 1784 1106 dicta
1831 1034 1924 1107 ab
1972 1061 2097 1125 ee,
2147 1059 2370 1134 quem
2409 1057 2494 1112 tu

380 1167 613 1218 unum
666 1141 1185 1242 improbiorem
1226 1164 1381 1214 esse
1398 1195 1419 1230 ,
1464 1165 1682 1240 quam
1729 1159 1802 1215 te
1818 1197 1839 1231 ‚
1877 1167 2431 1246 nonnumquam
2457 1147 2492 1194 ⁶

383 1253 571 1326 soles
608 1249 975 1344 confiteri3
1028 1251 1208 1324 alter
1245 1253 1391 1324 tuis
1445 1251 1792 1342 consiliiS,
1837 1253 1962 1326 ino
2003 1269 2246 1329 tam-en
2267 1257 2493 1352 ‚adju-

383 1378 596 1436 vante
627 1390 644 1431 ε
685 1387 933 1462 quaero
956 1415 977 1452 ,
1001 1364 1133 1461 qui
1170 1362 1397 1460 possis
1435 1385 1560 1435 eos
1584 1417 1607 1453 ,
1635 1387 1824 1462 quos
1853 1365 2154 1439 crimine
2191 1369 2498 1466 conjun-

385 1476 489 1572 gis
506 1485 564 1560 7,
608 1474 1017 1545 testimonio
1053 1471 1485 1571 disjungere.

479 1586 897 1654 Extremum
930 1580 1109 1652 illud
1154 1595 1301 1671 est,
1346 1579 1550 1679 quod
1586 1581 1766 1653 mihi
1803 1581 1933 1656 abs
1963 1598 2036 1656 te
2070 1586 2498 1685 responderi

384 1691 600 1764 velim
633 1718 650 1762 ε
689 1716 919 1788 quum
961 1690 1188 1762 multa
1238 1693 1315 1762 in
1373 1691 1906 1764 Albinovanum
1953 1691 2043 1765 de
2086 1700 2501 1794 praevarica-

387 1797 634 1872 tione⁸
696 1799 1010 1886 dicereS,
1066 1800 1424 1873 dixerisne
1451 1855 1472 1890 ‚
1533 1827 1670 1874 nec
1723 1801 1853 1873 tibi
1912 1803 2260 1901 placuisse
2282 1859 2304 1895 ‚
2367 1831 2505 1880 nec

389 1912 789 2008 oportuisse
820 1911 1141 1981 Sextium
1164 1908 1257 1980 de
1274 1913 1347 1980 vi
1367 1933 1575 1982 reum
1603 1909 1801 1982 fieri?
1826 1914 2077 2009 quavis
2105 1914 2292 2013 lege,
2320 1941 2506 2013 quo-

387 2019 495 2089 vis
550 2019 848 2090 crimine
899 2017 1381 2090 accusandum
1438 2021 1682 2117 potius
1738 2018 2004 2093 fuisse?
2052 2025 2262 2096 etiam
2324 2024 2507 2097 illud

391 2126 690 2216 dixerut,
743 2151 1028 2198 causam
1060 2128 1385 2216 Milonis»,
1432 2126 1798 2199 fortissimi
1831 2130 1998 2216 viri,
2045 2130 2506 2226 conjunctam

292 2236 301 2246 ⁵
392 2259 555 2308 cum
587 2235 730 2307 hoc
758 2236 1192 2308 existimari?
1221 2259 1383 2332 quae
1416 2260 1553 2335 pro
1586 2248 1746 2308 me9
1773 2262 1814 2309 a
1847 2239 2088 2311 Sextio
2115 2237 2298 2313 facta
2328 2243 2504 2331 sint,

390 2344 605 2418 bonis
633 2370 783 2418 esse
819 2346 1067 2442 grata?
1104 2347 1271 2417 Non
1314 2370 1622 2443 coarguo
1655 2350 2209 2421 inconstantiam
2241 2352 2505 2422 oratio-

390 2458 505 2527 nis
526 2510 548 2545 ,
620 2479 703 2527 ac
763 2456 1153 2528 testimonii
1214 2459 1340 2527 tui.
1412 2458 1610 2547 Quas
1665 2460 1857 2529 enim
1925 2450 2158 2555 hujus
2187 2462 2506 2533 actiones

391 2564 727 2665 probatas
765 2565 977 2637 bonis
1012 2588 1164 2637 esse
1208 2563 1422 2652 dicis,
1478 2566 1557 2637 in
1598 2565 2085 2665 eas-pluribus
2119 2568 2360 2641 verbis
2398 2583 2509 2641 te-

391 2677 814 2747 stimonium
839 2673 1079 2745 dixisti
1115 2701 1132 2745 z
1181 2676 1477 2772 quicum
1513 2689 1754 2747 autem
1799 2676 1954 2772 ejus
2003 2699 2290 2748 causam
2320 2678 2509 2775 peri·
2617 2736 2624 2741 .

392 2786 782 2882 culumque
812 2783 1226 2881 conjungis,
1262 2808 1429 2855 eum
1470 2786 1766 2857 summis
1794 2783 2129 2857 laudibus
2165 2785 2500 2858 extulisti.

394 2892 533 2965 Sed
565 2891 707 2966 hoc
742 2916 990 2991 quaero
1008 2946 1031 2980 ,
1064 2916 1244 2964 num
1275 2897 1351 2964 P.
1388 2896 1750 2990 Sextium,
1787 2916 1934 2991 qua
1965 2895 2124 2995 lege
2161 2918 2505 2969 accusan-

398 3140 502 3188 vult
528 3156 555 3187 a
582 3150 633 3189 tc
653 3139 949 3204 vituperat-ig
980 3152 1095 3187 nam
1120 3136 1285 3187 laudea
1310 3142 1409 3187 tun
1495 3137 1853 3201 inconstantia,
1875 3139 1966 3204 qui
1986 3138 2351 3205 reprehenderit
2368 3140 2512 3189 Albi-

398 3218 622 3267 videntur
642 3219 867 3267 virtutem
885 3220 990 3280 eiua
1014 3234 1339 3283 corrumpere.
1496 3232 1740 3265 novanum
1774 3228 1834 3265 nt
1866 3218 2312 3282 prevaricatorem,
2354 3235 2509 3282 quum

470 3298 519 3345 5.
542 3298 891 3367 Inproborum.
926 3297 1157 3348 Clodium
1194 3308 1245 3345 et
1269 3295 1405 3344 Albi·
1496 3304 1658 3343 tamen
1693 3294 1910 3343 Sextium
1958 3294 2142 3343 diecret
2159 3328 2178 3353 ‚
2209 3310 2314 3343 non
2360 3311 2511 3361 opor-

400 3389 645 3424 novanum
677 3372 941 3441 significat,
964 3376 1051 3441 qui
1080 3375 1319 3426 Milone-
1346 3374 1408 3423 de
1492 3371 1640 3420 tulnae
1667 3370 1728 3419 de
1765 3372 1814 3418 vi
1847 3386 1984 3419 reum
2021 3369 2129 3420 fieri
2155 3385 2171 3421 :
2206 3372 2419 3421 munda
2455 3375 2512 3423 in

398 3452 449 3500 vi
471 3465 827 3503 accusaverant.
1492 3468 1555 3501 eo
1568 3487 1585 3515 ‚
1604 3452 1809 3502 Causam
1836 3450 2039 3499 Milonis
2057 3464 2071 3498 :
2091 3450 2229 3499 tertia
2243 3485 2259 3511 ,
2281 3452 2404 3515 Quae
2420 3468 2514 3516 pro

470 3530 521 3579 6.
550 3532 945 3597 Nonnumquam.
978 3531 1059 3581 Al.
1084 3532 1207 3581 male
1226 3565 1243 3593 ‚
1268 3548 1411 3582 num·
1494 3546 1574 3578 me
1593 3548 1619 3577 a
1637 3530 1806 3578 Sextio
1823 3529 1950 3577 facta
1971 3529 2096 3577 sint:
2121 3538 2290 3593 quarta
2305 3562 2322 3589 ,
2357 3530 2514 3579 Dixe-

399 3626 572 3673 quam.
596 3612 630 3659 J
635 3646 647 3658 .
664 3614 729 3660 V.
759 3613 815 3661 L.
1496 3606 1626 3655 riano
1653 3609 1705 3655 in
1727 3623 1837 3656 eum
1859 3606 2187 3656 testimonium
2215 3606 2277 3657 de
2301 3608 2373 3658 vi.

470 3706 519 3749 7.
559 3687 763 3737 crimin
796 3688 1072 3754 conjungis.
1094 3692 1317 3752 Quorum
1341 3706 1413 3738 ac-
1569 3683 1630 3749 95
1663 3688 1786 3750 Quoe
1799 3700 1893 3751 pm
1919 3702 2012 3733 me-
2037 3687 2148 3734 Sive
2173 3702 2327 3750 quum
2362 3686 2515 3736 tribu·
2529 3750 2540 3759 .

398 3767 695 3813 cusationem
730 3766 791 3815 de
826 3766 879 3815 vi
914 3767 1050 3815 omni
1078 3783 1175 3831 ope
1202 3778 1288 3817 tua
1324 3767 1411 3816 ad·
1498 3780 1593 3814 nus
1625 3766 1900 3828 designatus
1938 3766 2029 3813 iter
2061 3764 2127 3813 ad
2152 3766 2390 3814 Cae-arem
2415 3781 2511 3829 pro

392 3846 549 3905 juvas.
568 3869 639 3881 -
666 3842 969 3893 Testimonio.
985 3845 1151 3908 Quum
1175 3846 1409 3893 Milonem
1498 3859 1602 3891 mea
1620 3844 1776 3892 salute
1796 3844 2036 3908 suscepit,
2057 3845 2161 3893 sivo
2181 3860 2331 3910 quum
2349 3858 2510 3891 acces-

399 3922 645 3984 celabi-0⁸3
682 3923 905 3973 Sextium
928 3936 1043 3971 vero
1070 3938 1292 3971 accusare
1310 3938 1411 3971 non
1496 3922 1561 3968 sit
1580 3920 1645 3969 ad
1670 3922 1986 3979 concionem,
2020 3920 2108 3969 ubi
2128 3922 2190 3971 de
2217 3921 2380 3969 reditu
2403 3934 2513 3967 meo

401 4002 605 4050 desinas.
1496 3999 1725 4065 agebatur
1739 4034 1752 4059 ‚
1777 4010 1922 4064 atque
1942 3999 2029 4047 ubi
2052 4014 2192 4063 paene
2213 4017 2240 4047 a
2265 3997 2518 4047 Clodianis

471 4081 523 4129 8.
538 4082 610 4127 De
618 4077 1041 4145 pru-varicatione.
1058 4078 1217 4128 Prima
1229 4078 1410 4127 Vatinii
1497 4078 1590 4127 fuit
1617 4093 1890 4147 oppressus.

2127 4185 2148 4228 Ι
2173 4184 2198 4229 1
2216 4211 2231 4228 .
