2996 4694
487 369 632 457 446
1067 367 1078 378 '
1127 373 1226 440 M.
1279 371 1356 438 T.
1411 371 1983 444 CICERONIS

485 490 716 566 citiis³
743 574 749 581 ,
773 505 1146 590 receptum
1197 493 1276 562 in
1315 495 1617 589 gratiam
1666 517 1956 566 summo
1992 495 2235 568 studio
2272 493 2615 568 defende-

483 606 622 676 rim
645 659 666 689 ,
689 603 888 675 hunc
911 599 1254 676 afflictum
1280 601 1553 674 violare
1576 627 1729 676 non
1744 603 2002 678 debeo,
2028 609 2363 698 Quocum
2386 619 2619 676 stante

491 718 552 786 si
591 737 704 784 me
743 716 878 784 Cn.
907 712 1232 809 Pompeii
1261 715 1651 785 auctoritas
1673 713 1749 783 in
1780 715 2079 810 gratiam
2114 739 2268 786 non
2294 713 2615 787 reduxis-

485 838 636 908 set,
681 845 880 894 nunc
908 822 1056 917 jam
1110 823 1334 920 ipsius
1379 821 1671 895 fortuna
1704 823 2101 897 reduceret.
2146 825 2283 898 Sed
2332 840 2568 896 tamen
2597 877 2616 910 ‚

485 957 716 1032 quum
763 936 862 1004 ita
909 931 1122 1020 dicis,
1183 936 1510 1004 Postumi
1555 932 1875 1031 ’impulsu
1926 933 2317 1008 Gabinium
2374 931 2615 1032 profe-

485 1057 685 1117 ctum
723 1042 1222 1115 Alexandriam
1255 1069 1270 1113 :
1311 1045 1370 1114 si
1407 1041 1805 1116 defensioni
1836 1044 2127 1118 Gabinii
2147 1047 2179 1096 ⁴
2214 1043 2435 1116 fidem
2464 1069 2614 1114 non

481 1153 708 1226 habes
727 1207 748 1240 ,
771 1153 1307 1225 obliviscerisne
1325 1155 1543 1224 etiarn
1566 1156 2039 1228 accusationis
2064 1157 2241 1227 tuae?
2264 1154 2617 1228 Gabinius

482 1288 560 1338 se
597 1265 670 1336 id
695 1260 991 1336 fecisse⁵
1028 1261 1316 1334 dicebat
1353 1263 1769 1361 reipublicae
1798 1285 2045 1353 causa,
2086 1265 2289 1362 quod
2321 1264 2613 1364 classem

483 1369 854 1445 Archelai⁶
895 1373 1181 1444 timeret
1200 1424 1221 1459 ‚
1265 1371 1468 1468 quod
1513 1397 1713 1446 mare
1748 1373 2093 1448 refertum
2134 1375 2290 1448 fore
2338 1374 2613 1474 praedo'-

486 1495 708 1555 num⁷
764 1495 1072 1581 putaret.
1131 1486 1325 1578 Lege
1385 1483 1601 1553 etiam
1640 1483 1716 1554 id
1754 1480 1935 1556 sibi⁸
1984 1485 2265 1558 licuisse
2308 1482 2609 1556 dicebat.

492 1599 602 1666 Tu
642 1593 976 1663 inimicus
1015 1614 1256 1688 negas.
1301 1595 1606 1688 Ignosco
1625 1605 1695 1681 ⁹3
1732 1610 1806 1667 et
1840 1621 1931 1668 eo
1966 1598 2189 1692 magis
2210 1650 2231 1684 ,
2270 1593 2467 1693 quod
2510 1609 2618 1664 est

485 1717 742 1775 contra
781 1699 962 1771 illud
1005 1699 1430 1796 judicatum.
1481 1702 1730 1776 Redeo
1780 1707 1999 1801 igitur
2034 1705 2126 1776 ad
2181 1709 2452 1778 crimen
2479 1758 2499 1790 ,
2542 1718 2619 1775 et

485 1813 1012 1884 accusationem
1051 1824 1270 1884 tuam.
1309 1812 1503 1901 Quid
1541 1811 2069 1903 vociferabam,
2101 1815 2351 1890 decem
2394 1814 2617 1886 millia

485 1923 836 1994 talentum
856 1929 922 1964 ¹⁰
979 1920 1294 1992 Gabinio
1355 1947 1513 1994 esse
1578 1928 1978 2022 promissa?
2044 1927 2227 1998 Huic
2290 1925 2618 1996 videlicet

483 2030 928 2132 perblandus
949 2040 1008 2076 ¹¹
1059 2031 1531 2130 reperiendus
1569 2033 1744 2125 fuit,
1782 2039 1909 2132 qui
1954 2036 2321 2109 hominem
2347 2090 2368 2125 ‚
2418 2050 2501 2106 ut
2534 2049 2615 2106 tu

483 2227 652 2276 darum
679 2241 818 2274 reum
843 2240 1036 2273 summo
1065 2223 1230 2272 studio
1259 2223 1505 2285 defendit,

480 2308 570 2373 qui
593 2321 702 2355 eum
725 2306 780 2354 in
797 2303 1054 2353 musulatu
1083 2319 1174 2353 ano
1199 2303 1320 2353 urbe
1345 2319 1505 2369 expu-

1593 2226 1799 2276 deorum
1816 2228 2162 2276 immortalium
2176 2263 2190 2288 ,
2214 2242 2441 2291 responsa
2462 2241 2617 2274 saeer-

1595 2305 1769 2357 dotum
1782 2339 1799 2369 ,
1848 2309 2187 2357 auctoritatem
2224 2317 2417 2356 senatus
2430 2339 2447 2365 ,
2484 2305 2617 2366 inaaa

479 2386 600 2437 lant
623 2406 671 2433 a.

555 2467 608 2513 3.
642 2466 725 2513 Ex
749 2462 900 2511 santis
925 2458 1203 2509 inimicitiis.
1229 2462 1302 2509 De
1329 2462 1508 2525 quibus

481 2543 674 2592 dicetur
697 2540 866 2606 paullo
899 2550 1012 2603 pont
1029 2572 1045 2599 ,
1081 2548 1129 2586 et
1158 2539 1290 2588 unde
1317 2540 1508 2589 adsumi

477 2630 715 2687 poterunt
731 2654 745 2679 ,
777 2634 888 2683 quae
919 2617 984 2665 ad
1008 2618 1140 2666 bunc
1167 2618 1332 2685 locum
1357 2621 1507 2685 perti-

477 2712 594 2749 nere
611 2697 928 2746 videbuntur.

550 2786 602 2835 4.
657 2776 713 2825 82·
763 2773 1042 2840 defensioni
1087 2774 1293 2824 Gabs'm'i
1325 2776 1508 2844 fidem.

476 2856 708 2906 Ostendit
757 2856 1056 2904 accusatoria
1119 2856 1508 2905 criminationem

479 2936 608 2984 inter
643 2952 696 2984 ae
727 2950 973 3000 pugnareg
1009 2950 1120 2999 qna
1154 2933 1371 2983 defensio
1405 2932 1509 2983 ma-

480 3030 626 3080 gnam
647 3015 797 3063 habet
821 3012 922 3062 vim
944 3025 1092 3079 atque
1113 3014 1398 3079 gravitatem
1412 3052 1428 3077 ,
1451 3024 1508 3062 nt

477 3094 695 3144 oetendit
711 3083 905 3155 rabini,
923 3094 1014 3143 lib.
1035 3096 1101 3153 V,
1121 3110 1232 3160 cap.
1257 3094 1316 3143 13
1341 3109 1355 3143 ε
1381 3114 1404 3137 ι
1419 3096 1508 3143 Eat

477 3176 674 3224 interim
697 3176 907 3224 oratoria
929 3172 1120 3223 efficere
1134 3208 1149 3233 ,
1173 3184 1232 3222 ut
1247 3172 1370 3237 quid
1387 3189 1509 3222 eon-

479 3253 682 3303 trarium
696 3270 798 3301 ease
812 3254 1049 3303 videatur.
1063 3252 1310 3313 obiicitur
1319 3253 1507 3317 Oppio,

477 3334 616 3399 quod
657 3334 719 3382 de
746 3334 958 3384 militum
989 3334 1184 3383 cibariis
1209 3333 1472 3383 detraxerit
1490 3348 1508 3382 ε

477 3428 701 3477 asperum
727 3414 937 3474 crimen,
970 3413 1056 3462 aed
1082 3414 1380 3460 contrarium
1407 3426 1509 3460 eaae

479 3492 698 3540 ostendit
713 3492 888 3540 Cicero
906 3528 922 3554 ,
951 3494 1063 3556 quia
1085 3492 1232 3540 iidem
1251 3500 1505 3539 accusato-

478 3586 555 3618 rea
581 3568 864 3631 obiecerunt
888 3570 1080 3635 Oppio,
1111 3568 1248 3634 quod
1269 3570 1313 3617 is
1333 3569 1507 3617 volne-

475 3648 542 3697 rit
565 3646 818 3711 largiendo
846 3664 1156 3712 corrumpere
1181 3648 1447 3697 exercitum
1457 3668 1503 3694 ιι.

551 3726 599 3776 5.
626 3726 865 3775 Gabinius
879 3743 930 3775 se
951 3725 1202 3793 idfece'ue.
1219 3730 1389 3791 Longe
1409 3726 1505 3774 alia

476 3816 548 3857 eat
567 3806 820 3858 Ciceronis
835 3808 995 3855 oratio
1008 3844 1022 3869 ,
1036 3824 1186 3872 quum
1205 3810 1257 3855 in
1277 3808 1503 3856 Pisonem

477 3884 753 3945 invehitur3
790 3900 894 3932 eam
930 3885 1061 3934 enim
1099 3898 1204 3936 tum
1238 3885 1501 3950 temporis,

477 3980 632 4029 quum
667 3962 830 4013 adhuc
853 3964 1121 4013 inimicitias
1147 3972 1500 4031 permanerent.

477 4044 574 4091 -Se
593 4045 782 4109 ipsum,
801 4042 898 4103 ait,
913 4042 1063 4093 fascea
1084 4060 1219 4103 auce,
1235 4043 1501 4091 exercitum

477 4122 650 4186 popuii
664 4122 872 4183 romani,
891 4139 1074 4173 numen
1090 4122 1501 4185 interdictumque

1479 2414 1484 2421 ·
1592 2386 1794 2453 populi,
1829 2404 2008 2435 nomen
2036 2404 2093 2436 ac
2122 2388 2405 2453 dignitatem
2426 2384 2619 2451 imperii

1595 2466 1697 2530 regi
1716 2466 1951 2531 Egyptio
1971 2466 2225 2525 vendidit,
2246 2476 2339 2514 etc.
2358 2486 2379 2506 ι

1666 2544 1716 2594 6.
1757 2542 1969 2592 Classem
1998 2543 2247 2595 Archelai.
2288 2544 2613 2592 Comanorum

1593 2622 1879 2683 sacerdotia,
1901 2624 1987 2687 qui
2000 2660 2014 2685 ,
2035 2623 2301 2671 Ptolemaeo
2319 2636 2431 2685 rege
2446 2636 2473 2668 a
2492 2619 2615 2667 civi·

1595 2701 1687 2749 bns
1708 2700 1879 2768 pulso,
1904 2700 2269 2760 Alexandriam,
2288 2714 2445 2749 uxore
2466 2698 2613 2747 ducta

1594 2780 1841 2829 Ptolemaei
1854 2778 1979 2839 filia,
1996 2790 2329 2845 occupaverat.
2348 2778 2616 2827 Historiam

1594 2858 1771 2908 Strabo
1800 2854 2013 2923 explicat
2040 2858 2127 2907 lib.
2154 2860 2329 2919 1v11;
2360 2858 2616 2922 Appianna

1593 2939 1648 2987 in
1666 2936 2030 2997 Mithridatico3
2054 2936 2339 2986 Plutarchus
2358 2938 2411 2983 in
2428 2934 2577 2985 Sulla.

1667 3034 1715 3078 7.
1740 3018 1865 3065 Fore
1880 3017 2183 3081 praedonum.
2208 3016 2335 3065 Nam
2358 3014 2411 3062 in
2432 3014 2617 3062 dianen-

1592 3096 1730 3144 aione
1764 3112 1819 3156 ae
1852 3096 2069 3145 tumultu
2100 3096 2231 3144 civili
2252 3098 2613 3151 Romanorum,

1594 3176 1735 3236 cuiue
1765 3190 1900 3239 apem
1926 3174 2024 3223 illie
2047 3174 2294 3237 injiciebat
2327 3188 2471 3222 canu
2492 3170 2615 3220 Ale-

1592 3254 1855 3312 xandrina,
1874 3254 2013 3302 facile
2032 3252 2292 3302 credebant
2306 3253 2612 3302 occa-ionem

1594 3334 1701 3381 fore
1735 3332 1829 3380 sibi
1870 3332 2033 3381 datam
2066 3342 2118 3381 et
2136 3332 2327 3392 socios,
2345 3341 2396 3379 et
2430 3331 2613 3378 amico·

1596 3426 1768 3461 eorum
1794 3412 2017 3461 vexandi.

1666 3490 1716 3540 8.
1752 3493 1885 3555 Lege
1918 3490 2068 3538 etiam
2102 3489 2159 3537 id
2185 3488 2295 3538 st'be'.
2332 3491 2469 3537 Latet
2500 3502 2613 3551 qum

1592 3570 1739 3617 fuerit
1762 3568 1845 3617 illa
1870 3568 1971 3617 lex.
2000 3570 2220 3616 Fortasse
2246 3576 2393 3632 caput
2410 3565 2611 3629 aliquod

1590 3648 1709 3712 legia
1734 3648 2031 3712 arripuerat,
2058 3647 2191 3696 nude
2214 3662 2303 3711 per
2324 3644 2611 3694 calumniam

1590 3726 1847 3791 quamdam
1867 3726 1922 3774 id
1941 3726 2152 3774 eliceret.

1662 3820 1711 3869 9.
1730 3807 1953 3871 Ignosco.
1970 3804 2112 3864 Tibi,
2138 3806 2199 3855 C.
2218 3806 2438 3853 Memmi.

1668 3900 1747 3933 to.
1794 3884 1972 3932 Decem
2010 3882 2165 3932 millia
2204 3883 2458 3932 talentum.
2498 3883 2613 3930 ΕΝ

1590 3962 1766 4028 gallico
1789 3972 2093 4027 49,2oo,ooo
2112 3964 2173 4011 fr.

1667 4059 1687 4090 1
1702 4056 1722 4089 t
1735 4078 1749 4091 .
1778 4042 1904 4091 Huic
1918 4042 2149 4091 videlieet
2155 4040 2467 4106 perblandus.
2502 4040 2615 4089 11oe-

1590 4131 1699 4169 rent
1762 4130 2187 4171 commentatum.
2239 4119 2341 4168 Alii
2400 4119 2572 4183 legunt
2594 4152 2611 4177 ,
