2996 4694
780 427 1166 494 ORATIO
1217 428 1323 494 IN
1371 425 1449 493 L.
1493 429 1572 494 C.
1628 425 2115 494 PISONEM.
2362 425 2503 522 4¹9

386 551 602 645 atque
641 545 921 644 plenas,
961 543 1201 618 fateris
1239 545 1330 616 ab
1367 543 1701 616 hostibus
1740 567 1892 616 esse
1930 559 2190 642 captas.
2222 546 2503 636 Quibus

383 673 625 728 autem
647 654 1023 726 hostibus?
1049 680 1312 752 nempe
1336 657 1444 742 iis,
1469 679 1655 753 quos
1681 669 1783 743 tu,
1810 653 2198 724 Ambraciae
2222 655 2503 741 sedens,

379 769 618 864 primo
685 779 813 836 tuo
871 765 1184 836 adventu
1237 791 1327 837 ex
1380 765 1667 863 oppidis
1722 767 2234 860 Agrinarum¹⁰
2286 781 2503 863 atque

381 876 749 972 Dolopum
786 875 1236 972 demigrare,
1259 888 1331 946 et
1365 899 1523 946 aras
1553 890 1626 945 et
1662 873 1861 946 focos
1897 865 2307 971 relinquere
2346 901 2507 947 coe-

381 984 567 1079 gisti.
601 989 754 1055 Hoc
786 999 868 1055 tu
893 985 970 1054 in
1015 984 1248 1071 exitu,
1288 983 1622 1081 praeclare
1659 985 2069 1080 imperator,
2112 1008 2343 1080 quum
2372 984 2507 1056 tibi

377 1091 468 1162 ad
521 1094 854 1192 pristinas
907 1091 1220 1164 clades¹¹
1273 1095 1587 1166 accessio
1642 1092 1894 1164 fuisset
1928 1091 2201 1163 AEtoliae
2242 1117 2503 1190 repen-

380 1205 573 1273 tinus
604 1205 974 1292 interituS,
1012 1208 1406 1275 exercitum
1439 1203 1803 1290 dimisisti3
1836 1227 2076 1299 neque
2104 1203 2327 1274 ullam
2354 1227 2508 1300 poe-

379 1333 545 1380 nam
566 1363 586 1398 ‚
642 1337 803 1408 quae
863 1327 1064 1383 tanto
1119 1310 1418 1384 facinori
1472 1311 1899 1400 deberetur,
1984 1337 2134 1382 non
2189 1312 2504 1384 maluisti

379 1419 650 1512 subire,
679 1447 895 1520 quam
922 1447 1305 1494 numerum
1334 1438 1629 1494 tuorum
1668 1422 1979 1492 militum
2013 1421 2503 1521 reliquiasque

380 1555 841 1629 cognoscere.

472 1645 859 1714 XXXVIII.
891 1646 1162 1741 Atque,
1192 1657 1275 1714 ut
1302 1642 1613 1714 duorum
1645 1646 2205 1748 Epicureorumf
2251 1642 2505 1714 simili-

375 1751 700 1823 tudinem
729 1755 803 1822 in
833 1778 912 1824 re
941 1751 1228 1823 militari
1255 1755 1705 1852 imperioque
1733 1751 2061 1840 videatiS,
2094 1751 2504 1840 Albucius²,

375 1884 607 1955 quum
635 1862 712 1930 in
738 1861 1056 1933 Sardinia
1084 1861 1630 1958 triumphasset,
1666 1867 1911 1932 Romae
1928 1860 2321 1934 damnatus
2350 1879 2499 1951 est;

372 1967 526 2055 hic,
565 1994 794 2066 quum
827 1970 1130 2042 similem
1172 1964 1492 2042 exitum3
1530 1985 1926 2070 spectaret,
1966 1974 2046 2040 in
2080 1973 2505 2044 Macedonia

379 2077 696 2176 tropaea⁴
734 2081 1011 2177 posuit,
1059 2105 1325 2176 eaque,
1367 2106 1529 2178 quae
1564 2080 1837 2151 bellicae
1889 2079 2117 2150 laudis
2153 2086 2505 2153 victoriae·
2554 2069 2559 2074 ⁸

381 2213 525 2286 que
559 2213 812 2260 omnes
849 2204 1100 2287 gentes
1131 2192 1436 2288 insignia
1478 2206 1555 2261 et
1588 2205 2060 2261 monumenta
2087 2211 2239 2261 esse
2265 2191 2509 2262 volue-

371 2313 583 2386 runt,
627 2312 876 2371 noster
907 2298 1026 2371 hic
1067 2315 1544 2400 praeposterus
1571 2302 1965 2399 imperator
1980 2295 2033 2385 ⁵,
2073 2300 2501 2371 amissorum

372 2408 844 2507 oppidorum,
892 2434 1232 2481 caesarum
1272 2410 1679 2506 legionum,
1711 2411 2129 2506 provinciae,
2157 2408 2494 2506 praesidio

371 2534 444 2591 et
477 2519 776 2617 reliquis
801 2519 1147 2592 militibus
1174 2519 1478 2608 orbatae,
1503 2521 1592 2592 ad
1626 2521 2146 2617 sempiternum
2174 2518 2493 2590 dedecus

370 2630 482 2700 sui
539 2631 830 2726 generis
891 2644 962 2700 et
1026 2632 1370 2719 nominis,
1428 2629 1711 2702 funesta
1770 2628 2033 2699 indicia
2094 2630 2499 2715 constituit;

447 2906 522 2939 10.
547 2890 742 2939 Lnllem.
769 2891 1062 2957 Agrianum.
1086 2893 1120 2941 J
1125 2928 1137 2941 .
1153 2894 1216 2941 V.
1245 2894 1298 2939 Ι...
1479 2895 1656 2943 vastari
1678 2909 1845 2957 passus
1878 2903 2004 2950 erat,
2047 2904 2229 2955 tropea
2251 2893 2495 2939 excitavit.

443 2986 466 3016 ι
482 2986 522 3017 1.
544 2970 868 3035 Adprt'seinas
881 2971 1045 3019 clades
1057 2971 1280 3019 accessio.
1301 2970 1383 3019 Ad

367 3058 550 3111 pestem
593 3060 643 3097 et
685 3052 956 3099 vastitatem
996 3051 1236 3099 aei-citus
1258 3064 1275 3111 3
1318 3048 1380 3097 nd

368 3125 528 3174 clades
544 3142 664 3189 quas
679 3129 923 3177 Denseleti
939 3132 1038 3191 jun
1054 3129 1353 3176 invenerant.
1379 3120 1393 3129 “

437 3206 732 3255 xxxvm.
777 3222 821 3257 1.
867 3210 1058 3271 Atque,
1096 3218 1150 3253 ut
1179 3206 1384 3254 duomm

367 3283 726 3345 Epicureorum.
757 3287 856 3335 Titi
882 3285 1106 3345 Albucii,
1144 3296 1194 3333 et
1229 3287 1284 3334 1..
1307 3284 1384 3330 Pi-

366 3378 525 3410 sonu.

438 3456 487 3489 τι.
518 3440 768 3492 Albucius.
794 3445 856 3492 T.
885 3442 1123 3491 Albucius
1149 3442 1384 3491 Sardinia·

365 3530 656 3583 propretor,
685 3532 938 3585 postquam
964 3522 1250 3585 praedonum
1276 3536 1380 3567 ma-

364 3614 484 3646 num
497 3598 690 3647 vicisset
705 3632 719 3657 ,
740 3616 769 3647 a
787 3610 956 3647 senatu
973 3616 1142 3663 preces
1158 3598 1378 3663 publicas

363 3677 506 3742 petiit
523 3712 538 3737 ,
577 3694 696 3741 quus
738 3692 841 3725 non
885 3679 1116 3727 obtinuit.
1135 3712 1146 3721 .
1161 3682 1224 3727 Et
1263 3680 1378 3742 quin

363 3754 607 3817 quoddam
630 3756 864 3819 triumphi
887 3772 1036 3818 genus
1059 3757 1109 3802 in
1127 3757 1246 3804 urbe
1263 3774 1380 3821 pro-

362 3834 536 3883 vincia
561 3835 653 3882 sibi
673 3845 923 3899 paraverat
938 3868 954 3891 ‚
986 3835 1157 3882 Roma
1181 3837 1378 3883 dumna-

363 3924 438 3960 8u⁸
459 3924 548 3962 eat.

433 3994 482 4041 3.
505 3992 628 4049 Hic,
647 4006 800 4057 quum
817 3988 1021 4037 similem
1043 3990 1242 4039 est-icum.
1261 3992 1373 4039 Piso

359 4086 506 4133 quum
551 4070 754 4119 similem
793 4069 1149 4118 damnationem
1190 4068 1375 4117 videret

361 4148 452 4195 sibi
479 4150 753 4214 impendere
771 4184 786 4211 ,
813 4152 864 4198 in
885 4148 1170 4197 Macedonia
1191 4185 1206 4211 ,
1231 4164 1373 4212 quam

1546 2980 1599 3028 4.
1658 2974 1883 3035 Tropcea.
1947 2972 2116 3021 Cicero
2164 2970 2389 3017 Pisonem
2438 2970 2493 3016 in

1471 3048 1565 3098 hac
1584 3059 1875 3113 tropaeorum
1898 3049 2141 3102 erectione
2166 3046 2495 3110 reprehendit,

1474 3130 1587 3192 quin
1619 3140 1809 3175 senatus
1844 3128 1937 3175 fuit
1954 3161 1967 3185 ,
1994 3138 2050 3173 ut
2070 3124 2393 3189 triumphum,
2422 3127 2493 3172 ita

1472 3217 1655 3269 tropaea
1675 3205 1962 3263 deeernere3
1982 3214 2031 3251 at
2056 3204 2169 3252 Piso
2196 3203 2291 3250 sibi
2309 3216 2493 3266 tropaen

1469 3300 1533 3331 ne
1567 3285 1719 3333 literis
1751 3285 1948 3348 quidem
1981 3282 2045 3329 ad
2081 3294 2301 3330 senatum
2336 3283 2492 3331 missis

1470 3365 1713 3411 excitarat.

1544 3442 1588 3490 5.
1621 3444 1943 3505 Praeposterus
1970 3440 2249 3503 imperator.
2278 3440 2377 3487 Alii
2402 3456 2491 3489 vo·

1469 3532 1641 3569 eantur
1666 3522 1981 3585 imperatores
1996 3555 2011 3582 ,
2037 3535 2185 3583 quum
2214 3518 2379 3567 hostes
2402 3536 2484 3567 ce-

1468 3600 1701 3658 ciderint3
1720 3599 1802 3647 hic
1822 3598 1992 3646 ordine
2010 3608 2309 3662 praepostero
2329 3598 2493 3647 dietus

1466 3689 1539 3727 est
1566 3680 1851 3742 imperator,
1880 3694 2005 3725 caeso
2032 3676 2093 3723 ab
2128 3676 2350 3725 hostibus
2382 3679 2485 3737 ejus

1463 3758 1696 3805 exercitu.
1732 3782 1803 3793 —-
1838 3758 1916 3804 Sic
1951 3758 2095 3804 etiam
2139 3756 2317 3817 Caesnr,
2357 3756 2481 3805 Bell.

1466 3838 1578 3885 Civ.
1600 3837 1695 3893 111,
1728 3836 1812 3892 31,
1830 3835 2079 3881 inimicum
2106 3852 2247 3882 suum
2273 3835 2342 3896 Q.
2370 3835 2483 3881 Me-

1463 3914 1629 3962 tellum
1649 3914 1788 3961 Pium
1804 3914 2081 3977 Scipionem
2100 3913 2305 3960 deridet.
2330 3932 2351 3952 ι
2378 3912 2481 3958 Sci-

1461 3994 1547 4055 pio
1564 4028 1578 4051 ‚
1620 3993 1777 4056 inquit
1793 4026 1807 4047 ,
1847 3992 2147 4040 detrimentis
2188 3988 2481 4053 quibusdam

1461 4071 1587 4119 circa
1613 4082 1823 4118 montem
1845 4072 2085 4117 Amanum
2112 4068 2351 4131 acceptis,
2378 4084 2479 4115 sese

1459 4151 1793 4213 imperatorem
1820 4147 2139 4212 appellaverat
2158 4168 2199 4192 υ.

2075 4257 2158 4291 '⁸7

2086 4286 2185 4327 ,1.
