2996 4694
596 420 886 489 ORAT.
935 419 1072 488 DE
1119 421 1414 489 PROV.
1465 422 2284 495 CONSULARIBUS.
2390 424 2517 494 261

405 544 787 626 severavit‚
827 540 948 636 jus
996 539 1387 639 publicano
1429 568 1579 615 non
1625 544 1900 632 dicere3
1961 549 2327 643 pactiones
2374 549 2529 619 sine
2615 622 2621 627 ,

405 646 552 722 ulla
589 652 848 745 injuria
883 649 1100 721 factas
1140 651 1470 740 rescidit3
1510 653 1871 727 custodias
1912 653 2283 743 sustulit⁵;
2325 662 2534 729 vecti-

403 761 595 860 gales
639 759 906 831 multos
955 784 1038 831 ac
1084 761 1583 859 stipendiarios
1624 761 2034 852 liberavit⁶;
2081 788 2233 861 quo
2280 766 2355 834 in
2397 791 2529 863 op-

405 870 580 970 pido
626 876 782 968 ipse
833 886 1064 957 esset,
1118 885 1244 943 aut
1295 896 1447 969 quo
1501 873 1817 961 veniret,
1866 872 1968 945 ibi
2019 872 2486 973 publicanum
2512 932 2532 961 ‚

405 994 530 1051 aut
570 980 936 1079 publicani
981 992 1308 1052 servum⁷
1350 1006 1503 1054 esse
1544 987 1819 1055 vetuit:
1855 985 2029 1081 quid
2058 983 2333 1055 multa?
2368 1009 2531 1055 cru·

405 1089 582 1162 delis
623 1091 1016 1163 haberetur
1035 1146 1054 1179 ‚
1093 1093 1151 1163 si
1187 1094 1264 1162 in
1301 1092 1589 1165 hostem
1626 1096 1869 1165 animo
1915 1092 2166 1165 fuisset
2202 1118 2295 1165 eo
2316 1148 2335 1179 ‚
2384 1120 2533 1191 quo

405 1198 543 1271 fuit
574 1202 649 1272 in
675 1205 866 1273 cives
891 1224 1270 1291 romanos,
1303 1204 1456 1298 ejus
1491 1203 1764 1275 ordinis
1797 1207 2185 1302 praesertim
2210 1257 2229 1289 ‚
2267 1205 2395 1300 qui
2427 1218 2535 1274 est
2634 1206 2647 1219 “

403 1334 690 1409 semper
717 1310 1058 1409 dignitate
1084 1335 1246 1398 sua,
1286 1310 1729 1410 benignitate
1767 1315 2223 1409 magistratus
2250 1328 2527 1384 susten-

405 1434 613 1493 tatus,

499 1537 754 1630 ltaque
811 1532 1066 1604 videtis
1094 1588 1114 1615 ‚
1168 1547 1408 1630 patres
1459 1536 1888 1633 conscripti,
1933 1558 2081 1605 non
2135 1536 2533 1605 temeritate

407 1641 927 1739 redemptionis
946 1636 1004 1731 ⁸,
1039 1657 1166 1713 aut
1209 1644 1484 1739 negotii
1529 1645 1827 1742 gerendi
1858 1646 2134 1717 inscitia
2156 1699 2175 1727 ‚
2211 1644 2335 1716 sed
2372 1670 2531 1714 ava-

404 1788 705 1848 vexationes,
733 1801 875 1853 pacta
893 1790 1098 1854 pecunia
1123 1789 1426 1839 redimebant
1513 1808 1663 1856 quum
1690 1794 1871 1857 captivi
1899 1792 2157 1841 trahuntur
2182 1794 2403 1841 catenati.
2436 1793 2532 1840 Cu-

401 1868 653 1932 vectigalia
673 1882 690 1928 ς
717 1869 862 1931 buius
891 1870 1078 1932 generis
1103 1880 1302 1932 paetum
1330 1871 1426 1918 Ga·
1510 1868 1671 1920 stodia
1689 1870 1910 1919 militaris
1926 1870 2195 1929 dicebatur,
2213 1886 2365 1935 quum
2382 1872 2424 1919 is
2443 1872 2531 1935 qui

403 1948 568 1996 binius
617 1948 934 2012 probabiliter
985 1949 1176 1998 irritum
1227 1949 1422 1999 fecerat.

404 2028 515 2074 Hoc
561 2026 614 2073 in
660 2024 774 2074 loco
826 2026 1113 2075 Ciceronem
1161 2026 1426 2075 iracundie

403 2105 554 2168 magis
576 2120 724 2167 quam
748 2105 966 2168 equitati
991 2106 1276 2154 servientem
1295 2140 1310 2164 ,
1335 2106 1428 2153 mi·

403 2185 532 2233 nime
558 2183 755 2249 quidem
775 2183 1096 2233 laudabimus.
1129 2184 1318 2249 Nempe
1338 2186 1428 2235 Jo-

404 2264 606 2329 sephus,
626 2274 798 2312 auctor
821 2279 924 2313 non
947 2263 1200 2329 improbus
1220 2297 1237 2324 ,
1261 2265 1417 2329 antiq.

402 2343 715 2394 Judaiearum
739 2343 828 2393 lib.
847 2344 990 2403 xlv,
1012 2359 1120 2408 cap.
1144 2360 1234 2402 ro,
1257 2355 1306 2393 et
1331 2343 1420 2393 lib.

401 2423 582 2473 excidii
615 2439 721 2488 esp.
763 2425 796 2472 6
823 2438 836 2474 :
875 2445 902 2468 α
928 2422 1168 2472 Gabinius
1211 2423 1422 2472 Alexan-

402 2503 544 2552 drum
567 2501 843 2552 Aristobuli
873 2500 1032 2551 filium
1047 2538 1062 2563 ‚
1087 2503 1174 2566 qui
1199 2501 1422 2552 Judaeam

401 2581 758 2630 incursionibus
805 2581 1036 2640 vexabat,
1079 2581 1216 2630 ensis
1265 2580 1422 2630 tribus

400 2661 654 2710 bominum
679 2659 892 2724 millibus
906 2694 921 2721 ,
950 2661 1094 2718 vicit,
1119 2670 1170 2708 et
1196 2659 1420 2710 Judaesm

399 2740 694 2806 perlustrans
710 2773 726 2799 ,
756 2751 1002 2804 quotquot
1029 2739 1310 2787 inveniebat
1335 2755 1418 2788 ur-

399 2819 487 2867 bes
518 2817 732 2878 dirutas,
760 2817 989 2868 edificari
1011 2819 1246 2882 jubebat;
1272 2829 1420 2884 atque

399 2898 496 2946 boe
529 2909 674 2964 paeto
707 2899 981 2948 instaurate
1012 2909 1126 2946 sunt
1162 2898 1387 2948 Samaria
1401 2932 1417 2958 ,

399 2979 614 3038 Azotus,
631 2977 973 3044 Scythopolis,
993 2976 1303 3033 Aretbedon,
1327 2979 1418 3030 Rs·

399 3055 548 3121 phia,
579 3059 742 3118 Dora,
779 3058 1016 3119 Mariua,
1039 3059 1198 3116 Gaza,
1237 3067 1287 3105 et
1310 3056 1418 3105 alin

399 3151 504 3184 nou
519 3151 710 3201 peuce,
729 3151 881 3200 quum
897 3148 1010 3186 aute
1027 3135 1180 3200 longo
1199 3145 1416 3201 tempore

401 3212 602 3263 deserte
628 3214 830 3262 fuissent
849 3235 889 3264 ι.
911 3216 1034 3277 Qua!
1055 3214 1250 3262 urbium
1271 3225 1348 3262 tot
1369 3224 1419 3263 et

400 3302 638 3341 numnam
663 3293 950 3342 insuumio
975 3291 1082 3342 fieri
1103 3306 1206 3340 non
1221 3291 1417 3358 potuit,

399 3372 496 3420 nisi
513 3371 862 3422 immunitatem
873 3373 1086 3437 aliquam
1099 3382 1417 3437 proponeret,

399 3459 450 3498 et
471 3449 681 3506 ineolas,
709 3451 967 3500 exhaustos
986 3463 1034 3500 et
1058 3451 1278 3500 omnium
1305 3466 1418 3514 ege-

398 3544 492 3577 nos
507 3563 522 3588 ,
548 3529 858 3592 vectigalibus
875 3529 1120 3578 liberaret.

469 3607 522 3656 5.
553 3607 806 3656 Custodia:
823 3608 1193 3657 ausudiaVetuit
1217 3624 1304 3667 ne,
1331 3609 1417 3672 qui

397 3687 671 3752 publicanis
693 3686 888 3734 deberet
902 3721 916 3745 ,
943 3686 1178 3736 custodio
1205 3685 1417 3737 tradere-

398 3777 492 3814 tur.
523 3767 740 3814 Lietores
765 3762 1008 3812 interdum
1041 3775 1091 3812 et
1115 3766 1416 3830 apparitores

395 3843 670 3908 publicanis
726 3841 1110 3892 attribuebantur
1125 3877 1142 3900 ,
1205 3861 1412 3908 quorum

396 3939 544 3987 opera
561 3923 614 3970 in
629 3920 881 3987 exigendis
901 3920 1212 3984 vectigalibus
1229 3935 1414 3972 uteren-

396 4014 493 4050 tur.
532 4003 756 4052 Careeres
796 4000 942 4048 trium
983 4015 1213 4064 generum
1238 4003 1410 4062 fuere,

395 4079 597 4139 urbani,
630 4080 796 4144 quales
829 4090 947 4128 sunt
983 4091 1155 4128 turres.
1187 4081 1378 4130 Rustiei
1393 4117 1410 4142 ,

397 4168 452 4205 ut
469 4158 706 4223 ergastula
733 4169 782 4208 et
804 4157 1084 4223 compedes.
1115 4160 1414 4223 castrenses,

1510 1950 1565 1997 in
1588 1966 1721 1998 nexu
1748 1960 1877 2008 erat,
1906 1959 2124 1997 estonam
2150 1950 2314 1996 manui
2345 1948 2530 1997 dextra:

1508 2027 1752 2091 alligatam
1778 2027 2014 2087 habebat,
2041 2043 2151 2092 quae
2176 2027 2342 2075 eadem
2367 2029 2533 2076 manui

1510 2105 1679 2154 militis
1702 2106 1907 2153 sinistro
1932 2116 2035 2153 erat
2062 2103 2309 2153 adstricta.
2332 2132 2403 2143 --
2429 2106 2530 2153 Alii

1508 2184 1685 2231 volunt
1702 2184 1946 2233 custodias
1964 2198 2067 2231 esse
2086 2182 2195 2231 illas
2214 2184 2398 2233 casulas
2414 2200 2533 2249 quas

1508 2260 1759 2328 publicani
1779 2262 1855 2309 vel
1874 2263 1925 2309 in
1944 2262 2169 2325 pontium
2190 2262 2329 2311 aditu
2342 2296 2357 2323 ,
2379 2262 2457 2311 vel
2475 2264 2531 2312 in

1508 2342 1643 2392 exitu
1666 2340 1851 2390 viarum
1866 2375 1883 2398 ‚
1912 2340 1991 2388 vel
2016 2341 2071 2390 in
2098 2340 2321 2406 portibus
2342 2354 2531 2392 exstru-

1506 2434 1683 2470 xerant
1696 2457 1711 2482 ,
1736 2433 1792 2471 ut
1808 2421 1923 2470 inde
1945 2421 2317 2486 publicanorum
2338 2423 2467 2470 servi
2482 2434 2533 2471 et

1506 2501 1771 2566 portitores
1787 2513 2034 2550 vecturam
2058 2511 2108 2548 et
2127 2501 2405 2566 portorium
2428 2500 2531 2551 exi·

1506 2591 1692 2643 gerent.

1577 2659 1627 2708 6.
1678 2656 1947 2722 Vectigal-25
1982 2657 2178 2706 inultos.
2200 2691 2215 2704 .
2234 2693 2249 2706 .
2289 2657 2525 2706 liberavit.

1504 2738 1724 2802 Vectigal
1740 2737 1874 2787 aliud
1892 2750 2081 2788 eertum
2102 2737 2373 2798 dicebatur,
2394 2739 2529 2787 aliud

1503 2819 1759 2868 incertum.
1803 2819 2001 2868 Certum
2041 2818 2243 2883 proprie
2288 2817 2525 2866 tributum

1503 2907 1603 2955 eet,
1641 2897 1773 2946 uude
1804 2897 2099 2960 stipendium
2140 2896 2245 2944 dari
2286 2896 2526 2946 militibus

1501 2975 1707 3026 solebat.
1726 2975 1881 3024 Tacit.
1900 2975 1989 3026 lib.
2014 2977 2149 3025 11:
2172 2998 2199 3018 α
2216 2976 2343 3026 Nam
2364 2991 2525 3040 neque

1504 3055 1642 3118 quies
1660 3055 1874 3117 gentium
1894 3055 1999 3103 sine
2017 3054 2162 3102 armis
2176 3090 2190 3112 ,
2213 3070 2371 3118 neque
2394 3071 2525 3103 arma

1502 3135 1607 3181 aine
1632 3133 1917 3197 stipendiis,
1948 3149 2105 3197 neque
2140 3133 2383 3196 stipendia
2420 3133 2524 3182 sine

1506 3211 1701 3260 tributis
1724 3211 1895 3260 baberi
1928 3221 2175 3276 queunt».
2224 3211 2401 3275 Populi
2438 3211 2523 3274 qui

1500 3289 1627 3340 illud
1644 3289 1897 3339 solvebant
1910 3323 1927 3349 ,
1952 3289 2242 3338 dicebantur
2258 3288 2528 3354 stipendia-

1501 3371 1583 3420 n'i.
1610 3373 1855 3419 Incertum
1878 3368 2119 3432 vectigal,
2142 3368 2280 3432 quod
2304 3385 2399 3434 pro
2423 3371 2521 3418 fru-

1503 3449 1661 3498 ctibus
1686 3464 1912 3513 agrorum
1935 3458 1987 3495 et
2006 3447 2199 3512 pascuis
2219 3458 2269 3495 et
2290 3447 2521 3512 portoriis

1501 3528 1750 3596 penditur,
1776 3529 1917 3588 eujus
1934 3537 2095 3576 certus
2112 3542 2214 3574 esse
2232 3527 2407 3576 modus
2422 3543 2525 3576 non

1502 3619 1681 3673 potest.
1710 3607 1887 3672 Populi
1921 3607 2037 3656 huie
2076 3605 2265 3656 tributo
2292 3607 2528 3667 obnoxii,

1501 3687 1801 3738 vocabantur
1819 3687 2111 3752 vectigales.

1576 3784 1621 3828 7.
1647 3769 1751 3814 Aut
1769 3765 2023 3830 publieaui
2044 3781 2246 3814 servum.
2270 3765 2525 3816 Publiceni

1500 3845 1705 3894 familias
1738 3848 1969 3894 maximas
1995 3846 2049 3894 in
2073 3845 2225 3910 sylvis
2248 3843 2496 3892 habebant
2513 3883 2528 3907 ‚

1498 3925 1553 3972 in
1568 3924 1720 3989 agris,
1734 3925 1787 3972 in
1802 3915 2043 3988 portubus
2054 3959 2071 3987 ,
2084 3925 2139 3972 in
2156 3923 2411 3980 custodiis,
2426 3933 2522 3970 etc.

1500 4004 1627 4052 Vide
1643 4003 1740 4066 leg.
1760 4003 1935 4052 Manil.

1571 4083 1621 4132 8.
1675 4082 1789 4141 Νοῃ
1842 4080 2108 4130 temeritate
2167 4079 2522 4143 redempcionis.

1502 4159 1756 4211 Contraria
1812 4159 1948 4210 factis
2006 4159 2305 4223 probantur;
2347 4175 2524 4223 nempe
