2996 4694
489 382 630 457 536
1125 389 1222 457 M.
1274 389 1352 457 T.
1403 388 1975 459 CICERONIS

483 533 708 607 quam
751 521 940 581 esset
979 510 1325 583 miserum
1383 509 1458 581 id
1516 511 1791 608 ipsum,
1844 507 1973 582 sed
2026 507 2119 579 ab
2166 510 2443 579 anon?
2482 512 2609 605 qui

483 644 716 715 quum
767 632 1050 693 tantum
1103 636 1324 691 ausus
1371 624 1465 691 sit
1520 619 1717 691 ultor
1736 630 1795 663 ¹²
1858 644 1993 718 pro
2048 633 2371 707 mortuo,
2430 620 2613 717 quid

482 728 776 827 signifer
817 754 956 827 pro
987 730 1150 801 vivo
1186 756 1342 803 non
1379 744 1569 803 esset
1605 730 1867 803 ausus?
1903 734 1991 801 In
2026 730 2295 801 curiam
2332 731 2613 827 potissi·

480 864 684 911 mum
734 838 1032 934 abjecit,
1074 853 1157 911 ut
1205 864 1364 913 eam
1427 854 1761 913 mortuus
1804 836 2330 923 incenderet¹³‚
2388 864 2611 937 quam

477 952 684 1023 vivus
721 964 1095 1023 everterat.
1131 954 1223 1023 Et
1249 966 1462 1041 sunt,
1496 956 1627 1049 qui
1662 950 1755 1027 de
1794 950 1907 1021 via
1946 947 2260 1047 appia¹⁴1
2296 972 2612 1045 queran-

477 1078 630 1148 tur,
683 1075 970 1137 taceant
1012 1060 1104 1132 de
1147 1062 1394 1133 curia?
1441 1076 1517 1133 et
1556 1062 1689 1160 qui
1738 1058 1831 1133 ab
1882 1082 1971 1131 eo
2014 1060 2333 1155 spirante
2367 1055 2607 1127 forum

473 1183 740 1268 putent
773 1172 1093 1267 potuisse
1120 1168 1444 1258 defendi,
1481 1173 1691 1267 cujus
1722 1196 1875 1242 non
1904 1170 2251 1241 restiterit
2285 1166 2615 1239 cadaveri

475 1279 721 1358 curia?
749 1283 1106 1369 Excitate,
1141 1284 1442 1353 excitate
1485 1305 1655 1353 eum
1674 1336 1695 1369 ‚
1739 1282 1797 1353 si
1840 1280 2178 1379 potestis,
2216 1278 2310 1349 ab
2342 1276 2609 1350 inferis.

473 1390 840 1489 Frangetis
875 1392 1228 1488 impetum
1258 1391 1442 1478 vivi,
1469 1390 1587 1487 cuj
1598 1416 1681 1462 us
1710 1391 1831 1463 vix
1864 1390 2231 1461 sustinetis
2256 1385 2477 1459 furias
2507 1389 2613 1457 in-

473 1497 866 1598 sepulti15?
907 1500 1050 1572 nisi
1087 1524 1259 1571 vero
1293 1502 1733 1575 sustinuistis
1772 1524 1931 1586 eos,
1970 1499 2299 1597 quicum
2334 1495 2611 1569 facibus

473 1609 564 1683 ad
609 1610 884 1683 curiam
941 1624 1456 1698 cucurrerunt,
1510 1634 1679 1683 cum
1716 1604 2077 1683 facibus¹⁶
2114 1605 2206 1678 ad
2258 1609 2608 1693 CastoriS,

475 1744 642 1792 cum
685 1718 938 1817 gladiis
973 1732 1132 1791 toto
1168 1717 1334 1791 foro
1377 1720 1793 1793 volitarunt.
1840 1717 2037 1791 Caedi
2070 1716 2345 1788 vidistis
2372 1740 2611 1814 popu-

475 1829 628 1901 lum
662 1852 1050 1901 romanum
1069 1839 1156 1918 ¹⁷,
1191 1832 1621 1903 concionem
1650 1830 1903 1929 gladiis
1928 1826 2351 1913 disturbari,
2380 1852 2611 1924 quum

475 1936 847 2011 audiretur
881 1928 1166 2011 silentio
1205 1942 1306 2013 Μ.
1355 1939 1668 2026 Coelius»,
1704 1939 2045 2011 tribunus
2094 1936 2363 2036 plebis,
2394 1939 2505 2007 vir
2538 1952 2613 2007 et

473 2048 548 2117 in
577 2044 950 2146 republica
983 2045 1454 2137 fortissimus,
1491 2064 1565 2121 et
1606 2050 1681 2119 in
1726 2063 2062 2148 suscepta
2102 2072 2320 2119 causa
2348 2044 2609 2119 firmis·

469 2159 730 2245 simus,
770 2172 843 2231 et
875 2155 1238 2232 bonorum
1265 2158 1623 2231 voluntati
1646 2154 1735 2246 ¹⁸,
1779 2174 1853 2231 et
1880 2160 2293 2230 auctoritati
2321 2172 2611 2229 senatus

469 2266 796 2356 deditus,
840 2281 913 2340 et
954 2268 1030 2337 in
1075 2267 1208 2339 hac
1243 2268 1541 2341 Milonis
1578 2270 1725 2340 sive
1762 2267 2065 2358 invidia,
2098 2268 2250 2338 sive
2275 2265 2611 2355 fortuna,

471 2377 856 2476 singulari,
905 2375 1150 2450 divina
1191 2393 1266 2454 et
1301 2377 1708 2451 incredibili
1744 2379 1907 2450 fide.
2366 2369 2369 2374 ¹

549 2707 568 2738 1
585 2706 606 2737 r
619 2725 634 2738 .
659 2687 758 2736 Sed
771 2689 834 2736 ab
851 2703 969 2752 ufto.
990 2689 1107 2738 Non
1127 2699 1272 2752 negat
1293 2690 1495 2738 omnino

469 2772 635 2834 ignem
649 2783 682 2817 a
703 2767 1017 2818 multitudine
1041 2767 1190 2816 fuine
1213 2767 1362 2816 enriae
1387 2767 1496 2816 illa-

471 2861 606 2906 tum3
635 2847 723 2896 ned
753 2847 818 2896 ad
848 2845 1175 2911 spargendum
1215 2844 1509 2916 incendium,

471 2929 600 2977 faces
648 2942 676 2975 a
717 2930 852 2978 Sext.
893 2925 1074 2977 Clodio
1107 2924 1256 2974 fuine
1283 2926 1500 2991 prolatu

472 3006 745 3058 contendit.

550 3105 636 3138 η.
687 3085 930 3137 Nonnulli
985 3087 1244 3152 pra-tulere
1297 3082 1496 3134 alteram

469 3167 760 3226 lectionem,
779 3178 977 3226 meone
995 3164 1330 3216 Coloniensib.
1352 3179 1501 3212 mem·

473 3246 653 3296 branis.
677 3247 728 3295 J.
741 3247 804 3296 V.
827 3247 886 3294 1..

551 3325 632 3374 13.
676 3325 897 3372 Mortuus
932 3321 1232 3372 incenderet.
1281 3321 1496 3372 Multum

469 3405 526 3452 in
545 3401 645 3451 hoc
667 3403 900 3452 incendio
923 3413 1142 3456 moratur
1163 3403 1336 3452 Cicero
1351 3434 1368 3456 ,
1395 3415 1496 3466 quo

472 3483 704 3544 majorem
731 3497 794 3529 ex
829 3483 940 3546 ipso
973 3482 1104 3530 {acto
1129 3480 1364 3528 invidiam
1389 3493 1497 3528 mo-

469 3573 618 3621 veat3
650 3573 766 3608 num
799 3559 926 3608 illud
962 3559 1034 3607 ibi
1070 3557 1229 3607 oculis
1265 3558 1496 3621 subjicit,

467 3652 717 3704 umquam
737 3649 1004 3686 extremum
1030 3641 1090 3686 P.
1111 3635 1277 3686 Clodii
1297 3639 1352 3685 in
1369 3653 1496 3685 rem-

469 3719 718 3784 publicam
739 3717 1143 3782 experimentum.

548 3807 628 3856 14.
661 3797 738 3844 De
759 3793 856 3846 via
885 3792 1063 3858 Appia.
1093 3791 1320 3842 Clodiani
1349 3793 1494 3842 mim

469 3876 730 3942 tragoedias
759 3873 972 3923 excitare
1002 3871 1322 3933 conabantur,
1356 3873 1494 3937 quod

471 3956 676 4004 Clodius
705 3955 756 4002 in
781 3954 862 4000 via
890 3951 1080 4016 Appia,
1117 3949 1182 3999 ab
1205 3967 1306 3998 uno
1335 3969 1362 3999 e
1387 3968 1492 3999 ina-

467 4036 660 4096 juribus
675 4035 775 4084 snit
795 4030 1014 4088 condita,
1033 4029 1196 4099 fuisset
1215 4032 1420 4077 occisus.

553 4114 629 4164 15.
658 4112 908 4178 lampales.
936 4109 1064 4176 Quia
1089 4109 1144 4158 in
1169 4108 1380 4158 medium
1402 4107 1496 4157 luit

1585 2689 1833 2754 projectus
1853 2687 1957 2736 eine
1980 2687 2083 2734 ullo
2104 2686 2307 2736 honoria
2322 2687 2463 2749 signo
2478 2719 2493 2746 ,
2520 2701 2609 2734 nec

1586 2779 1723 2817 totus
1746 2767 1853 2832 rogi
1872 2765 2075 2814 flammis
2092 2764 2189 2814 fuit
2209 2776 2464 2816 cre-ntus.

1662 2849 1747 2896 16.
1774 2847 1858 2895 Al.
1869 2843 2123 2912 falcibus,
2146 2843 2225 2893 vel
2231 2842 2480 2908 fascibus.
2505 2845 2609 2892 Bn-

1586 2925 1770 2984 herim,
1786 2925 2049 2974 Animadv.
2067 2925 2123 2972 iu
2141 2925 2248 2974 Cic.
2274 2940 2326 2989 p.
2346 2925 2477 2982 502,
2498 2937 2611 2988 pro-

1584 3002 1912 3068 batfizlee'bus.
1940 3006 1973 3052 J
1980 3038 1995 3052 .
2015 3002 2079 3048 V.
2105 3003 2161 3049 Ι...

1662 3098 1741 3144 ¹7·
1780 3082 2021 3148 Populum
2054 3095 2325 3130 romanum.
2360 3078 2488 3129 Milo
2514 3079 2613 3126 lar-

1586 3161 1855 3226 gitionibm
1916 3159 2221 3226 plebeculam
2290 3169 2573 3222 corruperat
2597 3191 2613 3216 ,

1586 3257 1731 3306 quam
1769 3239 1953 3290 coeliua
2000 3239 2067 3288 ad
2118 3237 2461 3304 capessendam
2508 3239 2613 3299 ejus

1586 3336 1780 3369 causam
1816 3317 2121 3366 hortabatur.
2161 3317 2259 3367 Sed
2294 3316 2519 3365 Clodiani
2557 3315 2611 3362 in

1586 3399 1747 3448 forum
1768 3399 2013 3462 irrupere,
2040 3403 2091 3442 et
2113 3395 2231 3444 inde
2251 3407 2435 3460 strages
2458 3396 2613 3444 mui-

1585 3494 1663 3526 ma
1682 3477 1745 3526 ab
1765 3476 1903 3525 omni
1922 3485 2059 3540 parte
2082 3473 2177 3522 suit
2192 3472 2343 3522 edita.
2366 3475 2490 3521 Rem
2514 3484 2609 3521 tam

1584 3567 1799 3606 atrocem
1824 3551 2109 3618 perstringit
2140 3550 2315 3599 leviter
2342 3561 2527 3609 orator,
2560 3563 2613 3599 et

1584 3633 1815 3682 consulto
1839 3629 2039 3696 quidem
2054 3665 2069 3690 ,
2092 3647 2206 3678 uam
2231 3629 2387 3691 objici
2410 3631 2456 3677 ei
2478 3641 2609 3678 recte

1582 3713 1825 3778 potuisset
1848 3708 2137 3758 concionem
2163 3709 2297 3757 illam
2324 3725 2427 3756 non
2442 3725 2613 3773 popu-

1580 3793 1685 3841 lum
1731 3806 1833 3839 esse
1874 3803 2124 3837 romanum
2138 3819 2156 3843 ‚
2202 3786 2289 3836 sed
2336 3784 2605 3852 plebecula

1582 3873 1785 3932 fecem,
1817 3885 1963 3934 quam
1992 3869 2119 3918 Milo
2150 3869 2361 3934 pecunia
2389 3866 2486 3916 sibi
2520 3866 2605 3915 de-

1585 3951 1822 3998 vinxerat.

1659 4045 1680 4075 ι
1692 4031 1740 4078 8.
1758 4031 2005 4076 Bonorum
2018 4025 2286 4076 voluntati.
2301 4025 2401 4088 Qui
2419 4023 2607 4072 salvum

1583 4107 1829 4156 Milonem
1849 4105 2125 4171 cupiebant.
