2996 4694
857 411 1243 480 ORATIO
1292 411 1502 478 PRO
1551 411 1632 477 L.
1670 413 1746 479 C.
1801 410 2164 480 BALBO.
2431 409 2573 481 313

445 551 707 599 norum
748 527 923 616 fuit,
963 555 1189 627 quum
1230 555 1485 628 magna
1523 553 1688 627 pars
1737 531 1814 600 in
1861 531 1947 601 iis
1983 529 2390 602 civitatibus
2433 531 2570 604 foe-

444 635 633 710 deris
702 642 813 712 sui
880 638 1287 711 libertatem
1363 641 1632 712 civitati
1703 639 2115 714 anteferret.
2203 645 2572 713 Postremo

442 746 597 820 haec
652 753 759 820 vis
798 763 907 820 est
934 752 1141 822 istius
1178 764 1252 822 et
1279 751 1503 846 juriS,
1544 765 1616 822 et
1643 751 1889 835 verbi,
1925 765 2011 822 ut
2059 749 2268 823 fundi
2313 752 2572 850 populi

440 856 799 930 beneficio
836 873 1126 949 nostre,
1156 885 1306 931 non
1334 885 1471 932 suo
1502 861 1666 956 jure
1693 859 1977 933 fiant13.
2015 864 2261 953 Quum
2301 861 2575 959 aliquid

442 973 759 1072 populus
794 999 1137 1046 romanus
1165 975 1411 1070 jussit,
1451 974 1528 1047 id
1553 979 1610 1048 si
1647 992 1755 1048 est
1795 976 2240 1071 ejusmodi¹⁴
2273 991 2357 1048 ut
2396 979 2560 1074 qui·

441 1080 746 1154 busdam
798 1085 1091 1184 populis
1134 1090 1281 1158 sive
1317 1085 1723 1172 foederatis»,
1765 1091 1914 1158 sive
1957 1085 2572 1190 liberisupermit-

442 1190 743 1264 tendum
772 1217 925 1266 esse
954 1194 1281 1267 videatur
1299 1251 1319 1284 ‚
1354 1211 1439 1268 ut
1468 1211 1791 1268 statuant
1815 1198 1954 1294 ipsi
1983 1221 2134 1268 non
2169 1196 2261 1268 de
2288 1199 2574 1284 nostris,

444 1299 572 1370 sed
618 1301 709 1373 de
756 1305 903 1374 suis
948 1302 1205 1393 rebus,
1244 1331 1395 1402 quo
1428 1307 1592 1401 jure
1633 1307 1744 1378 uti
1782 1305 2049 1390 velintt,
2086 1320 2286 1391 tum,
2327 1321 2573 1376 utrum

443 1406 651 1482 fundi
700 1411 869 1484 sacti
908 1416 1091 1501 sint,
1130 1439 1221 1486 an
1272 1439 1460 1500 non,
1496 1415 1974 1513 quaerendum
2015 1439 2168 1488 esse
2205 1415 2573 1500 videatur3

442 1519 533 1591 de
566 1537 813 1594 nostra
850 1549 1021 1596 vero
1058 1525 1467 1623 republica,
1501 1525 1592 1597 de
1627 1540 1884 1598 nostro
1913 1527 2257 1624 imperi0‚
2307 1525 2398 1596 de
2445 1549 2578 1596 no·

443 1630 607 1700 stris
648 1630 896 1720 bellis,
950 1631 1043 1704 de
1078 1635 1421 1724 victoria,
1466 1634 1558 1705 de
1611 1635 1882 1722 salute,
1933 1634 2202 1708 fundos
2261 1637 2578 1735 populos

440 1735 599 1811 fieri
640 1741 1059 1814 noluerunt.

538 1854 661 1920 IX.
719 1855 975 1949 Atqui,
1010 1856 1071 1924 si
1122 1853 1728 1951 imperatoribust
1781 1855 2088 1941 nostris,
2133 1855 2193 1925 si
2248 1859 2576 1942 senatui,

444 1961 503 2031 si
570 1963 848 2060 populo
902 1987 1207 2034 romano
1260 1989 1415 2035 non
1462 1963 1748 2062 licebit,
1813 1965 2206 2062 propositis
2259 1967 2574 2061 praemiis

445 2071 701 2144 elicere
744 2098 834 2144 ex
870 2074 1278 2146 civitatibus
1316 2077 1683 2146 sociorum
1719 2089 1940 2171 atque
1979 2075 2378 2150 amicorum
2429 2073 2576 2146 for·

446 2183 799 2256 tissimum
831 2199 1051 2282 atque
1077 2187 1850 2284 optimumquemque
1887 2183 2001 2268 ad‘
2021 2183 2404 2256 subeunda
2439 2207 2576 2282 pro

442 2472 541 2521 tur,
566 2460 880 2526 Neapolitani
898 2473 945 2511 et
973 2462 1313 2511 Heracleensea
1340 2478 1463 2510 con-

442 2540 633 2589 cionem
648 2541 825 2606 populi
840 2542 1171 2603 advocarunt,
1194 2554 1248 2591 ut
1266 2544 1317 2591 in
1338 2558 1467 2591 eom-

438 2636 586 2668 mune
644 2620 955 2669 consulerent
974 2652 988 2675 .
1044 2620 1281 2685 quidnam
1335 2623 1465 2671 facto

440 2714 568 2764 opus
618 2712 778 2760 esset3
812 2710 979 2749 utrum
1031 2700 1317 2749 beneficium
1370 2701 1465 2749 sibi

441 2778 659 2827 oblatum
680 2780 1089 2844 amplecterentur
1107 2815 1122 2840 ,
1152 2797 1213 2829 an
1238 2780 1464 2845 repudia-

440 2869 567 2907 rent.
602 2860 752 2908 Multi
788 2861 841 2907 in
868 2860 929 2909 iis
968 2860 1247 2909 civitatibus
1288 2862 1467 2925 reperti

442 2948 584 2996 sunt,
620 2940 707 3003 qui
744 2940 983 2988 honorem
1010 2940 1219 2989 civitatis
1254 2956 1466 2989 romanae

442 3030 811 3081 aspernarentur
830 3052 846 3076 ,
896 3019 1189 3085 mallemque
1244 3021 1467 3069 foederati

440 3113 543 3146 eoae
558 3114 701 3162 quam
720 3098 855 3145 cives
876 3100 1078 3147 romani.

518 3193 537 3224 1
547 3179 575 3224 3
584 3212 597 3223 .
620 3180 683 3224 Ue
674 3174 839 3241 fundi
840 3178 1016 3243 populi
1028 3178 1261 3247 beneficio
1278 3191 1465 3237 nostro,

442 3270 545 3303 non
569 3256 657 3303 sito
669 3255 949 3325 jur-estant.
980 3256 1098 3306 Non
1123 3258 1251 3305 enim
1272 3260 1351 3319 jus
1373 3260 1462 3307 ha-

440 3332 561 3382 bent
586 3335 761 3399 populi
792 3334 937 3383 liberi
966 3352 1023 3384 ac
1056 3336 1275 3386 foederati
1302 3337 1464 3386 adaci-

440 3412 608 3461 aceudi
648 3415 777 3479 legen
814 3416 989 3480 populi
1026 3418 1245 3476 romani,
1288 3432 1465 3481 easque

440 3508 527 3539 aua
552 3494 789 3541 sententia
806 3510 865 3542 ac
884 3495 1118 3560 suffragio
1136 3496 1466 3560 comproban-

443 3570 495 3618 di
508 3604 525 3629 ,
541 3570 627 3619 aed
652 3582 709 3619 ut
725 3572 779 3619 id
798 3572 978 3622 faciant
996 3575 1235 3639 permittit
1252 3574 1466 3640 populna

440 3665 703 3699 romanus:
730 3666 821 3699 nec
858 3651 966 3701 love
998 3652 1123 3701 illud
1150 3663 1251 3701 orat
1276 3652 1465 3701 benefi-

440 3730 574 3778 cium
598 3730 775 3796 populi
798 3733 1021 3791 romani,
1054 3744 1111 3781 ut
1136 3744 1321 3797 partem
1343 3734 1467 3794 iuris

440 3807 521 3877 aui
562 3824 673 3856 cum
714 3810 861 3859 aociia
887 3820 939 3858 ot
964 3810 1149 3858 Latinis
1192 3812 1467 3860 communi-

442 3898 595 3937 mret-

520 3976 608 4024 ¹4·
644 3968 711 4015 Id
732 3968 778 4015 si
801 3980 877 4017 ese
899 3967 1151 4033 ejusmodi.
1178 3967 1295 4015 Non
1318 3968 1471 4031 igitur

446 4046 607 4093 omnia
651 4046 783 4107 jussa
829 4056 881 4095 et
913 4046 1035 4094 scita
1072 4044 1247 4108 populi
1280 4046 1471 4093 romani

448 4124 853 4187 permittebantur
898 4123 1165 4173 adsciscere
1220 4122 1372 4180 socii,
1414 4140 1471 4173 ac

1552 2458 1774 2511 foederati
1791 2494 1808 2520 ,
1841 2460 1916 2508 nti
1945 2477 2006 2507 ex
2033 2459 2131 2507 hoc
2157 2458 2272 2507 loco
2299 2458 2455 2525 liquet
2480 2476 2585 2507 ma-

1552 2538 1880 2588 nifestissimo.
1928 2540 2167 2603 Quaenam
2210 2549 2372 2587 autem
2422 2548 2583 2587 essent

1550 2620 1634 2669 illa
1647 2654 1663 2681 ,
1690 2634 1800 2683 qua
1818 2633 1922 2667 nou
1950 2618 2356 2683 permittebantur
2373 2618 2584 2667 foedera-

1553 2700 1643 2759 tin,
1685 2698 1832 2747 docet
1867 2714 1985 2746 mox
2011 2697 2226 2755 Tullius,
2252 2713 2362 2761 quae
2394 2696 2584 2747 scilicet

1553 2778 1617 2826 ad
1647 2793 1798 2842 remp.
1830 2778 1890 2825 ad
1919 2776 2204 2841 imperium,
2237 2786 2287 2825 et
2312 2775 2375 2823 ad
2402 2786 2584 2825 statum

1553 2858 1624 2905 rei
1641 2873 1854 2906 romana
1871 2857 2200 2922 pertinebant.

1625 2940 1718 2985 lx.
1779 2955 1826 2987 1.
1881 2935 2041 3001 Atqui
2061 2972 2077 2997 ‚
2125 2934 2172 2985 si
2216 2932 2586 2999 imperatoribus

1553 3016 1730 3064 nostris
1745 3052 1760 3076 ,
1781 3028 1874 3064 etc.
1901 3018 1968 3065 Ut
1985 3017 2090 3063 haec
2113 3031 2225 3063 cum
2249 3010 2584 3078 superioribus

1555 3094 1830 3143 cohereant
1843 3128 1858 3153 ‚
1901 3094 1972 3142 aio
2013 3094 2320 3157 interpretari
2349 3102 2546 3157 oportet
2562 3106 2582 3141 ε

1553 3174 1706 3237 Atqui
1733 3174 1773 3220 ai
1801 3173 2171 3237 imperatoribus
2194 3170 2406 3228 nostris,
2436 3181 2488 3218 et
2508 3187 2583 3217 ae·-

1551 3250 1691 3299 natui
1706 3286 1722 3313 ,
1747 3260 1796 3297 et
1821 3251 2010 3315 populo
2046 3266 2148 3297 non
2182 3248 2349 3296 licebit
2375 3249 2583 3297 fortissi-

1553 3346 1686 3378 mum
1712 3345 1952 3394 quomque
1974 3344 2034 3378 ex
2055 3328 2302 3377 foederatis
2321 3360 2340 3389 ,
2360 3339 2410 3376 et
2435 3328 2582 3377 sociis

1553 3410 1750 3459 civitate
1787 3408 2000 3467 donare,
2036 3408 2131 3455 niai
2171 3406 2342 3462 fundi,
2385 3407 2440 3455 id
2477 3417 2581 3468 eat,

1553 3499 1778 3537 auctore·
1821 3488 1936 3536 facti
1973 3488 2154 3535 fuerint
2191 3486 2444 3545 foederati,
2485 3496 2582 3534 ata-

1553 3577 1754 3617 tuentnr
1779 3567 1842 3617 de
1863 3578 2036 3616 noan-o
2061 3567 2269 3632 imperio
2286 3602 2302 3625 ‚
2327 3566 2388 3615 de
2413 3576 2582 3614 nostra

1554 3646 1832 3712 republica,
1860 3647 1923 3695 de
1949 3657 2122 3695 nostro
2147 3648 2285 3707 jure,
2313 3646 2376 3693 de
2401 3644 2583 3692 nostrin

1555 3726 1698 3775 belli·
1719 3743 1780 3775 ac
1797 3727 2042 3786 victoriis,
2062 3738 2213 3792 atquo
2241 3727 2307 3773 ita
2333 3726 2386 3771 in
2411 3738 2582 3771 eorum

1557 3816 1799 3869 potestate
1839 3809 1986 3855 situm
2025 3806 2146 3866 erit,
2186 3822 2248 3853 an
2293 3801 2585 3851 fortis-imo·

1559 3884 1692 3933 viros
1731 3886 1785 3934 in
1819 3896 2036 3933 nostram
2075 3885 2320 3933 civitatem
2347 3880 2586 3927 ¹²deoe-

1558 3978 1696 4025 mua,
1720 3964 2082 4029 privabuntque
2109 3979 2228 4021 nos,
2247 3960 2292 4009 ai
2315 3956 2581 4016 voluerint,

1561 4056 1708 4105 opera
1760 4053 1906 4106 atque
1965 4040 2154 4091 anxilio
2207 4035 2584 4089 fortissimorum

1564 4119 1798 4169 virorum.
