2996 4694
390 403 397 412 ’
496 408 623 452 102
800 431 807 438 -
1112 385 1211 452 M.
1265 387 1343 452 Τ.
1398 384 1964 455 CICERONIS

478 507 739 576 fortem
788 519 861 575 et
898 503 1173 576 bonum
1228 508 1457 576 civem
1509 529 1660 577 non
1700 505 2267 602 petulantissime
2320 519 2428 578 est
2479 510 2594 580 in-

483 617 830 688 sectatus?
867 617 1034 713 qui,
1074 630 1157 686 ut
1189 615 1443 705 credo,
1480 641 1631 687 non
1663 614 1980 687 libidinis
2015 627 2312 704 causa2,
2348 617 2476 688 sed
2515 631 2600 688 ut

486 722 883 824 plebicola³
920 724 1310 812 videretur,
1332 724 1740 798 libertinam
1787 723 1992 796 duxit
2031 747 2352 796 uxorem.
2395 731 2466 796 Is
2507 725 2597 796 de

482 859 601 908 me
644 833 1067 932 suffragium
1126 835 1323 920 tulit,
1371 835 1435 908 is
1488 834 1730 922 affilit,
1787 838 1846 906 is
1889 829 2218 906 interfuit
2252 833 2484 932 epulis
2527 847 2600 905 et

482 944 1085 1042 gratulationibus
1133 944 1668 1042 parricidarum.
1720 949 1806 1014 In
1851 967 2000 1042 quo
2041 959 2283 1022 tamen
2333 956 2444 1014 est
2483 965 2600 1014 me

479 1056 710 1144 ultus,
768 1077 999 1153 quum
1047 1053 1173 1124 illo
1220 1059 1399 1126 ore4
1452 1055 1780 1126 inimicos
1827 1067 1936 1126 est
1975 1077 2176 1125 meos
2217 1058 2594 1125 suaviatus.

478 1167 660 1257 Qui,
702 1164 909 1262 quasi
970 1187 1127 1238 mea
1172 1164 1383 1262 culpa
1424 1159 1619 1235 bona
1663 1163 2097 1261 perdiderit,
2151 1163 2250 1234 ita
2293 1159 2394 1233 ob
2445 1183 2602 1233 eam

482 1386 749 1454 Utrum
784 1405 918 1477 ego
960 1377 1091 1452 tibi
1124 1383 1640 1480 patrimonium
1685 1383 1952 1481 eripui,
1983 1379 2202 1470 Gelli,
2245 1405 2338 1452 an
2377 1395 2456 1452 tu
2485 1404 2604 1452 co-

479 1490 827 1562 medisti?
878 1490 1103 1588 quid?
1148 1506 1233 1562 tu
1274 1513 1443 1563 meo
1489 1491 1864 1590 periculo,
1915 1515 2176 1590 gurges
2219 1515 2302 1562 ac
2336 1513 2603 1587 vorago

479 1602 923 1696 patrimonii,
958 1599 1419 1674 helluabare⁵
1446 1630 1464 1672 x
1496 1615 1619 1691 ut,
1653 1607 1714 1672 si
1745 1625 1880 1698 ego
1911 1600 2166 1672 consul
2201 1600 2603 1700 rempubli-

486 1733 647 1780 cam
695 1725 947 1782 contra
986 1725 1060 1783 te
1100 1727 1171 1783 et
1210 1709 1529 1809 gregales
1571 1726 1736 1783 tuos
1770 1709 2285 1795 defendissem,
2325 1714 2403 1782 in
2439 1711 2608 1780 civi-

486 1832 633 1890 tate
692 1845 845 1892 esse
887 1843 1001 1894 me
1050 1822 1323 1896 nolles?
1378 1826 1478 1894 Te
1521 1846 1737 1894 nemo
1779 1835 2076 1893 tuorum
2122 1819 2366 1892 videre
2412 1819 2607 1906 vult3

491 1953 745 2002 omnes
764 1929 1032 2002 aditum
1050 1985 1071 2020 ,
1094 1951 1502 2004 sermonem
1521 1983 1542 2020 ,
1571 1953 2036 2030 congressum
2054 1947 2262 2002 tuum
2289 1927 2607 2027 fugiunt;

486 2051 563 2109 te
609 2041 873 2111 sororis
916 2037 1106 2130 filius
1155 2045 1584 2130 Postumus,
1633 2040 2048 2112 adolescens
2101 2042 2369 2136 gravis,
2407 2037 2610 2111 senili

482 2147 761 2242 judicio
782 2205 802 2236 ,
844 2152 1158 2239 notavit,
1217 2175 1449 2247 quum
1506 2153 1582 2220 in
1635 2173 1900 2247 magno
1952 2171 2256 2220 numero
2295 2160 2611 2218 tutorem

483 2256 731 2330 liberis
750 2257 783 2304 ⁶
809 2285 961 2332 non
988 2261 1321 2332 instituit.
1348 2259 1489 2331 Sed
1517 2258 1746 2330 elatus
1780 2255 1988 2347 odi0,
2025 2271 2098 2328 et
2131 2279 2298 2328 meo
2317 2310 2337 2345 ,
2372 2269 2446 2327 et
2477 2257 2613 2327 rei·

488 2368 797 2465 publicae
822 2375 1115 2443 nomine
1133 2424 1155 2451 ,
1174 2394 1487 2467 quorum
1507 2368 1630 2440 ille
1661 2370 1808 2438 utri
1825 2370 1916 2439 sit
1948 2366 2327 2453 inimicior,
2345 2368 2613 2453 nescio,

483 2480 695 2575 plura
728 2480 914 2565 dixi,
938 2503 1158 2575 quam
1196 2478 1580 2549 dicendum
1607 2476 1783 2562 fuit,
1825 2480 1902 2548 in
1934 2474 2477 2548 furiosissimum
2505 2489 2612 2545 at-

485 2614 633 2685 que
674 2589 1217 2684 egentissimum
1258 2608 1688 2683 ganeonem.
1727 2586 1908 2658 Illuc
1945 2600 2318 2659 revertor:
2364 2600 2616 2656 contra

482 2721 603 2766 me
632 2720 862 2791 quum
892 2695 983 2764 sit
1014 2708 1250 2764 actum
1273 2748 1293 2783 ‚
1324 2708 1532 2791 capta
1572 2693 1755 2766 urbe
1792 2710 2008 2793 atque
2036 2719 2414 2793 oppressa,
2444 2692 2614 2765 Gel-

476 2806 699 2888 lium,
734 2800 1225 2890 Firmidium7,
1266 2803 1570 2891 Titium,
1611 2802 1930 2899 ejusdem
1961 2802 2160 2875 modi
2193 2802 2452 2892 furias,
2475 2802 2618 2872 illis

486 2911 951 2983 mercenariis
994 2910 1333 3007 gregibus
1373 2911 1594 2984 duces
1631 2926 1708 2983 et
1743 2928 2072 2985 auctores
2103 2911 2356 2999 fuisse,
2387 2934 2617 3009 quum

492 3025 649 3119 ipse
676 3010 913 3090 lator⁸
949 3016 1131 3090 nihil
1163 3018 1253 3091 ab
1278 3018 1550 3095 horum
1576 3022 2064 3118 turpitudine,
2099 3020 2394 3093 audacia
2415 3076 2436 3110 ,
2471 3044 2622 3092 sor-

494 3127 713 3198 dibus
756 3126 1201 3202 abhorreret.
1260 3136 1391 3219 At,
1432 3154 1668 3228 quum
1713 3128 1806 3201 de
1843 3132 2188 3230 dignitate
2235 3152 2396 3201 mea
2435 3129 2620 3200 fere-

565 3314 616 3346 α.
632 3298 871 3346 Libidinis
886 3312 1064 3348 causa.
1080 3300 1242 3349 Itonia
1253 3301 1347 3349 hnc
1358 3302 1518 3349 omnis
1605 3299 1816 3348 tidinms
1825 3300 2051 3349 libidines
2067 3314 2178 3363 que
2189 3299 2532 3363 patrimonium
2547 3298 2626 3348 ab-

494 3377 643 3427 Genii
666 3377 921 3441 turpitudo
946 3376 1341 3441 deprehenditur,
1364 3396 1518 3443 quum
1603 3388 1936 3441 mpetum,
1961 3379 2084 3427 mibi
2103 3379 2258 3426 sactus
2275 3379 2341 3426 sb
2359 3378 2597 3429 inimicus.

496 3474 559 3505 ex
576 3454 747 3504 infimo
760 3456 893 3513 loco,
909 3456 1127 3505 libidini·
1144 3468 1333 3507 numm
1348 3474 1487 3509 cansa
1501 3497 1520 3523 ,
1681 3456 1734 3503 6.
1775 3459 1992 3505 stem-em
2031 3457 2208 3506 b'baeris.
2247 3458 2462 3505 Maxime
2503 3456 2626 3505 illud

498 3538 575 3585 vir
597 3535 837 3598 quotu-is
856 3546 1055 3587 uxorem
1080 3535 1289 3585 duxerit.
1605 3532 1984 3597 ignominiosum
2009 3534 2144 3599 apud
2167 3537 2410 3583 Romano·
2435 3546 2562 3597 unt,
2585 3534 2629 3581 si

567 3619 615 3665 3.
636 3612 903 3663 Plebis-ola.
926 3613 1009 3663 Al.
1020 3614 1287 3679 poplicola.
1305 3618 1357 3665 J.
1374 3616 1437 3663 V.
1454 3619 1514 3665 1..
1609 3614 2086 3674 eom-guimarum
2105 3622 2392 3663 testamento
2415 3615 2526 3678 qui·
2541 3614 2631 3660 im·

569 3702 621 3749 4.
662 3694 822 3754 Quum
850 3691 939 3739 a'uo
968 3708 1071 3740 ore.
1102 3692 1242 3741 Adeo
1271 3694 1516 3757 impurum
1609 3686 1916 3751 prohretnr·

492 3782 543 3821 et
562 3770 851 3819 obscenum
874 3770 1019 3819 Gellii
1042 3787 1101 3819 os
1124 3782 1224 3819 erat
1244 3804 1259 3833 ,
1284 3783 1340 3820 ut
1364 3772 1518 3820 nemi·
1687 3778 1742 3823 7·
1761 3763 2060 3815 ΓῘΠΩΜῘΜΙ·
2077 3768 2154 3815 De
2171 3767 2404 3815 Firmidfio
2421 3767 2506 3816 hie
2523 3779 2629 3816 1⁸¹²·

492 3866 605 3897 nem
624 3848 941 3906 oscularetur,
959 3850 1078 3912 quin
1094 3850 1165 3899 ini
1184 3852 1362 3899 malum
1379 3850 1520 3897 affer·-
1609 3852 1720 3891 tum
1739 3844 1919 3892 mentio
1941 3854 2012 3893 est
2031 3846 2153 3893 sacta
2167 3880 2182 3905 ,
2205 3848 2255 3893 in
2282 3846 2492 3893 Gellium
2509 3860 2628 3894 vero

494 3938 582 3979 ret.
612 3930 773 3977 lacem
802 3926 884 3974 illc
914 3942 943 3974 a
977 3928 1277 3993 Pantagatho
1302 3930 1360 3976 in
1381 3927 1519 3976 hunc
1611 3930 1664 3968 et
1685 3918 1868 3967 Titium
1893 3925 2066 3987 sapius
2085 3935 2248 3973 orator
2265 3924 2524 3973 invehitur.

496 4006 699 4055 modun
724 4016 799 4053 en
829 4006 1097 4055 mamm,
1691 3999 1741 4045 8.
1758 4001 2022 4062 lpselator.
2035 4006 2089 4052 1³.
2099 4002 2376 4053 Clodiussc.
2387 4005 2632 4067 quilcgem

569 4084 615 4132 5.
644 4083 953 4133 Helluabare.
982 4086 1145 4148 Quum
1166 4094 1369 4149 propter
1394 4098 1520 4145 quo-
1613 4076 1680 4123 de
1701 4076 1932 4127 Cion-one
1955 4080 2070 4127 tulit
2091 4082 2146 4129 in
2167 4080 2385 4129 anilium
2403 4082 2609 4145 nge-do.
