2996 4694
773 400 1167 471 ORATIO
1217 398 1427 469 PRO
1478 401 1555 468 T.
1596 402 1672 469 A.
1724 400 2165 473 MILONE.
2400 403 2543 491 433

401 514 498 585 tia
537 511 884 613 proferre.
940 514 1058 585 Sic
1099 513 1378 610 reliqua
1435 515 1822 585 auctoritas
1840 506 1872 559 ⁸
1928 531 2247 605 senatus,
2302 534 2547 617 empta

403 626 954 713 intercessione,
995 624 1284 719 sublata,
1316 637 1446 695 est.

500 740 592 807 At
629 736 824 807 enim
869 739 1000 805 Cn.
1049 737 1484 834 Pompeiusv
1530 734 1908 831 rogatione
1958 758 2125 823 sua,
2168 750 2243 806 et
2292 735 2383 808 de
2427 764 2541 828 re,

407 860 482 918 et
515 845 606 917 de
659 869 870 917 causa
909 844 1254 941 judicavit
1296 872 1312 915 ε
1361 844 1531 915 tulit
1572 848 1765 916 enim
1821 842 1911 915 de
1972 843 2200 935 coe'de,
2256 872 2417 944 quae
2468 851 2544 922 in

403 958 638 1055 Appia
667 958 780 1027 via
814 954 1000 1027 facta
1047 972 1267 1043 esset,
1305 956 1380 1025 in
1419 978 1569 1053 qua
1615 952 1689 1027 P.
1732 954 2033 1026 Clodius
2068 959 2351 1029 occisus
2386 957 2545 1031 fuit.

405 1066 600 1158 Quid
639 1092 814 1166 ergo
847 1066 1142 1137 tulit10?
1177 1090 1442 1164 nempe
1471 1080 1555 1136 ut
1587 1080 2054 1163 quaereretur.
2103 1062 2300 1176 Quid
2327 1092 2549 1167 porro

405 1177 882 1276 quaerendum
939 1178 1096 1250 εει)
1143 1175 1509 1250 factumne
1552 1178 1691 1248 sit?
1740 1181 1835 1249 At
1890 1192 2185 1250 constat.
2230 1158 2291 1249 ‘A
2350 1205 2538 1277 quo.
2522 1184 2551 1237 ἵ)

405 1294 495 1363 At
532 1304 732 1389 patet
753 1300 836 1359 ¹¹.
888 1288 1088 1359 Vidit
1144 1290 1388 1386 igitur,
1440 1288 1656 1358 etiam
1700 1288 1776 1357 in
1833 1286 2285 1362 confessione
2338 1287 2549 1376 facti,

399 1406 585 1501 juris
650 1420 894 1479 tamen
951 1401 1452 1477 defensionem
1508 1404 1780 1499 suscipi
1839 1426 2075 1500 posse.
2136 1404 2356 1493 Quod
2411 1407 2548 1477 nisi

403 1516 724 1603 vidisset,
784 1540 998 1614 posse
1051 1514 1325 1589 absolvi
1380 1539 1591 1603 eum,
1657 1514 1788 1610 qui
1845 1510 2243 1605 fateretur3
2316 1540 2543 1612 quum

403 1626 682 1698 videret
726 1650 860 1699 nos
917 1623 1162 1712 fateri,
1222 1648 1466 1721 neque
1515 1624 1738 1721 quaeri
1802 1646 2149 1720 umquam
2191 1625 2552 1721 jussisset,

404 1760 542 1808 nec
576 1734 784 1807 vobis
829 1751 969 1805 tam
1012 1733 1396 1806 salutarem
1434 1733 1625 1805 hanc
1671 1735 1747 1803 in
1794 1731 2187 1829 judicando
2230 1734 2510 1807 literam
2532 1790 2551 1819 ,

407 1868 626 1940 quam
667 1843 862 1915 illam
905 1844 1222 1927 tristem,
1261 1842 1581 1914 dedisset
1602 1851 1690 1913 ¹².
1729 1842 1913 1912 Mihi
1947 1868 2125 1914 vero
2163 1848 2291 1915 Cn.
2334 1849 2552 1917 Pom-

409 1955 616 2048 peius
653 1977 804 2023 non
847 1952 1066 2026 modo
1117 1952 1300 2023 nibil
1349 1953 1634 2049 gravius
1676 1966 1931 2022 contra
1976 1954 2321 2025 Milonem
2362 1955 2553 2049 judi-

407 2084 638 2147 casse,
673 2060 800 2133 sed
856 2064 1072 2133 etiam
1122 2063 1456 2133 statuisse
1500 2058 1811 2147 videtur,
1851 2061 2025 2157 quid
2073 2087 2203 2133 vos
2242 2065 2319 2135 in
2350 2066 2549 2159 judi-

405 2169 640 2242 cando
703 2187 1028 2269 spectare
1082 2164 1557 2269 oporteret13.
1616 2174 1801 2245 Nam
1868 2173 1995 2267 qui
2058 2196 2213 2243 non
2254 2168 2548 2272 poenam

405 2280 884 2370 confessioni,
929 2281 1053 2356 sed
1099 2280 1595 2355 defensionem
1642 2277 1883 2370 dedit,
1917 2282 1977 2352 is
2018 2304 2303 2354 causam
2357 2286 2544 2357 inte-

405 2393 590 2464 ritus
628 2393 1133 2491 quaerendam,
1187 2418 1339 2464 non
1383 2395 1761 2464 interitum
1812 2393 2113 2490 putavit.
2160 2397 2313 2464 Jam
2371 2395 2550 2478 illud

406 2503 598 2574 dicet
648 2505 804 2604 ipse
838 2503 903 2559 ¹⁴
941 2503 1270 2602 profecto
1301 2559 1322 2592 ‚
1377 2501 1579 2602 quod
1636 2510 1764 2574 sua
1814 2517 2081 2601 sponte
2142 2501 2355 2592 fecit,
2407 2510 2549 2576 Pu·-

476 2703 525 2750 8.
558 2701 762 2766 Reliqua
787 2701 1069 2750 auctoritas.
1101 2703 1428 2749 Senatuecon·

404 2781 587 2830 enltum
604 2782 741 2846 qnod
762 2783 1110 2832 intercessione
1135 2781 1318 2829 tribuni
1337 2780 1430 2827 suit

405 2861 662 2911 sublatum.

477 2955 529 3002 9.
559 2942 628 2988 Ac
652 2940 782 2989 enim
814 2939 901 2988 Cn.
929 2936 1206 3003 Pompeius.
1236 2937 1428 2984 Adver-

405 3019 640 3066 sarioinm
659 3018 888 3080 objectio.
911 3021 1030 3068 Esto
1043 3051 1058 3076 ,
1080 3025 1274 3064 uenatus
1296 3015 1356 3062 de
1376 3031 1430 3062 re

407 3099 744 3147 tantummodo
789 3098 1049 3160 judicarit,
1094 3093 1432 3156 censueritque

405 3177 588 3226 code-
608 3179 742 3227 illem
764 3191 938 3228 contra
957 3174 1304 3241 rempublicam
1327 3187 1430 3221 enee

405 3255 596 3306 saetam.
636 3259 707 3307 At
733 3259 824 3308 Cn.
856 3256 1118 3321 Pompeius
1143 3269 1245 3302 non
1271 3251 1430 3302 solum

407 3333 468 3386 de
491 3351 544 3382 re
559 3369 574 3392 ‚
597 3336 686 3384 eed
711 3335 772 3384 de
798 3336 934 3384 caede
957 3336 1064 3400 ipen
1089 3331 1256 3384 Clodii
1280 3347 1308 3378 ι
1332 3330 1430 3378 Μὶ-

403 3413 520 3462 lone
547 3414 671 3463 fecta
691 3415 961 3476 indicavit,
991 3429 1144 3478 quum
1178 3410 1348 3460 statuit
1373 3419 1430 3457 nt

407 3507 535 3541 nove
555 3492 662 3556 lege
683 3495 868 3542 crimen
887 3493 1013 3541 illud
1038 3501 1354 3557 quaereretur,
1380 3497 1430 3536 et

405 3581 540 3630 extro
563 3571 786 3620 ordinem
798 3571 1116 3632 judicaretur.

485 3663 562 3698 10.
594 3650 730 3714 Quid
751 3667 867 3715 ergo
889 3650 1016 3700 tulit.
1039 3649 1244 3710 Obiecta
1267 3647 1429 3695 diluit.

407 3727 524 3778 Non
549 3729 680 3778 eni-
711 3729 976 3794 Pompeius
1010 3728 1154 3785 heti,
1191 3725 1279 3775 eed
1307 3725 1432 3787 juris

408 3805 810 3874 disceptationem
831 3825 934 3858 eece
953 3808 1125 3857 voluit.

485 3903 564 3938 ιι.
599 3889 852 3946 Graeviue,
884 3903 911 3935 e
941 3886 1057 3934 cod.
1081 3884 1264 3932 Erfurt.
1295 3881 1433 3932 dedit

395 3979 559 4034 paret.
578 3967 714 4018 Idem
725 4004 742 4030 ‚
763 3977 880 4033 poet
893 3963 1052 4028 vidit,
1072 3960 1267 4013 addidit
1282 3960 1436 4026 iginu-

406 4063 470 4098 ex
490 4047 668 4098 eodem
683 4047 830 4098 libro.
853 4049 902 4096 J.
920 4048 980 4093 V.
1004 4046 1060 4092 L.

486 4143 565 4177 n.
589 4126 829 4177 Dedissee.
857 4123 1060 4175 Jndice·
1083 4121 1137 4170 in
1165 4121 1334 4170 cistam
1361 4130 1432 4170 u-

1517 2699 1657 2747 bulae
1692 2697 2049 2760 conjiciebant,
2082 2699 2263 2763 quibus
2298 2699 2547 2769 inscripta

1516 2789 1655 2826 erant
1679 2777 1757 2826 ba
1780 2777 1965 2827 literae:
1991 2780 2055 2828 A.
2078 2777 2128 2828 h.
2147 2795 2192 2827 e.
2221 2777 2461 2854 absolvo3
2486 2787 2544 2836 C.

1518 2857 1821 2913 condemno.
1842 2869 1893 2906 et
1915 2859 1979 2908 N.
1998 2861 2054 2906 L.
2071 2872 2175 2906 non
2192 2833 2368 2924 litinet.
2386 2863 2545 2914 Primo

1516 2937 1763 2997 salutaris,
1788 2935 1939 2984 altera
1964 2935 2117 2984 tristis
2144 2936 2420 3003 dicebatur,
2444 2959 2542 3008 po-

1516 3014 1743 3063 steriore·
1768 3029 1885 3062 vero
1912 3013 2239 3077 ampliationis
2267 3017 2425 3070 litero
2450 3038 2544 3071 vo-

1518 3093 1769 3142 cebantur.

1594 3173 1679 3219 13.
1710 3171 1945 3232 spectaro
1973 3181 2234 3232 oporteret.
2270 3175 2389 3226 Nou
2419 3178 2545 3228 ecili-

1519 3261 1600 3300 cet
1624 3247 1941 3313 quarendum
1958 3258 2045 3306 eet,
2062 3265 2125 3296 en
2150 3251 2277 3300 Milo
2302 3256 2541 3308 occiderit

1516 3327 1747 3378 Clodium
1760 3360 1775 3386 ,
1797 3325 1883 3374 ned
1906 3341 2117 3390 quonam
2138 3327 2201 3378 de
2216 3347 2358 3382 cause
2380 3349 2541 3388 morte

1516 3406 1749 3456 effecerit.

1594 3496 1673 3543 14.
1710 3484 1851 3534 Illud
1878 3483 2009 3534 dicet
2032 3485 2153 3551 ipse.
2182 3489 2289 3540 Non
2318 3487 2511 3560 populo
2530 3533 2546 3556 ‚

1517 3581 1611 3614 neo
1634 3574 1803 3614 oenntu
1826 3565 2109 3628 pontuhnte
2138 3568 2368 3622 fatebitur
2391 3575 2541 3626 Pom-

1518 3643 1657 3709 peius
1668 3659 1721 3691 se
1731 3643 1861 3690 hanc
1872 3646 2195 3708 quaeetionem
2204 3654 2539 3718 conetimisee3

1518 3739 1571 3771 ee
1610 3732 1669 3771 ut
1708 3721 2005 3786 temporibus
2045 3727 2269 3789 serviret,
2308 3731 2361 3780 h.
2398 3750 2445 3784 e.
2482 3748 2540 3784 ut

1518 3801 1695 3868 populi
1714 3803 1905 3850 animo·
1930 3803 1995 3852 ad
2018 3804 2307 3858 seditionem
2330 3813 2540 3864 maxime

1518 3895 1792 3946 propensos
1837 3881 2055 3942 eederet,
2100 3887 2243 3959 simul
2286 3888 2359 3936 uti
2402 3893 2539 3942 nullo

1520 3961 1671 4010 modo
1708 3961 1955 4010 videretur
1985 3962 2049 4013 de
2084 3977 2241 4015 morte
2269 3966 2437 4016 Clodii
2462 3971 2541 4020 le·

1518 4041 1638 4101 tari,
1665 4055 1767 4105 qno
1802 4056 1917 4090 cum
1956 4045 2125 4106 μυοίη
2168 4059 2232 4094 ex
2270 4044 2442 4096 diebus
2485 4050 2539 4098 in

1521 4122 1723 4186 gretiam
1750 4133 1967 4172 venerat.

2146 4208 2189 4279 3
2204 4235 2229 4278 1
2244 4266 2258 4280 .
