2996 4694
495 346 632 457 14'6
1113 368 1208 437 Μ.
1265 368 1341 435 Τ.
1395 365 1980 437 c1cERoN1s

481 488 770 565 dicebas
783 487 814 533 ³
839 516 856 558 ε
889 486 982 561 de
999 486 1264 585 quibus
1279 486 1464 559 duos
1485 500 1939 587 praetextatos
1970 484 2347 559 sedentes⁴
2368 486 2605 576 vides3

479 609 553 669 te
603 595 960 668 aedilitiam
1009 610 1422 694 praetextam
1463 612 1705 695 togam
1724 650 1743 683 ,
1782 620 2003 693 quam
2050 592 2311 669 frustra
2354 595 2601 668 confe-

475 731 676 779 ceras
699 762 718 794 ,
738 703 1186 793 vendidisset,
1223 709 1519 777 tertium
1556 708 1727 794 scis,
1758 730 1849 778 ex
1891 705 2017 777 illo
2052 704 2347 779 obsesso
2384 721 2603 805 atque

473 816 742 889 afflicto
761 814 1162 904 tribunatu,
1189 816 1642 889 consularem
1674 819 2169 888 auctoritatem
2184 814 2211 861 ⁵
2230 817 2600 889 hominem

447 934 452 940 “
475 952 633 1001 esse
663 925 1198 999 adolescentem
1225 942 1776 1023 consequutum.
1804 925 2089 1023 Reliqui
2114 949 2241 997 sex
2272 924 2600 1013 fuet-unu

473 1063 565 1110 ex
600 1035 870 1135 quibus
903 1038 1164 1135 partim
1191 1036 1406 1135 plane
1435 1051 1675 1108 tecum
1704 1035 2137 1125 sentiebant,
2168 1038 2429 1133 partim
2456 1060 2603 1108 me-

473 1148 674 1221 dium
717 1145 1104 1245 quemdam
1141 1168 1432 1217 cursum
1467 1144 1863 1217 tenebant:
1898 1168 2153 1217 omnes
2188 1144 2603 1218 habueruut

471 1260 664 1357 leges
705 1257 1194 1357 promulgatas
1225 1280 1246 1344 3
1304 1258 1379 1327 in
1415 1255 1529 1327 his
1566 1254 1827 1327 multas
1872 1278 2078 1328 meus
2122 1258 2600 1341 necessariae,

471 1374 682 1441 etiam
721 1366 812 1439 de
843 1390 1003 1438 mea
1051 1367 1442 1454 sententia,
1481 1368 1560 1436 C.
1596 1368 2028 1454 Cosconius,
2055 1364 2279 1460 judex
2316 1381 2601 1455 noster;

475 1504 732 1581 quem,
772 1496 854 1553 tu
907 1480 1376 1579 disrumperis
1423 1533 1442 1567 ‚
1477 1504 1708 1578 quum
1746 1477 2115 1551 aedilitium
2148 1480 2369 1552 vides.
2415 1480 2601 1553 Volo

471 1595 580 1664 uti
609 1590 790 1661 mihi
813 1590 1284 1689 respondeas,
1309 1614 1484 1661 num
1520 1591 1685 1687 quis
1711 1612 1802 1661 ex
1838 1604 1995 1661 toto
2030 1589 2334 1689 collegio
2371 1590 2600 1688 legem

473 1702 564 1771 sit
602 1724 818 1771 ausus
860 1699 1048 1773 ferre
1063 1698 1123 1787 θ,
1159 1714 1418 1797 praeter
1463 1724 1695 1771 unum
1744 1700 1868 1771 te?
1918 1703 2097 1790 Quae
2146 1714 2350 1771 tanta
2398 1704 2471 1773 in
2530 1716 2601 1773 te

474 1808 612 1883 fuit
661 1810 953 1882 audacia
979 1864 998 1898 ,
1065 1834 1227 1907 quae
1270 1822 1472 1882 tanta
1524 1813 1667 1898 vis,
1718 1824 1845 1898 ut,
1911 1834 2139 1906 quum
2188 1832 2451 1883 novem
2492 1812 2602 1883 tui

471 1920 762 2018 collegae
821 1919 959 1993 sibi
1019 1918 1424 1992 timendum
1479 1944 1633 1993 esse
1691 1919 2067 2008 duxerint,
2110 1917 2187 1990 id
2234 1944 2429 1992 unus
2486 1934 2596 2009 tu,

375 2108 384 2117 ,
475 2054 799 2103 emersus
837 2054 878 2103 e
911 2054 1160 2120 coeno,
1196 2031 1525 2103 omnium
1570 2028 1771 2101 facile
1808 2028 2147 2101 omnibus
2180 2028 2397 2103 rebus
2434 2028 2599 2101 infi-

361 4057 408 4096 Ν

479 2161 641 2213 mus
676 2194 698 2229 ,
777 2139 1392 2212 contemnendum
1415 2194 1434 2228 ,
1502 2134 2043 2238 despiciendum
2064 2192 2083 2227 ‚
2154 2138 2601 2211 irridendum

476 2252 823 2347 putares?
877 2274 1052 2323 num
1097 2274 1316 2350 quem
1335 2294 1342 2301 -
1351 2266 1519 2350 post
1550 2250 1809 2323 urbem
1846 2248 2207 2323 conditam
2254 2252 2429 2322 scias
2472 2252 2599 2322 tri-

477 2359 758 2434 bunum
788 2360 1018 2459 plebis
1053 2365 1279 2459 egisse
1309 2385 1474 2438 cum
1510 2359 1723 2459 plebe
1746 2416 1765 2449 ,
1794 2385 2019 2459 quum
2060 2375 2421 2433 constaret
2453 2383 2601 2432 ser·

477 2486 724 2542 vatum
765 2495 920 2542 esse
953 2469 1046 2540 de
1085 2470 1317 2542 caelo?
1375 2470 1601 2542 Simul
1644 2475 1859 2542 etiam
1902 2468 2077 2540 illud
2120 2470 2289 2541 volo
2338 2473 2447 2540 uti
2485 2493 2603 2541 re-

477 2577 872 2679 spondeas,
903 2603 1168 2677 quum,
1199 2593 1270 2650 te
1305 2579 1603 2650 tribuno
1638 2579 1871 2677 plebis
1894 2636 1914 2666 ,
1966 2594 2153 2650 esset
2194 2581 2408 2650 etiam
2444 2593 2602 2652 tum

477 2690 556 2758 in
583 2685 952 2785 republica
979 2687 1095 2758 lex
1109 2687 1283 2758 AElia
1309 2703 1382 2758 et
1399 2687 1598 2760 Fufia
1620 2701 1686 2777 ⁷3
1714 2715 1877 2787 quae
1895 2689 2087 2785 leges
2108 2701 2605 2788 saepenumero

477 2797 892 2870 tribunitius
919 2791 1243 2870 furores⁸
1271 2796 1739 2872 debilitarunt
1762 2814 1837 2872 et
1865 2813 2398 2898 represserunt3
2424 2824 2607 2898 quas

481 2969 614 3018 enim
661 2965 760 3016 soli
781 3000 798 3026 ,
841 2966 926 3016 sed
971 2966 1156 3016 tribuni
1199 2985 1400 3034 quoque
1439 2985 1497 3018 ac
1584 2979 1699 3019 cent
1724 2983 1867 3018 voces
1890 2969 1989 3018 111ae
2010 2967 2276 3018 auctoritas
2302 2967 2599 3028 consularis,

484 3047 712 3098 consules
732 3046 949 3111 auspicia
975 3046 1358 3112 intermgnbant.
1584 3065 1687 3098 non
1713 3049 1837 3098 bene
1858 3059 2177 3113 compertum.
2214 3047 2334 3106 Non
2368 3059 2501 3098 certe
2530 3049 2604 3098 di·

560 3129 610 3176 3.
645 3125 865 3176 manoe
893 3141 994 3176 esse
1017 3125 1226 3174 dicebas.
1261 3128 1332 3176 Ut
1369 3128 1501 3193 leges

485 3206 803 3256 nihilominus
843 3206 1150 3271 promulgare
1170 3240 1186 3266 ,
1233 3223 1501 3273 eorumque

485 3284 880 3334 obnuntiatione·
933 3286 1130 3351 impune
1173 3297 1338 3351 posset
1375 3303 1501 3336 con-

487 3375 714 3414 temnere.
1219 3395 1232 3408 .

558 3452 608 3500 4.
642 3441 869 3490 sedentes
903 3443 1058 3494 vides.
1101 3441 1222 3494 Nou
1259 3444 1316 3494 in
1343 3445 1502 3494 tribu·

488 3521 618 3578 nali3
647 3537 762 3569 nam
787 3521 875 3586 qui
907 3523 1215 3587 magistratus
1243 3523 1501 3588 gerebant,

479 3599 666 3663 judicia
689 3614 792 3646 non
815 3610 1047 3664 poterant
1071 3617 1318 3662 exercere,
1343 3602 1430 3650 sed
1447 3602 1500 3650 in

483 3689 676 3728 senatu.
725 3679 794 3728 m
837 3678 942 3728 duo
989 3691 1126 3728 erant
1167 3681 1412 3730 Domitius
1451 3691 1500 3728 et

485 3757 794 3818 Ancharius,
842 3760 930 3821 qui
977 3769 1234 3822 praeturam
1275 3759 1502 3810 obtinue-

485 3849 610 3888 rant.

555 3917 606 3964 5.
647 3916 962 3964 Consularem
993 3913 1356 3966 aueeon'eatem.
1387 3917 1501 3966 Ta·-

483 3996 581 4042 tius
598 3995 676 4041 ille
695 4005 771 4043 est
790 3997 848 4044 C.
865 3995 1105 4056 Fannius,
1121 4004 1178 4042 ut
1195 4011 1260 4043 ex
1277 3997 1502 4044 oratione

479 4089 574 4137 pro
599 4074 768 4121 Sextio
797 4072 968 4137 liquet.
995 4073 1128 4136 Quid
1154 4090 1273 4124 vero
1311 4075 1498 4142 signiti-

1588 3130 1746 3193 gnitn
1792 3139 1895 3176 erat
1945 3127 2213 3176 consularis
2270 3126 2387 3176 huic
2430 3127 2603 3190 iuveni

1586 3223 1829 3256 conensem
1846 3209 1940 3256 Jus
1962 3207 2127 3256 forsan
2159 3205 2370 3256 habebat
2402 3219 2603 3256 sentem

1590 3289 1707 3336 tim
1746 3277 1935 3336 serendi
1959 3301 2073 3334 cum
2092 3287 2207 3334 viria
2231 3283 2606 3336 consularibus?

1588 3368 1669 3417 vel
1690 3369 1909 3432 quedam
1932 3370 1980 3416 ei
2004 3369 2257 3418 commissa
2281 3368 2475 3418 fuerant
2498 3384 2603 3416 mu-

1588 3447 1669 3496 m'a
1684 3480 1699 3506 ,
1736 3463 1846 3510 φη
1870 3447 1968 3498 soli
2000 3447 2226 3496 eonsules
2252 3462 2476 3496 exemi-e
2506 3461 2599 3511 po·

1586 3527 1780 3575 terant?

1656 3607 1707 3654 6.
1730 3603 2060 3670 Aususserre.
2084 3608 2235 3670 Lege·
2258 3605 2455 3671 quidem
2480 3619 2602 3670 pro·

1586 3696 1885 3749 posuer-unq
1924 3685 2013 3734 sed
2047 3686 2321 3736 renuntiata
2362 3685 2601 3749 auspicio-

1584 3779 1695 3812 rum
1722 3760 1958 3828 religione
1975 3799 1990 3825 ,
2026 3781 2131 3814 non
2157 3765 2498 3814 recitaverunt.

1659 3857 1709 3902 7.
1728 3845 1836 3890 Lex
1856 3843 1995 3892 AElia
2020 3855 2071 3892 et
2101 3844 2259 3912 Fufia.
2285 3845 2419 3906 Quas
2435 3851 2601 3907 postea

1586 3921 1754 3969 infami
1778 3923 2031 3986 rogatione
2058 3938 2148 3972 sua
2172 3921 2378 3972 Clodiu·
2404 3937 2432 3970 e
2457 3935 2601 3984 repu-

1588 3997 1713 4048 blica
1738 3999 1949 4050 sustulit.

1660 4079 1711 4128 8.
1743 4075 2248 4142 Tdbmaitiosfumres.
2265 4077 2433 4140 Quum
2451 4087 2601 4138 σωμ-
