2996 4694
441 405 577 476 312

1068 410 1165 476 M.
1210 409 1288 474 T.
1344 367 1932 476 ‘CICERONIS

440 527 693 600 eadem
736 531 813 597 in
868 528 1145 625 populo
1188 527 1469 625 aliqum
1521 542 1886 623 tamquam
1931 529 2010 596 in
2065 525 2331 613 fund0‚
2366 553 2560 600 rese-

440 639 701 726 disset3
730 653 813 710 ut
840 652 995 710 tum
1029 639 1183 735 lege
1210 637 1461 710 eadem
1481 647 1515 694 9
1548 641 1608 708 is
1635 637 1949 735 populus
1979 653 2380 726 teneretur-3
2409 663 2564 708 non

437 763 521 820 ut
570 749 661 820 de
706 763 955 820 nostro
988 748 1151 843 jure
1210 746 1484 845 aliquid
1531 745 2158 834 diminuereturw,
2191 746 2314 818 sed
2351 761 2431 817 ut
2461 746 2564 816 illi

438 861 695 958 populi
734 874 857 930 aut
894 859 1057 954 jure
1084 885 1173 930 eo
1197 913 1216 944 ‚
1261 857 1459 955 quod
1503 883 1543 928 a
1581 855 1794 929 nohis
1829 871 2014 928 esset
2053 859 2562 959 constitutum,

436 985 563 1040 aut
602 969 846 1066 aliquo
900 968 1289 1040 commodo
1342 982 1467 1039 aut
1507 964 1870 1054 beneficio⁸
1896 979 2379 1039 mercatui-¹¹.
2417 973 2562 1038 Tu-

436 1079 521 1150 lit
582 1080 777 1177 apud
834 1080 1142 1175 majores
1192 1093 1481 1151 nostros
1529 1078 1758 1176 legem
1809 1083 1888 1151 C.
1926 1081 2180 1148 Furius
2217 1077 2308 1148 de
2353 1093 2564 1148 testa-

438 1196 731 1279 mentis;
760 1194 926 1264 tulit
957 1197 1047 1283 Q.
1078 1195 1446 1264 Voconius
1474 1192 1565 1263 de
1591 1191 1974 1263 mulierum
2003 1191 2562 1280 hereditatibus3

436 1304 998 1377 innumerabiles
1032 1304 1181 1374 aliae
1218 1302 1409 1400 leges
1448 1301 1538 1372 de
1568 1303 1756 1397 civili
1778 1304 1944 1398 jure
1974 1318 2146 1373 sunt
2175 1302 2566 1398 latae(quas

436 1417 674 1486 Latini
712 1400 1138 1499 uoluerunt,
1188 1411 1643 1484 adsciverunt
1669 1413 1733 1506 );
1780 1415 1932 1510 ipsa
1977 1411 2296 1510 denique
2343 1411 2565 1494 sunia,

445 1550 593 1621 qua
628 1525 785 1620 lege
828 1525 1075 1594 civitas
1112 1538 1219 1594 est
1258 1524 1467 1594 sociis
1508 1537 1581 1594 et
1629 1524 1900 1595 Latinis
1946 1521 2148 1610 data,
2189 1523 2316 1619 qui
2358 1519 2567 1592 fundi

437 1633 693 1730 populi
734 1631 902 1703 facti
937 1657 1087 1703 non
1136 1648 1405 1716 essent,
1444 1634 1804 1703 civitatem
1853 1657 2004 1703 non
2053 1632 2430 1704 haberent.
2479 1637 2566 1702 In

438 1769 589 1840 quo
633 1744 1303 1840 magna-contentio
1343 1743 2000 1815 Heracleensium¹²
2047 1758 2119 1814 et
2155 1743 2565 1840 Neapolita-

508 1988 561 2033 9.
592 1973 655 2018 Ut
670 1982 769 2020 tmn
788 1972 893 2036 Iege
916 1972 1107 2020 eadem.
1134 1971 1458 2036 Pantagathus

437 2049 627 2098 delebat
665 2052 951 2117 particulam
1000 2063 1114 2099 cum.
1156 2079 1227 2088 —
1258 2053 1321 2098 Ue
1356 2062 1458 2098 tum

438 2131 544 2195 Iege
560 2131 729 2178 eadem
750 2133 788 2180 is
801 2133 1011 2196 populus
1028 2143 1279 2180 teneretur.
1309 2133 1458 2178 Tene·

434 2209 617 2258 bantur
644 2227 759 2274 ergo
782 2212 903 2259 socii
920 2247 935 2271 ,
959 2222 1010 2260 et
1032 2211 1252 2259 soederati
1278 2225 1334 2257 ea
1354 2209 1458 2272 lege

438 2289 614 2355 populi
658 2292 845 2338 romani
866 2324 881 2351 ,
930 2307 1073 2355 qnam
1123 2289 1460 2344 adsciverant,

436 2369 503 2418 ita
542 2382 599 2419 nt
630 2381 681 2419 et
715 2387 939 2418 accusare
978 2388 1041 2417 ex
1080 2387 1133 2417 ea
1168 2370 1272 2433 lege
1304 2370 1459 2415 civem

439 2464 725 2509 romanum,
768 2462 817 2497 et
848 2450 945 2515 ipsi
978 2464 1139 2495 coram
1178 2448 1459 2511 magistratu

438 2544 644 2576 romano
696 2544 885 2591 causam
930 2528 1091 2575 dicere
1138 2544 1199 2575 ex
1250 2544 1304 2575 ea
1352 2526 1459 2591 lege

438 2618 731 2655 tenerentur.
751 2606 1172 2669 Quemadmodum
1188 2607 1331 2654 docet
1350 2606 1460 2653 Gel-

434 2685 529 2733 lius
546 2686 600 2732 in
618 2686 706 2734 nb.
733 2686 856 2733 xv1
873 2720 887 2743 ‚
909 2665 1016 2749 casp.
1046 2688 1141 2741 13,
1167 2684 1227 2731 de
1246 2685 1456 2733 munici-

435 2762 580 2825 pibus
597 2764 840 2811 scribens:
860 2785 886 2804 α
898 2762 1060 2811 Nullis
1076 2763 1183 2809 aliis
1204 2763 1457 2813 necessita-

435 2842 565 2888 tibus
579 2878 593 2900 ‚
609 2858 766 2904 neque
785 2840 882 2889 ulla
899 2840 1073 2905 populi
1086 2840 1193 2903 lege
1212 2839 1457 2903 adstricti,

434 2922 487 2967 ni
526 2920 578 2968 in
624 2937 769 2985 quam
812 2920 1029 2985 populus
1067 2936 1237 2967 eornm
1278 2921 1459 2971 fundus

437 3002 592 3047 factus
612 3010 683 3047 est
701 3022 741 3047 ι».

513 3093 586 3126 ιο.
630 3079 743 3127 Non
772 3090 823 3126 ut
853 3078 915 3126 de
940 3089 1107 3127 nostro
1126 3078 1242 3143 jure
1268 3080 1463 3145 aliquid

435 3155 801 3209 diminueretur.
834 3159 895 3207 Id
932 3168 1029 3218 est,
1066 3175 1167 3207 non
1205 3170 1261 3207 ut
1298 3160 1459 3209 minus

427 3236 551 3297 juris
585 3250 709 3286 esset
744 3239 931 3305 populo
966 3248 1199 3301 romano,
1236 3240 1275 3287 si
1312 3257 1459 3304 quem

436 3314 579 3364 vellet
592 3334 653 3364 ex
668 3333 727 3365 eo
744 3318 931 3381 populo
946 3352 960 3376 ,
980 3318 1067 3381 qui
1080 3317 1234 3381 legem
1248 3318 1459 3382 aliquam

433 3394 745 3453 adscivisset,
784 3397 980 3443 civitate
1024 3412 1223 3445 romana
1260 3396 1459 3445 donare.

437 3477 601 3539 Atque
622 3476 719 3525 hoc
746 3488 817 3523 est
844 3476 982 3539 quod
1004 3478 1072 3525 ait
1100 3477 1275 3527 Cicero
1300 3488 1413 3539 post
1436 3494 1450 3527 ε

436 3574 461 3593 u
480 3551 692 3600 Videbat
719 3554 849 3600 enim
873 3555 1090 3619 populos
1117 3556 1178 3603 de
1204 3570 1294 3601 suo
1316 3555 1456 3615 jure,

438 3646 541 3679 non
579 3630 640 3679 de
671 3644 841 3681 nostro
882 3634 1062 3683 fundos
1100 3632 1206 3681 fleri
1242 3633 1395 3681 solere
1416 3648 1454 3679 ⁸.

434 3714 467 3758 J
472 3727 527 3758 us
549 3713 886 3760 Romanorum
912 3724 1045 3773 erat,
1063 3724 1116 3761 ut
1144 3712 1338 3760 civitate
1366 3712 1457 3759 do-

436 3802 605 3839 narent
624 3807 768 3856 quem
790 3792 963 3840 vellent
981 3808 993 3841 :
1012 3794 1089 3853 jus
1112 3790 1457 3839 foederatorum

434 3880 481 3916 et
507 3870 773 3918 liberorum
798 3884 923 3929 erat,
947 3882 1001 3919 ut
1028 3870 1180 3933 legem
1206 3886 1456 3918 romanam

430 3948 753 3998 adsciscerent
769 3985 784 4009 ,
802 3966 945 4015 quam
965 3948 1142 3997 vellent
1156 3982 1170 4004 ‚
1188 3958 1236 3995 et
1256 3964 1349 4013 pro
1371 3967 1455 3997 sua

430 4039 692 4077 uterentur.
736 4032 793 4077 In
834 4029 957 4077 illud
994 4029 1073 4087 jus
1116 4028 1449 4077 Romanorum

427 4106 547 4157 nihii
567 4109 688 4170 juris
709 4120 807 4158 erat
832 4108 1098 4173 foederatis,
1127 4108 1187 4158 de
1210 4125 1298 4159 suo
1314 4112 1448 4175 jure,

1549 1971 1648 2019 hoc
1663 1984 1760 2031 est,
1780 1971 1843 2020 de
1869 1973 1956 2020 illo
1971 2007 1986 2031 ,
2014 1971 2151 2035 quod
2179 1970 2357 2019 vellent
2373 1987 2437 2018 ex
2451 1968 2570 2034 legi-

1551 2049 1642 2099 bus
1685 2053 1896 2098 romanis
1937 2067 2026 2100 suo
2064 2049 2275 2098 adscribi
2291 2083 2306 2107 ‚
2343 2057 2569 2114 poterant

1549 2147 1688 2194 agere
1710 2129 1952 2178 liberrime
1977 2145 1991 2179 :
2019 2140 2244 2194 poterant
2269 2129 2344 2176 illi
2369 2128 2462 2192 legi
2485 2138 2570 2172 aut

1552 2208 1691 2257 fundi
1723 2207 1855 2268 fieri,
1891 2219 1973 2257 aut
2004 2224 2106 2255 eam
2141 2223 2246 2254 non
2279 2205 2568 2265 adsciscere,

1547 2299 1699 2359 prout
1717 2289 1785 2336 eis
1803 2287 2056 2336 videbatur
2077 2303 2106 2335 e
2127 2302 2179 2335 re
2198 2303 2282 2336 sna
2303 2303 2424 2334 esse.

1626 2386 1647 2416 1
1662 2385 1705 2417 ι.
1733 2368 1831 2415 Sed
1851 2379 1904 2414 ut
1926 2367 2002 2415 illi
2019 2367 2211 2431 populi.
2234 2400 2246 2415 .
2268 2404 2280 2415 .
2311 2377 2398 2413 aut
2429 2366 2570 2413 bene-

1529 2445 1657 2515 ficio
1696 2457 1960 2496 uterentur.
2001 2446 2160 2495 Affert
2199 2447 2410 2495 rationes
2425 2480 2439 2503 ‚
2482 2461 2570 2492 cur

1547 2526 1718 2589 populi
1741 2525 1884 2573 fundi
1903 2522 2012 2573 fieri
2037 2524 2169 2573 soliti
2190 2526 2314 2587 sint,
2341 2536 2390 2572 et
2415 2523 2569 2589 legem

1547 2604 1754 2667 aliquam
1789 2620 1914 2668 pop.
1945 2619 2068 2653 rom.
2094 2604 2377 2657 adsciscere.
2411 2604 2568 2651 Prima

1546 2696 1620 2731 cst
1636 2720 1651 2746 ,
1679 2672 1732 2731 u't
1751 2684 1860 2744 jure
1886 2683 2018 2729 civili
2045 2682 2216 2747 populi
2249 2682 2435 2730 romani
2465 2692 2568 2729 ute-

1548 2774 1714 2811 rentur
1733 2776 1746 2811 :
1775 2772 1829 2809 nt
1850 2778 1999 2827 quum
2018 2761 2141 2809 socii
2166 2773 2214 2809 et
2231 2763 2390 2810 Latini
2416 2762 2569 2825 legem

1553 2843 1738 2889 Furiam
1791 2841 1852 2889 de
1900 2842 2196 2890 testamentis
2219 2874 2234 2901 ,
2287 2852 2372 2889 aut
2427 2840 2570 2887 aliam

1549 2921 1827 2985 quampiam
1854 2920 2182 2972 adsciverunt.
2216 2919 2436 2967 Secunda
2463 2929 2534 2966 est
2551 2953 2569 2978 ,

1549 3014 1605 3050 ut
1624 3001 1884 3049 commodo
1907 3000 2075 3064 aliquo
2099 3010 2182 3047 ant
2202 2996 2442 3049 beneficio
2460 3009 2569 3045 ute-

1548 3092 1738 3143 rentur,
1770 3092 1888 3146 puta
1916 3095 2066 3145 quum
2097 3078 2240 3127 iidem
2269 3078 2390 3126 socii
2414 3078 2568 3141 legem

1547 3162 1728 3209 Julian:
1746 3196 1762 3221 ‚
1797 3177 1894 3225 qua
1929 3160 2110 3208 Latinis
2151 3170 2202 3208 et
2227 3160 2374 3232 sociis
2399 3157 2570 3205 civitas

1550 3240 1658 3290 data
1677 3251 1773 3298 est,
1797 3239 2107 3287 adsciverunt
2128 3253 2142 3287 ι
2169 3237 2248 3291 vel
2265 3254 2415 3303 quum
2441 3238 2570 3300 leges

1547 3318 1731 3382 aliquas
1754 3318 2064 3366 adsciverunt
2079 3352 2093 3375 ,
2120 3317 2297 3381 quibus
2319 3318 2567 3381 praemium

1549 3397 1753 3445 dabatur
1803 3398 2070 3445 accusatori
2092 3432 2107 3455 ,
2163 3398 2250 3461 qui
2299 3408 2568 3445 senatorem

1548 3494 1800 3525 romanum
1825 3476 1928 3537 ejus
1954 3476 2168 3523 criminis
2196 3492 2332 3524 reum
2359 3477 2569 3541 peregis-

1547 3568 1638 3605 set.
1682 3554 1831 3617 Quod
1870 3554 2070 3618 quidem
2105 3556 2356 3619 ptaemium
2394 3556 2569 3619 saepius

1545 3634 1767 3687 additum
1791 3633 1937 3681 fuisse
1965 3633 2155 3698 legibus
2183 3633 2392 3681 romanis
2413 3667 2430 3693 ,
2455 3634 2566 3697 qui-

1546 3730 1754 3779 cumque
1802 3713 2107 3779 antiquitatis
2153 3729 2365 3761 romanae
2425 3714 2570 3777 periti

1547 3802 1660 3839 sunt
1688 3808 1792 3841 non
1816 3794 2061 3857 ignorant.

1622 3888 1702 3921 ια.
1727 3874 1788 3921 ln
1817 3889 1914 3937 quo
1938 3890 2120 3938 magna
2141 3870 2383 3921 contentio
2408 3872 2568 3919 Hem-

1544 3951 1803 3999 cIeemae'um
1820 3963 1870 4001 et
1881 3952 2316 4016 Neapolitanorum
2315 3947 2428 4015 fide
2437 3982 2452 4007 ‚
2473 3962 2568 3998 etc.

1549 4032 1716 4093 Quum
1741 4030 1820 4079 lex
1842 4033 1874 4079 J
1877 4031 1971 4079 ulia
1989 4032 2160 4079 Romae
2178 4030 2273 4077 lata
2295 4040 2444 4085 esset,
2469 4044 2568 4090 qua

1549 4110 1718 4161 civitas
1739 4111 1885 4164 sociis
1909 4110 1959 4161 in
1983 4109 2122 4159 Italia
2147 4120 2196 4157 et
2216 4107 2396 4156 Latinis
2419 4106 2570 4155 daba-
