2996 4694
745 422 1124 490 ORATIO
1178 423 1382 491 PRO
1433 424 1533 491 M.
1586 424 2186 495 MARCELLO.
2400 423 2536 497 565

403 565 559 612 esse
609 538 1010 612 videantur.
1075 542 1242 613 Noli
1317 543 1540 640 igitur
1600 547 1675 613 in
1752 545 2263 616 conservandis
2325 547 2541 619 bonis

401 652 654 721 viris¹⁰
695 648 1099 753 defatigari,
1145 677 1298 725 non
1335 653 1729 750 cupiditate
1759 658 2189 751 praesertim,
2228 672 2353 728 aut
2386 686 2545 755 pra-

396 764 620 831 vitate
657 760 895 859 aliqua
937 760 1188 861 lapsis,
1227 762 1355 834 sed
1403 766 1753 862 opinione
1787 764 2007 838 officii
2029 775 2119 853 ¹¹,
2158 769 2373 839 stulta
2400 769 2546 841 for-

401 885 627 961 tasse,
685 888 880 945 certe
945 898 1096 945 non
1156 873 1532 971 improba,
1590 891 1667 947 et
1728 878 1967 973 specie
2030 876 2343 974 quadam
2408 882 2543 951 rei-

401 980 728 1079 publicae.
766 987 932 1056 Non
983 984 1176 1055 enim
1231 998 1356 1055 tua
1411 984 1558 1057 ulla
1608 986 1823 1084 culpa
1876 1001 2020 1074 est,
2086 988 2144 1058 si
2191 1004 2260 1059 te
2318 989 2541 1087 aliqui

401 1092 801 1164 timuerunt
842 1122 860 1163 z
914 1108 1313 1192 contraque
1369 1120 1648 1167 summa
1710 1096 1899 1183 lauS‚
1954 1096 2155 1195 quod
2209 1097 2541 1198 plerique

399 1202 698 1272 minime
731 1203 1132 1277 timendum
1171 1202 1390 1276 fuisse
1429 1220 1839 1277 senserunt.

495 1315 650 1383 VII.
703 1316 920 1387 'Nunc
955 1339 1125 1387 vero
1167 1316 1428 1386 venio¹
1471 1314 1564 1387 ad
1600 1318 2085 1413 gravissimam
2121 1317 2489 1414 querelam
2512 1330 2537 1361 ²

399 1434 472 1492 et
501 1422 1018 1495 atrocissimam
1057 1426 1547 1522 suspicionem
1580 1440 1779 1498 tuam
1807 1481 1826 1514 ‚
1859 1450 2022 1525 quae
2056 1453 2208 1499 non
2248 1428 2541 1526 tibiipsi

399 1534 666 1629 magis,
710 1558 929 1633 quam
988 1560 1220 1634 quum
1269 1535 1613 1608 omnibus
1656 1537 1976 1626 civibuS,
2035 1551 2187 1635 tum
2232 1540 2543 1612 maxime

399 1640 644 1730 nobiS‚
699 1648 828 1741 qui
876 1670 920 1715 a
969 1660 1042 1716 te
1095 1648 1496 1717 conservati
1552 1671 1845 1735 sumuS,
1908 1646 2357 1745 providenda
2414 1664 2541 1719 est.

399 1752 636 1841 Quam
683 1756 816 1824 etsi
862 1778 1075 1853 spero
1123 1780 1276 1826 esse
1313 1754 1559 1827 falsam
1582 1812 1601 1843 ‚
1657 1782 2059 1854 numquam
2100 1774 2340 1830 tamen
2392 1786 2544 1831 ver-

397 1859 512 1932 bis
553 1862 988 1936 extenuabo.
1033 1870 1184 1935 Tua
1231 1868 1422 1935 enim
1473 1868 1715 1937 cautio
1756 1882 2001 1937 nostra
2052 1866 2343 1939 cautio&
2382 1886 2489 1940 est
2524 1900 2541 1940 :

291 2016 298 2024 -
397 1984 517 2061 ut,
551 1974 713 2043 siin
753 1973 1104 2045 alterutro
1133 1972 1583 2072 peccandum
1622 1978 1752 2060 sit,
1790 1975 2032 2046 malim
2062 1975 2291 2047 videri
2322 1979 2538 2049 nimis

399 2082 737 2171 timiduS,
781 2108 1000 2181 quam
1031 2108 1283 2183 parum
1325 2083 1670 2183 prudens.
1714 2085 1851 2157 Sed
1888 2088 2221 2182 quisnam
2268 2102 2377 2158 est
2402 2091 2534 2158 iste

399 2207 550 2265 tam
571 2191 917 2266 demens?
943 2199 1051 2266 De
1082 2196 1318 2267 tuisne
1337 2194 1414 2265 4?
1440 2197 1725 2267 tametsi
1753 2198 1883 2293 qui
1908 2198 2137 2293 magis
2164 2194 2379 2267 sunt⁵
2408 2201 2537 2284 tui,

395 2401 504 2464 iure
545 2400 778 2466 mancipii
819 2402 1153 2466 possidemus,
1193 2403 1320 2451 adeo
1364 2413 1422 2450 ut

399 2480 545 2528 nobis
569 2481 734 2530 invitis
757 2481 880 2546 eripi
900 2499 1003 2530 non
1027 2483 1239 2549 possint.

1509 2415 1697 2468 partem
1748 2413 1879 2452 totus
1917 2403 2159 2452 incumbit
2196 2414 2364 2453 orator
2377 2438 2392 2463 ,
2429 2405 2535 2454 haec

1511 2493 1613 2530 tota
1639 2482 1931 2546 eloquentia!
1958 2483 2005 2530 vi
2032 2483 2181 2546 agitat
2212 2496 2262 2532 et
2288 2485 2533 2547 persequi-

475 2575 552 2607 10.
597 2563 658 2607 In
700 2561 1040 2610 conservandis
1092 2561 1233 2610 bonis
1275 2559 1417 2610 viris.

397 2641 547 2690 Erant
583 2641 714 2688 euim
761 2657 868 2690 nou
912 2644 1088 2705 pauci,
1131 2641 1194 2689 tle
1237 2642 1418 2707 quihus

398 2720 557 2768 Cesar
598 2721 822 2769 nondum
865 2731 1112 2770 statuerat.
1157 2721 1284 2770 Vide
1326 2736 1419 2786 pro

397 2799 557 2865 Ligur.
589 2817 646 2847 12
669 2836 683 2857 ,
719 2812 768 2850 et
795 2804 999 2850 sueton.
1023 2802 1107 2862 75.

475 2893 498 2926 ι
513 2895 556 2929 x.
599 2879 840 2944 Opinione
871 2879 1041 2948 officii.
1081 2879 1231 2942 Quod
1267 2879 1422 2926 hone-

397 2967 526 3010 §tum
567 2958 892 3009 arbitrabatur
912 2995 927 3020 ,
969 2969 1020 3007 et
1062 2958 1184 3006 boui
1234 2957 1426 3023 publici

395 3036 565 3101 gratia.
635 3029 640 3034 ’

467 3119 588 3164 vn.
631 3133 676 3165 1.
719 3117 860 3166 Nunc
901 3116 1067 3166 venio.
1107 3117 1288 3164 Orator
1317 3115 1416 3174 jam

396 3195 596 3245 alteram
637 3199 874 3246 orationis
913 3209 1102 3262 partem
1123 3229 1142 3256 ,
1177 3210 1267 3242 nec
1311 3209 1417 3242 eam

396 3275 586 3322 minimi
603 3278 836 3324 momenti
861 3275 1154 3340 aggreditur.
1181 3273 1417 3322 Caesarcm

399 3356 468 3402 ita
500 3365 668 3403 monet
683 3389 699 3413 ,
737 3367 796 3404 nt
820 3356 934 3402 vitae
961 3371 1060 3403 suae
1090 3353 1338 3411 consulat,
1363 3360 1418 3400 ut

397 3433 542 3482 etiam
571 3433 822 3498 quomodo
849 3435 930 3482 illa
965 3437 1030 3482 sit
1061 3433 1298 3483 utendum
1333 3431 1418 3479 ‹le-

397 3513 880 3562 monstret..1’atriae
923 3513 1108 3561 arbitro
1151 3509 1418 3577 reparanda

395 3591 514 3640 belli
558 3591 761 3640 vulnera
782 3629 797 3652 ,
855 3592 1150 3641 restituenda
1201 3590 1384 3652 judicia
1403 3623 1418 3648 ,

395 3670 672 3719 revocanda
697 3669 852 3728 fides,
886 3668 1163 3734 castiganda
1197 3669 1420 3725 licentia,

397 3765 507 3813 quae
553 3749 772 3812 undique
803 3748 1024 3796 invaluit.
1055 3751 1175 3798 Non
1207 3751 1278 3798 illi
1305 3747 1422 3796 satis

396 3838 470 3876 est
509 3829 724 3875 infensos
761 3827 852 3875 sibi
893 3827 1095 3887 vicisse3
1137 3831 1290 3890 majus
1310 3827 1412 3880 ,nli-

396 3906 517 3970 quid
558 3916 608 3954 et
649 3906 861 3955 nobilius
909 3921 1038 3970 opus
1079 3918 1324 3970 superest,
1355 3915 1412 3953 ut

397 4001 566 4050 pacem
590 3995 642 4032 et
671 3987 850 4046 iustam
888 3984 1170 4048 reipublicae
1209 3985 1412 4032 formam

397 4065 666 4114 constituat
685 4099 699 4122 ,
717 4075 774 4112 ut
802 4063 1022 4128 placidos
1053 4075 1102 4113 et
1129 4063 1416 4129 tranquillos

401 4143 504 4196 dies
539 4153 612 4192 tot
655 4143 873 4192 victoriis
913 4143 1152 4207 imponat.
1195 4147 1253 4192 Iu
1287 4144 1415 4192 haue

1510 2571 1607 2610 tur.
1633 2564 1759 2625 Quae
1784 2562 1825 2608 si
1852 2563 1963 2625 quis
1991 2571 2174 2610 attente
2197 2562 2534 2628 perpenderit,

1509 2639 1551 2688 is
1600 2653 1761 2700 certe,
1801 2641 2028 2706 Labarpe
2071 2652 2275 2711 auctore
2295 2673 2310 2698 ‚
2368 2641 2501 2690 dicet
2522 2655 2535 2690 :

1525 2741 1547 2762 ι
1566 2719 1755 2768 Siccine
1794 2719 2015 2785 loquitur
2050 2719 2277 2770 adulator
2317 2731 2401 2768 aut
2437 2737 2536 2768 ser·

1514 2795 1643 2848 vus?
1686 2802 1843 2847 Immo
1876 2789 2033 2847 {irum
2070 2799 2323 2848 audiamus
2366 2801 2535 2866 patriae

1514 2879 1778 2928 utilitatum
1808 2879 2079 2927 studiosum
2097 2915 2112 2937 ,
2130 2891 2188 2928 ut
2209 2880 2410 2928 Cossi-is
2435 2879 2531 2925 vir-

1515 2957 1703 3005 tutibus
1721 2990 1737 3015 ,
1770 2957 1837 3004 ita
1873 2956 2159 3022 reipublic-‘n
2180 2959 2333 3020 justas
2364 2957 2533 3006 laudes

1516 3035 1838 3095 tribuentem3
1866 3037 1953 3098 qui
1981 3036 2095 3082 dum
2126 3048 2337 3100 tyranno
2362 3046 2537 3100 poten-

1507 3116 1587 3161 tiae
1612 3127 1753 3161 usum
1784 3114 2080 3176 gratulatur,
2105 3114 2327 3162 eumdem
2362 3115 2533 3162 admo-

1507 3203 1590 3241 uet
1606 3191 1733 3239 banc
1754 3206 1857 3238 esse
1878 3190 2069 3254 legibus
2086 3193 2469 3240 submittendum
2484 3215 2529 3242 ιι.

1577 3287 1627 3329 a.
1655 3269 1929 3334 Quor-elam.
1953 3271 2272 3332 Quen-elatum
2298 3288 2490 3321 causam
2512 3307 2527 3332 ,

1506 3361 1556 3400 et
1574 3349 1881 3414 suspicionis,
1901 3365 2047 3414 quam
2073 3352 2413 3416 provisurum,
2430 3353 2535 3400 sive

1508 3430 1588 3478 cui
1608 3443 1923 3477 occursurum
1940 3429 2153 3494 spondet
2174 3447 2225 3478 se
2244 3443 2428 3480 orator.

1581 3511 1633 3558 3.
1672 3511 1859 3558 Nostra
1902 3509 2067 3558 cautio
2111 3522 2199 3560 est.
2241 3509 2538 3559 Offendebat

1510 3593 1743 3637 Faernum
1780 3590 2011 3654 repetitio
2048 3589 2266 3651 ejusdem
2301 3589 2557 3648 vocabulix

1510 3667 1674 3718 cautio
1695 3686 1715 3724 ‚·
1739 3668 1890 3719 babet
1913 3679 2073 3718 nutem
2098 3669 2353 3734 emphasin
2372 3681 2421 3716 et
2442 3669 2539 3716 ele-

1512 3748 1723 3812 gantiam
1763 3749 1957 3798 iteratio
1998 3749 2105 3797 haec
2126 3785 2140 3806 ,
2176 3765 2321 3812 quam
2366 3759 2535 3796 orator

1498 3828 1643 3894 ponit
1654 3828 1706 3874 in
1721 3829 1957 3878 orationis
1975 3827 2259 3877 luminibus.
2274 3830 2411 3876 Orat.
2438 3829 2503 3890 39
2518 3851 2537 3896 ς

1502 3909 1677 3956 Partit.
1705 3919 1827 3957 ont.
1858 3909 1939 3966 15,
1969 3918 2019 3955 et
2040 3909 2249 3971 Quintil.
2275 3909 2328 3964 1,
2351 3923 2414 3967 9,
2442 3908 2491 3955 ³.

1579 3995 1629 4043 4.
1654 3989 1726 4034 De
1746 3986 1942 4036 tuisne?
1962 3987 2076 4033 Tibi
2098 3985 2315 4048 suspicio
2342 3997 2431 4032 est.

1580 4067 1629 4113 5.
1653 4067 1777 4112 Sunt
1800 4065 1889 4112 mi.
1913 4065 2031 4112 Non
2055 4075 2127 4110 est
2159 4061 2393 4110 credibile
2417 4062 2535 4110 insi-

1507 4144 1743 4193 diatorem
1771 4143 2061 4192 exstiturum
2090 4142 2217 4190 inter
2250 4157 2337 4188 eos
2370 4141 2457 4206 qui
2484 4141 2541 4191 in
