2996 4694
375 405 802 424 §Smmmm
816 405 1169 424 mm
1178 401 1728 428 tssssussmmsswm
2157 411 2524 432 mmssum

2443 449 2450 458 ι

885 613 1998 730 ARGUMENTUM.

276 861 279 865 ·
380 839 525 889 Ann.
556 835 630 891 U.
667 835 728 893 C.
762 830 908 904 703,
957 833 1019 890 C.
1060 831 1370 890 Considius
1411 837 1646 910 Longus
1681 853 1756 890 ex
1791 833 1918 912 lege
1950 835 2226 913 Pompeia
2265 847 2324 893 et
2355 855 2525 895 sena-

460 929 817 986 tusconsulto
847 927 1109 986 Africam
1142 927 1506 1006 provinciam
1551 947 1662 1008 pro
1691 942 1942 1005 praetore
1979 928 2264 1002 obtinuit,
2299 951 2371 989 ex
2412 953 2528 1012 qua

458 1045 637 1102 quum
665 1023 1005 1096 decederet,
1054 1027 1125 1096 Q.
1158 1025 1455 1104 Ligarium
1492 1026 1745 1102 legatum
1776 1045 1944 1083 suum
1967 1026 2021 1083 ei
2053 1027 2330 1106 praefecit.
2355 1035 2530 1088 Anno

456 1135 731 1200 sequente
772 1141 955 1200 quum
999 1119 1196 1179 subito
1240 1119 1459 1180 bellum
1513 1121 1683 1180 civile
1735 1121 1888 1179 inter
1928 1126 2212 1182 Caesarem
2256 1138 2315 1182 et
2355 1130 2530 1186 Pom-

460 1219 655 1297 peium
688 1220 1017 1292 exarsisset,
1058 1219 1320 1300 Ligarius
1354 1217 1597 1278 domum
1631 1233 1933 1299 spectanS,
1962 1233 2021 1278 et
2061 1219 2136 1278 ad
2173 1243 2309 1282 suos
2343 1223 2536 1283 redire

461 1317 733 1396 cupiens,
781 1318 887 1375 etsi
918 1337 1051 1375 eum
1093 1317 1251 1374 cives
1297 1329 1356 1374 et
1408 1317 1623 1395 reliqui
1667 1316 2084 1396 provinciales,
2133 1319 2234 1398 qui
2269 1324 2535 1402 Pompeii

460 1413 723 1491 partibus
762 1412 1073 1485 favebant,
1122 1413 1331 1471 ducem
1362 1413 1582 1472 habere
1625 1412 1934 1486 volebant,
1978 1415 2140 1474 nullo
2185 1437 2246 1475 se
2293 1419 2532 1496 negotio

460 1511 744 1588 implicari
774 1531 977 1590 passus
1010 1525 1109 1569 est.
1144 1511 1387 1568 Interim
1416 1511 1602 1570 Attius
1636 1515 1820 1570 Varus
1840 1555 1857 1584 ,
1902 1513 2005 1589 qui
2039 1526 2258 1590 praetor
2292 1535 2430 1572 ann.
2457 1519 2529 1576 U.

464 1629 577 1682 702
616 1611 871 1667 Africam
905 1607 1273 1678 obtinuerat,
1308 1609 1536 1667 Uticam
1573 1609 1767 1682 venit;
1813 1609 1863 1666 is
1905 1608 2161 1669 delatum
2202 1611 2276 1669 ad
2320 1633 2383 1670 se
2418 1611 2535 1671 im-

461 1708 689 1785 perium
721 1705 932 1786 cupide
962 1707 1228 1785 arripuit.
1273 1709 1417 1778 Quae
1463 1727 1645 1786 quum
1679 1720 1962 1784 geruntur
1997 1713 2062 1767 L.
2089 1708 2275 1769 AElius
2299 1709 2535 1769 Tubero

462 1825 534 1862 ex
584 1809 690 1863 SC.
730 1804 790 1861 in
846 1804 1207 1882 provinciam
1255 1803 1443 1871 venit,
1484 1825 1520 1861 a
1563 1809 1719 1862 Varo
1771 1804 1890 1882 jam
1935 1819 2302 1883 occupatam.
2353 1805 2533 1888 (caes.

466 1901 539 1959 de
564 1901 701 1958 Bell.
730 1901 855 1959 civ.
876 1897 981 1957 lib.
1008 1901 1035 1956 1
1057 1943 1073 1970 ,
1112 1919 1237 1978 cap.
1270 1901 1399 1977 30.)
1424 1901 1709 1978 Exclusus
1734 1901 1913 1978 igitur
1937 1922 2052 1959 una
2077 1923 2207 1961 cum
2237 1905 2357 1963 filio
2377 1912 2449 1980 Q.
2478 1927 2540 1965 se

464 1999 521 2056 in
548 1995 951 2056 Macedoniam
992 1995 1067 2054 ad
1092 1978 1444 2074 ‘Pompeium
1485 1998 1748 2059 contulit.
1785 1997 2050 2076 Ligarius
2079 1997 2140 2056 in
2168 1999 2368 2058 Africa
2399 2021 2540 2082 per--

466 2093 709 2165 mansit3
740 2091 1109 2170 Pompeianis
1139 2104 1331 2149 autem
1364 2093 1425 2150 in
1456 2092 1646 2150 Africa
1674 2091 1943 2166 devictis,
1972 2113 2155 2170 quum
2179 2097 2388 2170 Caesar,
2417 2097 2537 2156 ira-

469 2191 583 2248 tior
601 2191 699 2260 iis,
717 2191 820 2268 qui
845 2188 1065 2248 bellum
1087 2185 1231 2247 illud
1255 2188 1608 2267 pertinacius
1628 2189 2033 2248 continuassen
2043 2203 2081 2262 t,
2103 2191 2283 2249 vitam
2310 2205 2502 2252 tamen
2519 2238 2537 2267 ,

467 2286 788 2346 Adrumeto
818 2299 1022 2365 capt0,
1048 2285 1285 2363 Ligario
1329 2286 1708 2344 concessisset
1735 2285 1842 2367 (de
1877 2287 2039 2344 Bello
2073 2289 2199 2346 Afr.
2229 2308 2355 2371 cap.
2385 2289 2464 2368 89
2483 2297 2535 2369 ),

470 2385 632 2444 exsul
663 2384 747 2443 ibi
774 2382 949 2453 vixit,
975 2402 1083 2441 nec
1111 2402 1284 2440 ausus
1314 2394 1401 2439 est
1430 2381 1489 2439 in
1514 2382 1738 2439 Italiam
1762 2382 1971 2440 redire.
1990 2389 2253 2445 Attamen
2277 2406 2388 2464 pro
2413 2388 2536 2467 ejus

469 2484 653 2540 salute
697 2480 905 2539 fratres
943 2493 1002 2537 et
1031 2479 1351 2559 propinqui
1390 2479 1603 2538 Caesari
1638 2480 1968 2558 supplicare
2008 2500 2128 2538 non
2164 2480 2535 2542 desistebant.

466 2585 729 2639 Exeunte
749 2592 941 2637 autem
963 2583 1186 2638 ann.U.·
1213 2598 1353 2651 707,
1378 2584 1450 2653 Q.
1470 2579 1657 2637 AElius
1680 2572 1945 2650 Tuber0‚
1972 2580 2213 2638 Caesaris
2232 2580 2538 2640 clementia

469 2696 587 2735 una
631 2696 761 2734 cum
807 2688 973 2753 patre
1016 2676 1340 2746 restitutus,
1380 2675 1676 2754 Ligarium
1720 2673 2015 2733 absentem
2053 2675 2210 2754 apud
2254 2679 2540 2737 Caesarem

470 2772 763 2830 accusavit
781 2814 797 2842 ,
834 2768 994 2846 quod
1022 2770 1081 2827 in
1108 2770 1299 2827 Africa
1327 2770 1545 2831 fuisset.
1575 2774 1725 2829 Eum
1758 2770 1868 2829 hac
1897 2771 2162 2829 oratione
2187 2770 2247 2830 in
2273 2774 2403 2831 foro
2426 2772 2537 2832 ha·-

470 2869 594 2928 bita
618 2870 825 2929 Cicero
856 2866 1132 2925 defendit.

470 3028 481 3041 '
550 3023 619 3081 In
660 3017 915 3080 ‚exordio
972 3016 1189 3096 fatetur
1228 3018 1526 3095 Ligarium
1566 3017 1706 3075 beni
1745 3018 1902 3075 illius
1937 3032 2198 3096 tempore
2239 3020 2300 3079 in
2339 3022 2536 3079 Africa

472 3116 675 3187 fuisse,
704 3114 805 3177 sed
831 3116 881 3175 si
908 3115 1023 3173 hoc
1050 3112 1327 3171 delictum
1365 3114 1443 3173 sit
1470 3113 1532 3171 id
1573 3132 1696 3172 esse
1721 3114 1776 3171 ei
1806 3132 1938 3171 cum
1961 3114 2276 3173 Tuberone
2297 3120 2538 3196 ejusque

474 3227 634 3288 patre
682 3232 1006 3271 commune.
1055 3216 1189 3270 Duo
1233 3224 1427 3269 autem
1476 3222 1744 3288 tempora
1791 3230 1992 3269 carere
2021 3198 2310 3286 crimine,
2359 3236 2542 3275 unum

474 3328 655 3387 quum
676 3310 753 3369 sit
771 3309 993 3388 legatus
1014 3310 1079 3367 in
1101 3309 1361 3367 Africam
1384 3309 1706 3387 profectus,
1725 3306 1969 3365 alterum
1993 3328 2176 3386 quum
2197 3294 2543 3390 efflagitatus
2567 3312 2580 3328 “

474 3426 507 3465 a
524 3406 824 3485 provincia
850 3406 1201 3484 praepositus
1224 3407 1301 3464 sit
1328 3407 1574 3479 Afrieae3
1606 3406 1846 3464 tertium
1871 3417 2064 3464 autem
2081 3449 2098 3478 ,
2127 3426 2250 3485 quo
2271 3422 2410 3488 post
2433 3411 2542 3469 ad-

474 3518 711 3565 ventum
748 3504 889 3565 Vari
920 3504 983 3561 in
1021 3503 1221 3563 Africa
1260 3504 1570 3574 restiterit,
1611 3503 1966 3575 necessitatis
1999 3504 2216 3571 crimen
2257 3524 2384 3565 esse
2421 3528 2542 3565 non

474 3600 824 3671 voluntatiS,
873 3618 999 3678 cap.
1032 3602 1151 3657 1-3.
1197 3604 1265 3657 In
1309 3619 1429 3676 quo
1469 3600 1674 3657 Cicero
1703 3619 1864 3658 suam
1901 3599 2084 3677 ipsius
2116 3614 2176 3657 et
2215 3602 2543 3661 Tuberonis

476 3698 757 3755 rationem
784 3716 915 3754 cum
944 3697 1159 3775 Ligarii
1187 3696 1524 3755 conditione
1551 3711 1879 3775 comparat3
1905 3695 2120 3775 quibus
2142 3718 2323 3775 quum
2349 3703 2542 3760 Caesar

475 3795 663 3854 multo
694 3792 943 3869 majores
982 3813 1183 3851 causas
1219 3793 1508 3852 irascendi
1535 3792 1808 3853 habuerit
1827 3836 1844 3864 ‚
1885 3806 1944 3851 et
1982 3808 2172 3853 tamen
2209 3796 2500 3873 ignoverit
2521 3840 2538 3866 ,

476 3893 687 3949 mirum
711 3910 834 3949 esse
858 3909 990 3947 eum
1012 3910 1051 3946 a
1070 3889 1381 3949 Tuberone
1411 3891 1672 3949 accusari
1691 3934 1706 3962 ‚
1734 3892 1836 3968 qui
1859 3892 2045 3949 multo
2071 3890 2370 3949 meliorem
2401 3913 2540 3951 cau-

476 4008 595 4047 sam
636 4007 809 4066 quam
855 4000 1160 4044 accusator
1200 3986 1445 4059 habeat,
1476 4006 1602 4065 cap.
1629 3996 1682 4055 4.
1723 3991 2012 4045 Praeterea
2057 4006 2238 4065 quum
2282 3988 2548 4065 Ligarius

477 4085 597 4164 jam
636 4086 693 4144 in
724 4083 928 4143 exsilio
960 4082 1067 4154 sit,
1106 4082 1257 4142 hanc
1286 4084 1710 4143 accusationem
1745 4104 1870 4142 eam
1902 4083 2016 4140 vim
2061 4082 2282 4141 habere
2321 4084 2506 4145 videri
2534 4132 2549 4160 ,

606 4188 688 4254 V.
739 4197 836 4247 cic.
850 4212 970 4265 pars
986 4194 1213 4248 secunda.
2276 4182 2364 4281 37
