2996 4694
503 370 636 445 116
1117 364 1212 437 M.
1261 370 1336 437 Τ.
1395 366 1989 437 CICERONIS

497 516 724 594 quum
755 490 878 562 ille
899 512 1154 561 omnes
1171 510 1396 586 prope
1425 487 1519 559 ab
1545 486 1787 559 inferis
1814 488 2223 561 evocasset⁶
2254 490 2583 562 Metellos
2600 544 2621 577 ‚

499 621 573 679 et
607 604 698 677 ad
723 602 910 673 illius
945 602 1264 699 generis,
1300 597 1505 696 quod
1536 597 1673 670 sibi
1708 622 1875 669 cum
1913 622 2002 669 eo
2039 624 2429 671 commune
2451 612 2477 655 ⁷
2518 626 2623 673 es·

499 731 630 803 set,
643 713 1085 811 dignitatem,
1107 710 1501 807 propinqui
1514 708 1623 779 sui
1641 723 1957 779 mentem
1978 732 2018 777 a
2033 708 2397 781 Clodianis
2412 710 2625 781 latro-

499 830 702 901 ciniis
731 821 1159 906 reflexisset3
1195 842 1571 915 quumque
1600 840 1767 889 eum
1798 816 1888 889 ad
1916 816 2291 891 domestici
2316 818 2627 917 exempli

503 934 920 1008 memoriam
940 984 960 1019 ‚
1001 943 1074 999 et
1117 926 1208 999 ad
1239 926 1605 999 Numidici
1648 926 1835 997 iilius
1872 926 2145 998 Metelli
2181 922 2473 999 casum⁸
2509 927 2624 1000 vel

502 1046 894 1145 gloriosum
917 1094 936 1129 ,
960 1036 1074 1110 vel
1103 1060 1394 1133 gravem
1424 1036 1931 1125 convertisset3
1966 1037 2497 1135 collacrymavit
2521 1038 2629 1108 vir

505 1156 878 1253 egregium
931 1173 1012 1220 ac
1060 1170 1224 1218 vere
1269 1145 1641 1233 Metellus,
1682 1160 2063 1247 totumque
2110 1171 2185 1219 se
2225 1152 2299 1218 P.
2334 1148 2629 1221 Servilio

505 1264 771 1337 dicenti
806 1260 1019 1332 etiam
1057 1271 1212 1329 tum
1258 1255 1591 1344 tradidit3
1634 1280 1771 1327 nee
1812 1254 2023 1328 illam‘
2052 1257 2361 1328 divinam
2398 1260 2621 1357 gravi-

506 1388 764 1459 tatem,
803 1368 1088 1466 plenam
1139 1365 1685 1461 antiquitatism,
1722 1363 1993 1438 diutius
2036 1366 2261 1438 homo
2304 1366 2630 1464 ejusdem

505 1479 869 1578 sanguinis
895 1475 1134 1574 potuit
1157 1479 1511 1547 sustinere
1531 1528 1552 1563 ‚
1580 1490 1655 1547 et
1680 1498 1969 1547 mecum
1996 1476 2253 1550 absens
2277 1476 2633 1549 beneficio

501 1590 715 1665 rediit
746 1591 826 1659 in
867 1586 1187 1682 gratiam.
1235 1583 1453 1674 Quod
1491 1599 1723 1673 certe,
1768 1590 1829 1655 si
1864 1601 1973 1657 est
2003 1588 2225 1685 aliqui
2262 1612 2514 1659 sensus
2558 1590 2635 1657 in

508 1714 742 1774 morte
767 1696 1270 1796 praeclarorum
1307 1696 1627 1765 virorum
1644 1748 1663 1783 ,
1689 1720 1919 1793 quum
1946 1697 2286 1767 omnibus
2311 1697 2637 1783 Metellis,

508 1829 664 1885 tum
699 1831 871 1879 vero
912 1805 1042 1877 uni
1073 1806 1230 1876 viro
1271 1803 1658 1876 fortissimo
1682 1858 1701 1891 ‚
1741 1820 1815 1877 et
1847 1808 2425 1903 praestantissimo
2464 1810 2639 1891 civi..

507 1919 986 2021 gratissimum
1009 1970 1034 2003 ,
1073 1912 1271 1987 fratri
1305 1926 1546 2000 suo¹¹‚
1581 1912 1787 1998 fecit,
1822 1915 2019 1987 socio
2054 1913 2382 1988 laborum
2403 1970 2422 2003 ‚
2464 1918 2641 2015 peri·

509 2029 877 2111 culorum,
925 2022 1389 2095 consiliorum
1427 2043 1780 2095 meorum.

539 2182 546 2189 ·
607 2140 858 2209 LXIII.
879 2133 1178 2205 Reditus
1206 2157 1379 2203 vero
1425 2158 1631 2203 meus
1674 2134 1802 2231 qui
1840 2132 2092 2222 fuerit,
2122 2137 2285 2232 quis
2320 2136 2642 2232 ignorat?

515 2241 1129 2350 quemadmodum
1149 2242 1328 2313 mihi
1353 2241 1763 2313 advenienti
1781 2256 2147 2340 tamquam
2176 2246 2401 2315 totius
2425 2234 2642 2315 Italiae

515 2377 733 2460 atque
753 2359 977 2457 ipsius
1003 2357 1249 2453 patriae
1277 2353 1643 2425 dexteram
1675 2355 2127 2450 porrexerint
2150 2364 2173 2398 ¹
2203 2356 2645 2441 Brundisini3

517 2493 742 2568 quum
797 2467 966 2562 ipsis
1007 2464 1218 2534 nonis
1252 2477 1430 2533 sext.
1482 2461 1677 2533 idem
1712 2462 1863 2533 dies
1904 2461 2253 2536 adventus
2294 2469 2437 2537 mei
2468 2464 2643 2536 fuis·

517 2591 667 2652 set²
695 2573 1148 2667 reditusque,
1183 2571 1433 2641 natalis
1465 2571 1657 2642 idem
1684 2575 2060 2644 carissimae
2082 2571 2241 2645 ffliae
2259 2629 2279 2663 ‚
2308 2600 2525 2671 quam
2554 2601 2643 2647 ex

518 2685 932 2786 gravissimo
951 2694 1108 2750 tum
1135 2684 1450 2778 primurn
1471 2677 1500 2724 ³
1522 2680 1879 2754 desiderio
1899 2683 2250 2781 luctuque
2268 2689 2642 2785 conspexi,

585 2909 640 2955 6.
659 2903 736 2954 Ab
754 2899 921 2966 infla-is
933 2911 1194 2950 evocasset.
1215 2903 1321 2949 Hae
1341 2900 1539 2950 dicendi

1624 2902 1833 2952 floreret.
1880 2906 2074 2952 Emtae
2120 2893 2317 2953 'videtur
2362 2905 2611 2954 Manutius
2630 2943 2646 2969 ,

520 2988 691 3052 figura,
699 2998 809 3048 quae
817 2980 1160 3046 pmsopopoeia
1171 2979 1364 3039 dicitur,
1373 2997 1541 3030 omne·

1627 2997 1778 3046 quum
1810 2981 2039 3047 intelligit
2080 2983 2187 3031 haee
2226 2985 2372 3032 verba
2410 2985 2615 3049 proferri
2632 3023 2651 3048 ,

521 3064 706 3117 Metelli
739 3076 858 3110 avos
885 3059 1033 3108 verb·
1075 3058 1137 3106 nd
1167 3075 1277 3107 enm
1311 3059 1542 3116 fidentes

521 3145 742 3203 induxit,
762 3143 1107 3202 hortantesque
1121 3153 1184 3186 ne
1201 3154 1379 3188 nomen
1398 3155 1540 3188 suum

522 3225 728 3291 quadam
746 3237 860 3271 cnm
878 3217 1056 3270 Clodio
1077 3215 1312 3268 affinitate
1333 3235 1544 3281 pomme-

525 3305 724 3354 culm-et.

600 3399 648 3445 7.
673 3381 790 3430 Cum
810 3393 868 3427 eo
881 3392 1152 3426 commune.
1171 3377 1298 3439 Quia
1319 3375 1547 3425 Metellus

527 3472 576 3510 et
621 3458 852 3506 Servilius
892 3472 919 3503 a
967 3453 1170 3503 Metello
1223 3453 1547 3504 Macedonieo

527 3539 764 3603 originem
787 3533 1058 3583 trahebant.

599 3619 648 3665 8.
695 3615 759 3662 Ee
795 3613 867 3660 ad
905 3611 1152 3660 Numidici
1195 3611 1324 3659 illius
1366 3613 1552 3661 Metelli

530 3711 712 3746 casum.
742 3691 824 3742 Al.
857 3713 882 3733 ι
905 3701 954 3738 et
980 3689 1044 3738 ad
1067 3705 1220 3737 unum
1248 3689 1380 3738 dicto
1407 3691 1551 3739 citius

533 3771 718 3826 Metelli
740 3785 904 3820 casnm
923 3790 968 3818 -.
997 3771 1046 3818 J.
1065 3769 1127 3814 V.
1157 3771 1211 3815 1..

599 3871 653 3918 9.
688 3849 774 3899 Vir
808 3847 1050 3914 egregius.
1077 3846 1158 3895 Al.
1183 3855 1278 3894 -nt
1309 3846 1384 3894 vir
1409 3861 1546 3910 egi-e-

531 3936 640 3998 gias
661 3955 708 3982 ι.
735 3929 870 3976 LV.
893 3929 950 3976 1..

607 4029 684 4062 to.
729 4009 927 4058 Plenam
974 4004 1292 4070 antiquitatis.
1339 4005 1549 4068 Dignam

1628 3062 1762 3125 qnod
1787 3061 1952 3110 senior
1976 3073 2098 3110 esset
2122 3062 2366 3113 Servilius.

1704 3155 1783 3189 11.
1816 3139 1981 3188 pram·
2003 3157 2106 3189 suo.
2137 3142 2203 3204 Q.
2233 3141 2435 3191 Metello
2464 3141 2647 3200 Celeri,

1629 3220 1694 3282 Q.
1721 3218 1910 3267 Metelli
1926 3219 2106 3270 Celeris
2128 3217 2252 3270 filio.
2272 3245 2344 3256 -
2360 3221 2520 3270 Soeio.
2540 3223 2653 3268 Fuit

1632 3298 1757 3346 enim
1780 3308 1963 3362 praetor
1984 3299 2219 3348 Cicerone
2238 3298 2465 3361 eonsule3
2488 3311 2535 3347 et
2558 3303 2654 3348 lta·

1632 3375 1747 3422 liam
1763 3375 1825 3423 ab
1842 3376 2033 3424 occulta
2048 3378 2400 3438 conjuratione,
2414 3390 2470 3427 ut
2481 3379 2654 3428 Cicero

1634 3453 1803 3502 urbem
1824 3470 1850 3502 a
1874 3457 2124 3504 nocturnis
2144 3457 2333 3504 insidii·
2347 3492 2362 3516 ‚
2390 3457 2622 3507 defendit.

1704 3535 1888 3580 Lxlu.
1934 3549 1980 3582 1.
2027 3535 2295 3583 Dexter-am
2322 3539 2655 3600 porrexerint.

1635 3611 1783 3660 Primi
1802 3614 1928 3660 enim
1954 3629 2065 3660 enm
2090 3613 2425 3664 advenientem
2444 3617 2655 3665 Brundi·

1636 3689 1732 3737 sini
1754 3701 2066 3755 exceperunt.

1708 3786 1755 3818 2.
1778 3773 1919 3817 Forte
1932 3805 1945 3828 ‚
1966 3791 1993 3810 ‹-
2010 3770 2291 3836 reditu-que
2310 3772 2509 3832 natalis,
2528 3773 2657 3820 idem

1636 3864 1682 3896 e.
1714 3848 1751 3896 f.
1775 3869 1803 3889 ι·
1826 3849 2025 3896 Lenem.
2044 3865 2073 3897 e
2100 3849 2324 3913 Groevio,
2350 3873 2375 3893 ι
2400 3853 2553 3915 quiet
2574 3867 2657 3900 nn-

1638 3926 1746 3974 tali·
1768 3927 1897 3975 idem
1922 3949 1963 3976 ι.
1988 3931 2039 3976 J.
2057 3931 2121 3977 V.
2148 3931 2203 3978 L.

1709 4006 1757 4054 3.
1788 4007 1908 4053 Tum
1925 4006 2153 4070 pn'rmaem.
2175 4005 2488 4056 Brundisium
2508 4025 2659 4072 usque

456 4148 465 4168 Ι
526 4091 709 4138 scilicet
752 4104 860 4154 qnae
908 4085 1042 4154 apud
1081 4095 1262 4132 veteres
1296 4083 1547 4130 Romanos
1634 4086 1757 4148 patri
1779 4085 1997 4134 redeunti
2018 4084 2211 4133 obviam
2229 4087 2322 4134 ivit
2338 4087 2564 4137 Tulliola.
