2996 4694
473 369 611 441 552
1128 372 1920 443 ARGUMENTUM.

625 498 708 551 Ea
737 504 826 551 est
841 490 1038 549 oratio
1069 510 1244 569 quam
1266 492 1328 551 in
1347 489 1597 549 maxima
1626 508 1857 569 semper
1876 486 2263 547 admiratione
2288 500 2603 563 versatam,

549 607 618 647 ac
639 586 878 648 summis
913 586 1174 648 omnium
1213 600 1543 665 temporum
1571 584 1845 644 laudibus
1874 582 2247 657 celebratam,
2274 597 2603 645 transverso

545 687 768 747 calamo
815 698 982 746 notat
1017 685 1310 764 jaculator
1347 685 1446 744 ille
1477 683 1705 757 audax,
1748 684 1993 743 Wolfius
2022 683 2273 759 scilicet,
2314 710 2341 737 «ι
2372 685 2603 743 inanem

539 785 840 865 appellans
869 804 1066 844 rerum
1091 807 1108 857 ;
1136 784 1365 858 verbis,
1393 783 1656 842 formulis
1674 826 1691 857 ,
1738 782 2268 841 constructionibus
2308 803 2463 863 saepe
2503 783 2603 841 vix

459 922 464 927 -
547 882 815 955 latinam;
861 882 924 941 in
973 894 1098 944 tota
1145 880 1569 962 compositione
1616 882 1873 959 ineptam
1894 924 1911 953 ,
1954 879 2217 951 stultam,
2263 879 2599 951 ridiculam,

543 978 798 1057 denique
827 980 988 1041 fatuo
1025 979 1291 1058 principe
1310 1021 1329 1052 ,
1369 978 1619 1039 Claudio
1639 1024 1659 1053 ‚
1688 997 1865 1056 quam
1900 977 2183 1038 Cicerone
2214 977 2535 1056 digniorem
2558 1003 2603 1035 υ.

545 1078 670 1135 Noe
703 1087 900 1135 autem
937 1094 1060 1133 non
1082 1074 1378 1135 hominem
1416 1094 1729 1153 sequemur
1765 1073 2121 1152 professoria
2166 1074 2361 1152 lingua
2400 1086 2461 1132 et
2498 1073 2604 1133 de-

547 1173 803 1231 cretorio
835 1172 1064 1251 judicio
1103 1173 1316 1233 fretum
1337 1218 1355 1247 ‚
1409 1184 1469 1231 et
1504 1170 1875 1250 quadruplici
1895 1213 1914 1244 ,
1957 1182 2025 1229 ut
2066 1169 2177 1229 sibi
2218 1171 2484 1243 videtur,
2528 1170 2605 1230 de

545 1267 913 1329 orationibus
956 1282 1093 1348 post
1129 1268 1384 1328 reditum
1427 1267 1727 1347 triumpho
1768 1268 2021 1327 ferocem
2054 1288 2071 1324 t
2108 1266 2411 1327 credemus
2428 1308 2445 1336 ,
2484 1286 2605 1325 non

545 1366 894 1444 conjecturis
919 1366 1146 1444 aliquot
1161 1408 1178 1437 ,
1215 1378 1276 1425 et
1301 1364 1601 1425 audaciori
1640 1366 1973 1443 arrogantia
1995 1407 2014 1438 ,
2053 1361 2391 1423 labefactari
2432 1382 2604 1442 posse

541 1469 822 1524 Veterum
863 1462 982 1523 fide
1033 1483 1104 1523 ac
1150 1463 1565 1523 Recentiorum
1614 1462 1999 1523 admiratione
2050 1460 2365 1521 subnixum
2412 1480 2565 1540 opus
2582 1504 2603 1535 ,

543 1572 638 1633 et,
681 1573 751 1619 ut
775 1561 958 1619 Gallis
993 1562 1056 1619 in
1093 1559 1276 1621 verba
1306 1560 1480 1620 unius
1507 1544 1767 1639 magistri
1793 1558 1993 1637 jurare
2030 1578 2151 1617 uon
2184 1559 2457 1617 usitatum
2482 1571 2604 1633 est,

547 1657 914 1736 magnificum
941 1657 1086 1717 illud
1122 1660 1272 1737 grati
1307 1658 1485 1717 animi
1528 1671 1587 1717 et
1624 1656 2081 1735 eloquentissimi
2120 1657 2371 1735 impetus
2396 1674 2607 1715 monu-

545 1766 804 1813 mentum
827 1753 962 1813 ideo
987 1774 1109 1814 non
1130 1754 1331 1813 mirari
1357 1752 1711 1813 cessabimus
1728 1797 1745 1826 ,
1770 1753 1931 1832 quod
1960 1753 2131 1811 aliter
2154 1752 2356 1811 subtili
2374 1751 2603 1811 cuidam

545 1855 986 1913 commentator-i
1009 1854 1194 1913 visum
1215 1854 1392 1913 fuerit
1406 1897 1423 1926 ,
1446 1872 1637 1932 neque
1658 1852 1973 1912 recentiori
1993 1851 2069 1911 de
2080 1856 2355 1911 Veterum
2378 1850 2606 1930 scriptis

543 1949 876 2010 detrahenti
899 1964 958 2011 et
983 1951 1164 2011 verba
1187 1952 1384 2011 omnia
1416 1951 1491 2011 ad
1526 1952 1738 2009 atrocis
1772 1970 2027 2009 censurae
2050 1948 2284 2027 pondus
2320 1948 2569 2023 exigenti
2589 1992 2609 2020 ,

545 2046 726 2125 magis
744 2048 1048 2108 credemus
1065 2068 1242 2127 quam
1259 2062 1470 2108 nostroe
1483 2048 1747 2127 ipsorum
1764 2047 2161 2121 admirationi,
2178 2059 2239 2106 et
2250 2066 2605 2107 summorum

546 2144 808 2205 virorum
842 2145 1068 2224 judicio
1089 2190 1107 2219 ‚
1143 2146 1246 2224 qui
1269 2146 1593 2205 orationem
1634 2145 1786 2203 hanc
1812 2144 2137 2223 imitatione
2168 2158 2603 2204 consecrarunt.

545 2248 817 2305 Ceterum
835 2245 939 2322 qui
961 2242 1132 2323 plura
1155 2244 1315 2317 velit,
1339 2255 1398 2302 et
1421 2262 1553 2321 quae
1573 2242 1648 2302 ad
1675 2255 1929 2321 quatuor
1946 2254 2083 2319 post
2102 2241 2288 2311 Redd.
2310 2242 2607 2301 orationes

547 2341 1004 2420 praemonuimus
1023 2353 1267 2420 repetat,
1291 2340 1558 2400 consulat
1578 2340 1751 2399 etiam
1772 2338 1906 2399 olai
1924 2338 2165 2398 Wormii
2186 2359 2337 2418 opus
2360 2339 2604 2399 Hauniai

555 2437 706 2498 1803
723 2479 742 2507 ‚
771 2437 1097 2496 et·Weiskii
1123 2437 1334 2515 Lipsiae
1359 2437 1539 2508 1805,
1563 2449 1663 2495 aut
1688 2437 1887 2515 potius
1902 2434 2159 2512 judicem
2182 2435 2309 2515 ipse
2331 2455 2393 2496 se
2423 2437 2605 2508 sistat,

551 2535 876 2592 orationem
903 2533 1088 2611 ipsam
1115 2533 1268 2611 legat
1289 2575 1307 2606 ,
1353 2553 1485 2611 quae
1510 2533 1563 2592 si
1588 2533 1851 2612 ipsi‘non
1875 2534 2115 2592 omnino
2144 2533 2481 2593 Ciceronem
2508 2551 2605 2590 sa-

497 2631 504 2638 ’
551 2649 692 2708 pere
710 2673 729 2702 ,
777 2641 838 2688 et
867 2631 1202 2688 commissos
1245 2627 1435 2688 adhuc
1476 2629 1699 2689 calores
1744 2631 2001 2689 retinere
2048 2628 2378 2706 videbitur,
2402 2627 2602 2694 nescio

551 2745 626 2784 an
651 2725 772 2784 ulla
797 2723 921 2803 jam
945 2745 1190 2786 romano
1218 2725 1440 2785 oratori
1471 2725 1549 2786 sit
1574 2723 1975 2792 adscribenda,
