2996 4694
516 381 609 454 32
1154 380 1253 450 M.
1304 382 1385 450 T.
1436 379 2016 451 CICERONIS

514 504 769 576 luctus.
814 501 1054 590 Quem
1088 500 1281 572 enim
1314 499 1919 597 deprecarentur,
1959 521 2190 597 quum
2231 523 2488 574 omnes
2529 526 2644 574 es-

512 625 673 685 sent
710 608 1102 683 sordidati?
1154 621 1532 708 quumque
1579 609 1720 681 hoc
1761 613 1932 682 satis
1981 625 2167 681 esset
2217 611 2441 709 signi,
2487 637 2642 684 esse

508 718 925 819 improbum
944 773 967 808 ‚
1015 719 1143 816 qui
1180 733 1455 791 mutata
1501 733 1696 790 veste
1741 743 1894 790 non
1935 719 2171 791 esset?
2217 725 2366 792 Hac
2399 737 2639 793 muta-

508 833 707 904 tione
758 830 976 903 vestis
1025 827 1211 900 facta
1236 881 1257 918 ,
1307 841 1514 900 tanto
1563 829 1642 899 in
1688 827 1893 898 luctu
1945 830 2246 900 civitatis
2269 881 2290 918 ‚
2339 833 2598 901 omitto
2617 884 2640 919 ‚

509 941 692 1040 quid
733 941 853 1013 ille
892 936 1265 1026 tribunus,
1300 938 1630 1009 omnium
1671 960 1916 1008 rerum
1952 935 2355 1008 divinarum
2383 938 2640 1010 huma-

511 1073 917 1148 narumque
975 1046 1261 1147 praede,
1314 1043 1608 1136 fecerit3
1653 1047 1783 1143 qui
1827 1046 2113 1119 adesse²
2159 1046 2642 1121 nobilissimos

510 1161 1036 1247 adolescente5‚
1070 1158 1612 1230 honestissimos
1651 1159 1935 1254 equites
1963 1181 2340 1245 romaum,
2385 1157 2642 1258 depre-

508 1287 788 1345 catores
836 1269 1082 1341 salutis
1135 1288 1313 1340 meae
1355 1267 1652 1362 jusserit
1673 1321 1694 1356 ,
1740 1291 2014 1364 eosque
2049 1291 2432 1366 operarum
2475 1294 2640 1340 sua·

510 1405 675 1451 rum
724 1376 975 1475 gladiis
1028 1391 1101 1448 et
1153 1373 1563 1475 lapidibus³
1621 1375 2024 1471 objecerit:
2085 1375 2176 1448 de
2221 1378 2642 1450 consulibus

508 1489 798 1586 loquor,
851 1511 1165 1584 quorum
1218 1484 1365 1559 fide
1414 1486 1824 1585 respublica
1873 1489 2008 1558 niti
2059 1486 2334 1560 debuit.
2381 1490 2640 1558 Exani-

508 1612 744 1671 matus
780 1597 1015 1669 evolat
1044 1622 1135 1669 ex
1160 1611 1449 1686 senatu,
1480 1621 1634 1668 non
1663 1597 1902 1669 minus
1938 1596 2362 1694 perturbato
2397 1599 2638 1668 auimo

512 1724 735 1808 atque
774 1708 1025 1796 vultu,
1072 1731 1295 1804 quam
1344 1709 1403 1778 si
1452 1708 1699 1804 paucis
1741 1721 1908 1778 ante
1961 1707 2164 1778 annis
2219 1711 2290 1777 in
2329 1705 2638 1778 credito-

506 1844 671 1892 rum
712 1821 1201 1890 conventum‘*
1238 1817 1639 1904 incidissem
1673 1817 1978 1888 advocat
2007 1817 2471 1898 concionem;
2520 1816 2640 1888 ha-

508 1927 637 2000 bet
679 1929 1081 2000 orationem
1130 1928 1345 1998 talem
1386 1928 1683 2016 consul,
1724 1925 2012 2026 qualem
2055 1950 2452 2024 numquam
2501 1931 2636 1998 Ca-
2717 1947 2722 1955 ·

507 2038 711 2110 tilina
744 2039 975 2109 victor
1008 2035 1420 2110 habuisset:
1454 2041 1714 2108 Errare
1745 2034 2112 2125 homines,
2145 2036 2202 2106 si
2233 2036 2448 2106 etiam
2482 2049 2638 2106 tum

510 2163 839 2222 senatum
900 2147 1173 2245 aliquid
1231 2149 1308 2220 in
1368 2148 1737 2248 republica
1803 2171 2016 2245 posse
2073 2146 2638 2234 arbitrarentur;

510 2260 793 2359 equites
860 2283 1033 2332 vero
1094 2284 1435 2332 romanos
1497 2259 1794 2336 daturos
1855 2259 2043 2329 illius
2091 2254 2287 2340 dieis
2337 2281 2590 2357 poenas
2611 2309 2636 2345 ‚

510 2395 661 2469 quo
685 2426 705 2460 ,
758 2394 875 2443 me
926 2370 1262 2458 consule,
1308 2395 1477 2443 cum
1527 2369 1778 2467 gladiis
1820 2370 1900 2439 iu
1941 2368 2127 2441 clivo
2150 2366 2183 2413 ⁶
2223 2369 2636 2467 Capitolino

580 2626 635 2661 α.
674 2608 877 2657 Adesse.
916 2607 1083 2667 Quum
1117 2607 1273 2670 legem
1314 2606 1528 2672 perferre

512 2688 691 2739 vellent
724 2700 741 2735 ε
778 2696 881 2734 erat
910 2688 1039 2735 euim
1072 2686 1377 2733 consuetudo
1390 2719 1405 2745 ,
1436 2695 1526 2748 ut,

510 2778 624 2817 aute
641 2781 787 2829 quem
804 2765 1005 2812 ferretur
1020 2762 1101 2811 lex
1113 2797 1128 2821 ,
1150 2763 1427 2826 prodirent,
1441 2764 1529 2827 qui

510 2848 716 2904 vellent,
752 2843 816 2893 sd
857 2840 1183 2901 suadendum,
1220 2852 1309 2890 sut
1346 2840 1530 2889 dissua-

512 2922 759 2975 dendum:
787 2921 849 2971 de
872 2936 972 2991 quo
997 2921 1113 2970 satis
1138 2920 1289 2969 multa
1318 2919 1531 2970 diximus

511 3008 567 3055 iu
582 3004 667 3053 lib.
692 3004 752 3052 de
768 3002 991 3051 comitiis.

582 3087 633 3136 3.
660 3082 855 3133 Gladiis
872 3090 919 3129 et
934 3078 1197 3145 lapidibus.
1222 3080 1329 3127 Hac
1346 3078 1452 3143 ipsu
1468 3078 1532 3128 de

512 3182 566 3215 re
586 3164 643 3213 in
666 3162 888 3212 oratioue
910 3174 1003 3224 pro
1022 3162 1186 3207 Domo
1208 3175 1293 3206 sus
1318 3158 1397 3206 his
1417 3174 1530 3207 ver-

515 3246 634 3294 bis:
676 3264 700 3285 .
724 3246 887 3305 Quum
924 3254 1039 3299 eos,
1070 3240 1158 3303 qui
1194 3238 1248 3286 iu
1286 3250 1532 3287 conventu

512 3325 727 3373 virorum
745 3322 991 3369 bonorum
1008 3317 1155 3366 verbs
1175 3316 1237 3365 de
1253 3317 1407 3367 salute
1426 3334 1531 3366 mes

516 3404 755 3459 feurant,
797 3398 961 3448 adesse
1004 3396 1219 3457 iussisti,
1265 3408 1532 3461 eorumque

514 3481 883 3531 advoc-tionem
900 3476 1123 3524 menibus
1134 3508 1151 3534 ‚
1172 3476 1303 3525 ferro
1315 3510 1330 3536 ,
1356 3476 1533 3541 lepidi-

514 3562 607 3611 bus
642 3556 910 3607 discussisti
924 3590 939 3615 ‚
974 3566 1079 3604 tum
1113 3556 1337 3619 profecto
1368 3566 1532 3604 osteu-

516 3640 658 3698 disti,
680 3638 777 3685 vim
794 3634 885 3684 tibi
905 3633 1109 3682 maxime
1130 3632 1385 3698 displicere
1406 3656 1449 3682 ι.

586 3726 636 3775 4.
670 3718 729 3765 In
754 3714 1041 3763 creditorum
1068 3724 1369 3763 conventum.
1408 3711 1534 3761 AEris

513 3797 659 3847 alieni
689 3794 953 3859 plurimum
985 3790 1209 3840 habuisse
1240 3790 1502 3839 Gabinium
1515 3824 1532 3851 ,

512 3891 657 3940 supra
679 3872 906 3923 diximus.

585 3956 634 4002 5.
661 3952 787 4001 Diei.
813 3950 900 4000 Al.
921 3949 1054 4007 dies,
1084 3959 1140 3998 ut
1165 3949 1285 3998 citst
1307 3948 1493 3999 Gellius
1508 3983 1525 4007 ,

512 4034 589 4081 IX
604 4065 622 4091 ‚
652 4040 742 4090 ιι,
772 4028 909 4094 quod
932 4030 999 4076 its
1022 4028 1255 4091 scriptum
1280 4028 1333 4075 iu
1360 4026 1532 4075 veteri-

511 4111 604 4157 bus
622 4108 758 4157 libris
770 4118 987 4158 testatur.
1004 4108 1079 4155 De
1090 4106 1165 4154 his
1178 4104 1402 4171 genitivis
1417 4104 1530 4155 vido

1615 2608 1766 2655 fleur.
1791 2605 2020 2670 stephan.
2041 2606 2095 2653 iu
2117 2604 2402 2655 Pseudocic.
2428 2622 2480 2669 p.
2507 2604 2635 2654 1⁵⁵-

1620 2686 1738 2745 161,
1755 2695 1804 2734 et
1826 2686 2047 2735 Curtium
2066 2684 2130 2734 sd
2152 2684 2272 2735 San.
2293 2686 2410 2750 Jug.
2435 2686 2552 2745 LII,
2585 2684 2638 2733 3.

1615 2767 1648 2817 J
1651 2798 1665 2813 .
1683 2767 1748 2814 V.
1777 2766 1834 2814 L.

1688 2844 1740 2892 6.
1780 2845 1844 2891 In
1877 2843 2000 2893 clivo
2027 2843 2315 2910 Capitolino.
2351 2844 2488 2894 Circa
2513 2853 2636 2891 tem-

1615 2922 1754 2989 plum
1773 2922 2063 2972 Concordia
2076 2958 2092 2983 ‚
2111 2924 2166 2972 iu
2181 2924 2311 2973 clivo
2330 2924 2636 2988 Capitolino,

1616 3018 1768 3066 quum
1783 3002 1837 3050 in
1851 3017 1910 3051 eo
1921 3005 2105 3069 templo
2119 3004 2180 3053 de
2189 3005 2450 3067 coniuratis
2463 3004 2638 3051 consul

1617 3082 1791 3131 Cicero
1820 3082 1886 3131 ad
1919 3094 2135 3132 senatum
2169 3084 2436 3142 retulisset,
2466 3082 2638 3131 armati

1616 3162 1802 3225 equites
1821 3176 1950 3209 rom.
1967 3162 2182 3226 prnsidii
2201 3176 2342 3210 ceusu
2365 3163 2642 3211 circumste-

1619 3250 1774 3289 terant
1809 3260 1820 3287 ι
1862 3240 1925 3288 de
1958 3241 2135 3304 quibus
2175 3242 2228 3289 iu
2267 3240 2486 3289 oratioue
2521 3242 2545 3287 1
2583 3224 2639 3287 in

1619 3318 1873 3368 Catilinam
1896 3306 1957 3365 :⁶-
1975 3318 2081 3378 nu,
2099 3318 2258 3382 iuquit
2271 3353 2286 3379 ,
2306 3319 2491 3381 equites
2513 3334 2639 3367 rom.

1619 3398 1940 3447 honestissimi
1961 3408 2106 3461 etque
2123 3397 2296 3461 optimi
2315 3396 2408 3443 viri
2428 3430 2444 3457 ,
2469 3398 2642 3468 ceteri·

1619 3494 1714 3543 que
1743 3476 1991 3525 fortissimi
2022 3476 2174 3533 cives,
2209 3475 2298 3539 qui
2325 3476 2640 3525 circumstant

1617 3566 1834 3605 senatum
1850 3590 1865 3614 ,
1899 3570 2108 3619 quorum
2145 3563 2200 3601 tu
2237 3563 2286 3601 et
2319 3553 2638 3619 frequentiam

1618 3634 1782 3684 videre
1799 3668 1816 3692 ,
1839 3644 1890 3682 et
1915 3631 2072 3680 studia
2093 3632 2368 3696 perspicere
2381 3666 2396 3689 ,
2418 3644 2468 3681 et
2492 3650 2639 3682 voces

1619 3712 1785 3777 paullo
1799 3722 1912 3760 sute
1926 3710 2156 3759 exaudire
2173 3712 2378 3774 potuisti
2393 3744 2408 3769 ,
2427 3727 2638 3776 quorum

1619 3806 1711 3855 ego
1736 3791 1822 3838 vix
1844 3788 1930 3838 abs
1961 3800 2009 3837 te
2037 3788 2226 3851 jamdiu
2253 3806 2420 3841 manus
2455 3805 2512 3837 sc
2542 3792 2638 3840 tels

1619 3867 1846 3918 contineo
1864 3902 1880 3929 ‚
1905 3868 2100 3919 eosdem
2123 3870 2264 3919 facile
2289 3868 2524 3917 adducam
2541 3898 2560 3929 ,
2579 3882 2639 3919 ut

1618 3959 1668 3996 te
1682 3947 1786 3995 haec
1797 3983 1812 4007 ,
1832 3964 1942 4012 qum
1952 3948 2242 4015 jampridem
2256 3958 2438 3995 vestare
2453 3946 2637 4007 studes,

1617 4026 1964 4091 relinquentem
1989 4045 2145 4095 usque
2169 4027 2232 4077 sd
2259 4034 2428 4091 portas
2460 4040 2636 4091 prose-

1616 4116 1828 4171 quantur
1847 4128 1895 4158 n·
