2996 4694
793 377 1179 448 ORATIO
1228 378 1429 447 Pno
1482 377 1558 445 L.
1597 378 1678 445 c.
1727 375 2081 445 BALBO.
2299 345 2315 359 '
2365 372 2501 469 317

377 516 648 601 potest,
693 523 975 597 neque,
1016 498 1081 569 si·
1120 498 1339 585 velit,
1404 512 1686 569 mutare
1732 522 1886 567 non
1931 493 2236 595 potest³,
2277 496 2502 570 modo

376 612 812 685 adsciscatur
837 608 931 681 ab
960 634 1043 681 ea
1080 609 1367 680 civitate
1386 662 1407 694 ,
1447 608 1652 701 cujus
1679 618 1837 679 esse
1859 630 1936 679 se
1963 606 2262 679 civitatis
2283 607 2498 679 velit:
2581 646 2592 661 ·

374 737 497 809 ut,
538 726 599 793 si
662 719 999 793 Gaditani
1052 717 1393 789 sciverint
1432 718 1872 789 nominatim
1917 716 2008 787 de
2048 715 2294 813 aliquo
2351 720 2503 790 cive

374 857 714 921 romanO,
750 845 837 902 ut
872 832 965 901 sit
994 829 1055 900 is
1096 829 1286 899 civis·
1314 825 1714 900 Gaditanus
1733 882 1755 914 ,
1785 851 2040 923 magua
2067 840 2386 925 potestas
2415 832 2508 901 sit

374 959 631 1017 nostro
651 943 789 1015 civi
816 937 1177 1011 mutandoe
1205 938 1512 1009 civitatis
1527 992 1548 1024 ,
1579 961 1716 1008 nec
1740 936 2014 1009 foedere
2039 936 2502 1035 impediatur,

376 1084 529 1156 quo
560 1062 799 1129 minus
830 1080 915 1127 ex
940 1055 1095 1126 cive
1117 1077 1421 1124 romano
1445 1053 1618 1125 civis
1647 1051 2043 1125 Gaditanus
2068 1056 2296 1150 possit
2321 1078 2502 1126 esse.

376 1172 699 1239 Duarum
730 1167 1103 1237 civitatum
1128 1164 1299 1235 civis
1320 1186 1511 1245 esse,
1556 1178 1808 1235 nostro
1829 1163 1993 1257 jure
2024 1164 2256 1250 civili,
2289 1188 2510 1237 nemo

375 1288 614 1371 potest
645 1300 662 1342 :
706 1298 857 1346 non
895 1298 1049 1346 esse
1090 1272 1311 1367 hujus
1346 1274 1654 1345 civitatis
1690 1274 1900 1359 civis,
1932 1274 2062 1370 qui
2087 1298 2166 1345 se
2200 1274 2316 1345 alii
2347 1278 2516 1347 civi-

378 1386 507 1455 tati
539 1384 791 1455 dicarit
812 1438 832 1471 ,
870 1398 1132 1481 potest.
1166 1385 1437 1479 Neque,
1467 1382 1704 1453 solum
1751 1381 2152 1469 dicatione,
2189 1384 2392 1480 quod
2427 1390 2506 1459 iu

378 1495 775 1567 calamitate
832 1494 1240 1567 clarissimis
1280 1494 1449 1565 viris
1482 1496 1574 1584 Q.
1615 1494 1934 1565 Maximo
1963 1491 2034 1579 ⁴,
2081 1498 2156 1565 C.
2197 1500 2510 1587 Laenati,

378 1607 465 1695 Q.
503 1604 839 1703 Philippo
880 1605 1238 1691 Nuceriae,
1292 1608 1373 1675 C.
1440 1603 1702 1675 Catoni
1744 1607 2185 1691 Tarracone,
2222 1608 2310 1697 Q.
2371 1610 2518 1678 Cae-

380 1718 615 1815 pioni,
645 1720 723 1787 P.
754 1715 1025 1786 Rutilio
1052 1720 1372 1811 Smyrnae
1400 1712 1714 1785 vidimus
1746 1712 2082 1785 accidisse
2101 1768 2122 1803 ,
2149 1729 2234 1786 ut
2265 1740 2514 1789 earum

380 1827 747 1899 civitatum
798 1823 1059 1897 fierent
1100 1826 1325 1912 cives,
1363 1823 1556 1895 hanc
1594 1840 1764 1895 ante
1799 1826 2130 1897 amittere
2177 1852 2330 1897 non
2387 1852 2514 1927 po-

381 1937 687 2006 tuissent
703 1924 759 2023 5,
802 1960 1019 2031 quam
1073 1932 1289 2028 hujus
1324 1932 1564 2005 solum
1597 1934 1900 2004 ‘civitatis
1927 1936 2328 2009 mutatione
2367 1963 2522 2011 ver-

384 2047 638 2117 tissent
678 2072 697 2114 :
766 2044 892 2117 sed
934 2045 1147 2115 etiam
1192 2038 1686 2141 postliminio⁶
1731 2058 1974 2140 potest
2023 2044 2324 2119 civitatis
2357 2047 2518 2123 fieri

386 2155 710 2225 mutatiO.
750 2156 1007 2250 Neque
1040 2154 1237 2224 enim
1270 2157 1425 2224 sine
1468 2177 1684 2225 causa
1709 2152 1800 2223 de
1837 2156 1968 2225 Cn.
2008 2153 2334 2229 Publicio
2369 2164 2520 2233 Me-

385 2264 706 2352 nandre,
737 2262 1077 2335 libertino
1108 2262 1441 2350 homine,
1478 2286 1704 2361 quem
1741 2262 1934 2360 apud
1969 2264 2278 2358 majores
2306 2267 2520 2367 legati

385 2377 615 2448 nostri
654 2376 729 2444 in
777 2375 1120 2444 Graeciam
1160 2371 1710 2469 proficiscentes
1753 2375 2230 2471 interpretem
2273 2401 2520 2454 secum

392 2485 665 2558 habere
690 2483 1085 2555 voluerunt
1104 2537 1125 2568 ,
1153 2482 1243 2554 ad
1281 2482 1635 2582 populum
1661 2482 1910 2568 latum,
1941 2498 2022 2554 ut
2049 2485 2108 2557 is
2139 2483 2526 2576 Publicius,

386 2597 448 2667 si
483 2597 783 2668 domum
805 2604 831 2649 ⁷
870 2593 1300 2679 revenisset,
1336 2607 1409 2664 et
1453 2591 1624 2664 inde
1659 2597 1969 2664 Romam
2019 2591 2380 2686 rediisset,
2427 2625 2520 2670 ne

390 2776 485 2814 tues.
520 2766 649 2814 Vide
680 2766 787 2814 fuae
812 2780 905 2828 pro
932 2764 1096 2812 Domo
1122 2779 1237 2822 oua,
1264 2780 1311 2812 c.
1340 2779 1409 2828 ²9
1498 2764 1576 2813 die
1605 2764 1860 2812 demutas
1883 2763 2018 2812 ultro
2043 2764 2218 2814 exsilio
2244 2782 2298 2815 ee
2325 2768 2526 2820 mulcin-

389 2855 439 2892 et
458 2846 525 2894 30
540 2879 555 2903 ,
576 2857 627 2894 et
642 2861 737 2910 pro
754 2845 945 2894 Coeciua
965 2862 994 2894 e
1012 2860 1061 2893 c.
1084 2844 1147 2892 33
1173 2843 1239 2891 ed
1260 2844 1347 2892 ³5.
1498 2847 1602 2904 vit,
1637 2847 1704 2906 Q.
1731 2845 1901 2909 capio
1928 2845 2144 2905 ejusdem
2173 2847 2388 2896 criminin
2414 2867 2542 2918 τοι,

463 2923 513 2972 3.
556 2923 763 2986 Neque,
799 2922 845 2970 si
880 2923 1027 2984 velie,
1072 2932 1267 2968 mutare
1310 2935 1409 2968 mm

384 3009 564 3066 potest.
598 3005 670 3050 Ita
706 3013 779 3050 eat
823 3003 877 3052 in
911 3001 1121 3064 vulgatis
1140 3033 1159 3058 ,
1200 3011 1250 3048 et
1286 3011 1412 3064 puto

394 3093 555 3131 recte:
578 3085 697 3132 Ant.
718 3083 1020 3146 Augustinus
1038 3081 1157 3144 legit
1170 3113 1187 3138 ,
1208 3100 1233 3122 ιι
1255 3095 1413 3142 neque

394 3161 436 3208 ei
462 3161 580 3208 velit
608 3175 709 3208 uon
735 3173 919 3210 mutare
946 3176 1049 3210 nou
1086 3170 1249 3224 potent
1270 3179 1293 3202 ι·
1320 3173 1334 3208 z
1360 3158 1413 3204 in

396 3255 497 3305 quo
522 3239 652 3286 idem
676 3242 823 3288 sentit
852 3255 963 3287 cum
988 3239 1129 3296 aliis,
1156 3239 1245 3286 sed
1272 3232 1417 3301 putat

398 3336 501 3368 nou
522 3334 665 3382 posse
692 3317 822 3366 idem
842 3318 1011 3366 neutiri
1036 3319 1141 3366 eine
1164 3316 1251 3365 illo
1272 3333 1371 3364 mm
1394 3331 1415 3364 .·

398 3399 533 3465 atqui
558 3399 603 3446 ei
636 3397 704 3444 ita
732 3412 833 3444 uou
860 3397 1203 3460 intel-pungat,
1232 3395 1418 3443 videbit

396 3494 501 3530 nou
532 3491 659 3540 opus
690 3491 793 3524 esee
820 3490 921 3522 mm
940 3490 960 3520 .·
986 3494 1011 3516 ιι
1038 3489 1199 3538 neque
1228 3473 1269 3521 si
1300 3474 1419 3524 velit

397 3569 585 3608 mutere
602 3571 703 3604 uon
722 3563 885 3617 potent
905 3573 948 3600 ιι.

469 3645 517 3694 4.
559 3635 619 3696 Q.
653 3631 897 3679 Maximo.
930 3633 1192 3695 Ignoratur
1216 3647 1417 3698 prorsus

398 3718 597 3766 historia
638 3717 703 3776 Q.
742 3711 963 3770 Maximi,
997 3723 1047 3759 et
1084 3713 1147 3774 Q.
1180 3711 1414 3776 Philippi.

397 3801 455 3849 1³.
486 3795 703 3861 Popilius
734 3797 919 3850 Mun,
941 3792 1017 3839 vir
1040 3793 1337 3844 consularis.
1364 3793 1421 3840 iu

398 3879 620 3927 exsilium
654 3875 760 3939 lege
784 3874 839 3923 C.
874 3871 1081 3922 Gracchi
1110 3871 1279 3936 pulsu»
1316 3883 1389 3920 eat
1402 3906 1417 3930 ‚

398 3968 449 4006 et
468 3955 647 4005 deiude
672 3955 725 4002 iu
746 3953 951 4018 patriam
974 3961 1259 4010 revocatus,
1278 3963 1336 3999 ut
1356 3967 1419 4000 α

400 4035 705 4085 orationibus
733 4043 867 4099 petet
884 4065 901 4089 ‚
933 4043 1048 4096 poet
1082 4031 1207 4080 ned.
1236 4031 1287 4078 iu
1314 4047 1419 4078 een.

407 4117 467 4162 15
482 4147 495 4173 ,
516 4114 579 4162 ad
604 4115 783 4177 Quirit.
806 4109 859 4164 3.
886 4113 942 4162 C.
965 4113 1089 4162 cato
1109 4109 1171 4159 de
1194 4123 1419 4174 repeton.-

1500 2938 1648 2986 poeue
1681 2923 1775 2972 fuit
1803 2924 1972 2972 eadem
1997 2923 2208 2974 afflictus
2223 2959 2242 2986 ,
2271 2939 2527 2992 postquam

1503 3003 1710 3050 Galliam
1735 3001 2114 3066 gubernavisset.
2141 3007 2328 3070 Saepius
2349 3011 2400 3056 in
2421 3011 2528 3060 aliie

1503 3081 1808 3130 orationibus
1832 3081 1894 3130 de
1921 3084 1981 3131 P.
2005 3084 2198 3132 Rutilio
2230 3088 2415 3135 mentio
2441 3087 2499 3138 fit
2516 3123 2531 3148 ‚

1504 3159 1590 3223 qui
1627 3171 1890 3223 postquam
1923 3159 1986 3208 eh
2025 3163 2272 3226 equitibus
2317 3171 2529 3216 romanis

1503 3253 1650 3301 poeua
1667 3237 1763 3286 fuit
1779 3239 2040 3288 mulctatus
2067 3228 2256 3304 fnium,
2283 3243 2336 3291 iu
2359 3247 2528 3296 Asiam

1507 3318 1730 3381 confugit
1743 3351 1761 3376 ,
1783 3317 1872 3368 ubi
1891 3318 2148 3383 imperium
2167 3321 2416 3375 habuerat.

1580 3398 1629 3447 5.
1652 3395 1850 3448 Sohiiu.
1873 3397 2020 3446 verbe
2043 3399 2163 3460 ieta,
2183 3399 2334 3452 Ιιωισ.
2355 3437 2369 3450 .
2392 3423 2533 3456 ‚ver-

1505 3475 1674 3526 tissent
1689 3511 1704 3536 ,
1741 3477 1818 3524 vel
1844 3477 2132 3540 interpolata
2147 3513 2164 3538 ,
2191 3481 2272 3529 vel
2297 3497 2528 3552 corrupta

1500 3556 1706 3617 iudicat.
1733 3559 1782 3606 J.
1796 3557 1860 3606 V.
1885 3557 1940 3603 1..
2099 3561 2116 3573 ⁶

1576 3637 1626 3684 6.
1655 3634 1972 3685 Postliminio.
2004 3634 2056 3682 Si
2082 3637 2194 3700 quis
2216 3638 2380 3704 aliqua
2405 3646 2531 3694 civi..

1509 3724 1606 3762 tate
1638 3714 1850 3764 donatus
1878 3727 1930 3763 et
1967 3715 2084 3764 iude
2121 3718 2412 3785 priorem-iu
2439 3740 2530 3788 pa-

1508 3793 1648 3842 triam
1679 3795 1984 3858 revenisset,
2025 3813 2132 3844 eam
2167 3801 2408 3850 civitatem
2435 3820 2532 3868 qua

1509 3873 1723 3922 donatus
1767 3885 1869 3924 eret
1890 3909 1906 3936 ,
1955 3875 2261 3941 postliminio
2313 3882 2534 3932 emittere

1508 3949 1776 4002 dicebatur.
1803 3971 1817 3986 ⁰

1558 4048 1628 4118 .7.
1658 4032 1713 4080 si
1735 4033 1951 4084 doraum.
1995 4036 2058 4084 Η.
2089 4051 2134 4086 e.
2166 4035 2412 4100 antiquam
2443 4056 2532 4104 pe-

1509 4122 1666 4158 tuam·
