2996 4694
536 375 629 468 74
1054 383 1067 400 ·
1162 377 1257 443 Μ.
1309 377 1384 444 Τ.
1444 375 2013 444 CICERONIS

538 520 708 594 ceps
742 496 1132 592 rogationis
1153 549 1173 584 ,
1218 500 1328 568 vir
1360 497 1540 568 mihi
1578 496 2079 581 amicissimuS,
2123 497 2214 584 Q.
2259 493 2660 584 Fabricius,

541 604 893 702 templum
914 609 945 656 ⁴
992 605 1363 704 aliquanto
1416 622 1585 678 ante
1633 606 1869 678 lucem
1907 604 2309 703 occupavit.
2355 607 2660 694 Quietus

540 740 641 816 eo·
667 713 783 786 die
827 717 1147 806 Sextius,
1182 719 1278 804 is,
1324 719 1452 815 qui
1485 731 1592 789 est
1627 715 1718 788 de
1755 717 1828 788 vi
1861 739 2068 787 reus:
2102 729 2302 787 actor
2332 712 2498 787 hic⁵
2535 717 2656 788 de-

537 823 925 923 fensorque
968 849 1196 898 causae
1236 851 1411 898 meoe
1456 827 1636 898 nihil
1671 825 2159 924 progreditur,
2207 825 2505 898 consilia
2547 852 2660 898 ex·

538 950 815 1032 spectat
848 937 1303 1009 inimicorum
1332 962 1686 1010 meorum.
1721 936 1918 1027 Quid
1949 933 2122 1026 illi⁶,
2156 960 2472 1036 quorum
2497 960 2661 1008 con-

540 1046 698 1118 silio
754 1051 829 1118 P.
888 1048 1169 1118 Sextius
1218 1049 1293 1117 in
1344 1046 1698 1143 judicium
1743 1049 2086 1120 vocatur?
2133 1071 2283 1147 quo
2327 1071 2404 1118 se
2447 1063 2658 1144 pacto

540 1157 849 1253 gerunt?
892 1159 1139 1246 Quum
1177 1155 1447 1245 forum,
1501 1160 1908 1244 comitium,
1947 1157 2218 1230 curiam
2240 1210 2261 1245 ‚
2299 1156 2526 1228 multa
2569 1153 2658 1226 de

534 1281 751 1338 nocte
772 1319 793 1354 ,
842 1269 1129 1338 armatis
1182 1266 1604 1340 hominibus
1647 1291 1729 1339 ac
1773 1271 1994 1340 servis
2041 1267 2402 1370 plerisque
2449 1288 2660 1336 occu-

535 1379 895 1474 pavissent
918 1429 941 1462 ,
973 1377 1325 1473 impetum
1366 1375 1642 1450 faciunt
1676 1379 1754 1449 in
1789 1376 2187 1449 Fabricium
2207 1429 2230 1462 ,
2265 1397 2523 1445 manus
2557 1371 2658 1442 af-

536 1483 816 1572 ferunt,
872 1485 1211 1558 occidunt
1266 1486 1660 1560 nonnullos
1685 1542 1708 1576 ‚
1759 1485 2140 1558 vulnerant
2185 1482 2491 1569 mulm33
2537 1507 2686 1553 ve·-

536 1596 857 1666 nieutem
919 1597 996 1666 in
1050 1595 1326 1683 forum,
1384 1600 1619 1668 virum
1663 1585 2018 1695 op'timum
2069 1609 2144 1666 et
2185 1592 2662 1664 constantissi-

536 1729 773 1791 mum,
817 1709 914 1777 Μ.
965 1707 1287 1804 Cispium
1317 1717 1370 1793 ⁷,
1407 1705 1786 1778 tribunum
1825 1703 2090 1803 plebis,
2133 1704 2208 1800 yi
2251 1700 2660 1798 depellunt,

536 1814 801 1888 caedem
856 1819 931 1886 in
984 1815 1149 1891 foro
1200 1819 1586 1890 maximam
1627 1814 1936 1904 faciunt3
1993 1815 2492 1908 universique,
2539 1810 2659 1881 de-

538 1927 802 1998 strictis
850 1927 1100 2024 gladiis
1152 1942 1227 1997 et
1264 1927 1585 1998 cruentis
1608 1979 1628 2010 ,
1665 1931 1740 1996 in
1767 1924 2106 1998 omnibus
2133 1921 2270 1994 fori
2293 1919 2656 2020 partibus,

530 2033 822 2136 fratrem
852 2059 1091 2108 meum
1110 2092 1129 2123 ,
1162 2038 1393 2108 virum
1429 2038 1822 2135 optimum,
1849 2033 2350 2117 fortissimum,
2373 2032 2657 2128 meique

532 2148 1133 2234 amantissimum,
1192 2147 1419 2220 oculis
1472 2146 1932 2245 quaerebant,
1992 2169 2170 2216 voce
2232 2141 2649 2241 poscebant.

532 2261 861 2351 Quorum
892 2257 1010 2330 ille
1038 2259 1197 2331 telis
1226 2257 1562 2349 libenter,
1593 2257 1670 2328 in
1695 2271 1898 2328 tanto
1929 2257 2168 2343 luctu,
2191 2277 2276 2326 ac
2299 2253 2658 2325 desiderio

530 2372 715 2459 mei,
761 2397 915 2444 non
962 2369 1415 2469 repugnandi
1434 2365 1491 2457 ⁸,
1541 2368 1664 2443 sed
1724 2366 2080 2440 moriendi
2129 2389 2343 2437 causa
2400 2388 2658 2461 corpus

531 2482 911 2555 obtulisset
937 2506 1146 2552 suum
1170 2536 1189 2568 ,
1220 2482 1355 2552 nisi
1384 2505 1584 2552 suam
1615 2481 1834 2550 vitam
1864 2478 1950 2549 ad
1981 2499 2181 2576 spem
2213 2477 2355 2547 mei
2387 2474 2658 2546 reditus

528 2606 978 2663 reservasset.
1020 2590 1255 2661 Subiit
1297 2605 1540 2663 tamen
1580 2591 1726 2661 vim
1755 2590 1950 2661 illam
1984 2586 2332 2660 nefariam
2359 2608 2655 2657 consce-

529 2702 920 2771 leratorum
961 2699 1365 2787 latronum3
1410 2714 1484 2773 et
1502 2752 1521 2784 ‚
1567 2722 1795 2798 quum
1839 2698 1932 2771 ad
1975 2697 2216 2770 fratris
2265 2697 2574 2767 salutem
2615 2720 2654 2764 a

529 2809 803 2909 populo
853 2832 1156 2881 romano
1196 2809 1721 2909 deprecandam
1761 2812 2110 2895 venisset,
2148 2805 2402 2906 pulsus
2439 2830 2479 2875 e
2517 2808 2657 2874 Ro-

530 2921 734 3008 stris,
784 2921 863 2990 in
906 2920 1202 2992 comitio
1242 2922 1502 3019 jacuit,
1553 2945 1777 3021 seque
1825 2943 2200 2991 servorum
2246 2932 2319 2988 et
2365 2914 2654 2987 liberto-

528 3162 661 3229 tpud
678 3162 931 3217 Gentem,
952 3160 1009 3209 Β.
1032 3158 1093 3207 G.
1118 3162 1190 3208 VI
1204 3196 1218 3221 ,
1242 3169 1271 3217 4
1283 3195 1299 3220 ,
1316 3176 1552 3227 peragere

528 3242 783 3291 concilium
820 3240 1068 3288 habemus.
1112 3239 1263 3303 Quod
1297 3254 1411 3288 une
1444 3254 1549 3287 non

530 3322 707 3370 durum
750 3316 909 3367 mium
958 3332 1103 3384 qnam
1144 3319 1279 3383 opud
1329 3330 1550 3369 nostrum

530 3400 750 3449 videatur
762 3410 956 3447 neeesse
976 3408 1063 3447 est.

600 3487 650 3536 4.
690 3478 949 3541 Templum.
978 3482 1153 3529 Rostr-
1182 3488 1237 3526 et
1265 3477 1425 3525 fomm
1442 3514 1457 3537 ,
1490 3488 1550 3525 ut

528 3572 675 3623 upra
724 3556 889 3605 videre
940 3556 1050 3606 fixit.
1094 3580 1165 3593 --
1213 3559 1345 3605 Ante
1394 3556 1546 3603 lucem

526 3637 797 3701 occupavit.
816 3638 895 3685 Ne
910 3645 1075 3701 ponet
1096 3636 1159 3684 ab
1182 3636 1392 3684 inimicis
1412 3634 1550 3683 aditu

532 3716 798 3785 prohiheri.

600 3800 648 3848 5.
678 3800 833 3845 Actor
847 3794 943 3843 hic.
970 3794 1163 3843 Sextius
1188 3792 1294 3849 ille,
1321 3792 1408 3857 qui
1434 3806 1549 3840 enn-

520 3892 624 3926 am
650 3890 809 3924 meam
832 3885 931 3923 tem
950 3871 1113 3921 vivide
1133 3881 1419 3934 susceperat.
1446 3870 1546 3919 Ne-

518 3972 620 4020 que
662 3956 791 4003 enlm
835 3952 983 4001 verbe
1034 3966 1090 3999 ea
1132 3949 1197 3997 ed
1238 3948 1544 4008 Fabricium,

522 4034 746 4099 quamvis
806 4032 1001 4080 volente
1052 4028 1279 4079 Munatio
1298 4060 1313 4085 ‚
1376 4026 1544 4075 referri

422 4120 430 4125 ⁴
523 4122 739 4179 possent.

1709 3161 1760 3211 6.
1783 3158 1919 3223 Quid
1931 3156 2020 3207 illi.
2041 3158 2116 3207 De
2133 3155 2383 3208 Clodianis
2401 3154 2502 3203 diei
2513 3157 2659 3204 mani·

1640 3242 1810 3289 festum
1832 3251 1903 3289 est
1931 3254 1946 3289 :
1975 3248 2250 3287 accusatum
2273 3236 2402 3284 enirn
2423 3252 2452 3283 a
2471 3235 2656 3283 Milone

1637 3320 1865 3370 Clodium
1879 3355 1893 3378 ,
1916 3317 2054 3383 quod
2081 3316 2262 3366 cedem
2283 3330 2394 3364 cum
2417 3314 2654 3379 gladiato-

1637 3399 1772 3448 ribus
1786 3400 1839 3447 in
1854 3400 1962 3446 soro
1977 3398 2184 3456 fecisset,
2195 3396 2292 3445 nio
2307 3396 2394 3443 lib.
2407 3394 2655 3452 XXXIX,

1635 3480 1868 3543 scriptum
1887 3478 2112 3541 renquit:
2131 3488 2182 3524 et
2202 3475 2262 3523 de
2282 3472 2653 3539 gladintoribus,

1635 3574 1760 3621 quos
1777 3556 1971 3622 Appius
1985 3566 2166 3621 pretor
2181 3553 2358 3603 Clodio
2375 3552 2511 3600 fratri
2527 3566 2658 3600 eon·

1635 3636 1876 3695 mod-vit,
1895 3635 2019 3683 infra
2037 3635 2114 3683 bis
2131 3633 2445 3699 significatur.

1709 3734 1758 3777 ¹7.
1787 3718 1857 3763 M.
1888 3714 2114 3779 Cispium.
2143 3714 2301 3777 Quem
2324 3714 2375 3760 in
2403 3710 2655 3760 Planci-na

1635 3794 1820 3860 optime
1847 3793 1906 3843 de
1931 3810 1982 3841 se
2009 3796 2233 3842 meritum
2253 3792 2510 3859 predicat,
2535 3800 2656 3861 eqe-

1632 3891 1728 3940 que
1749 3874 1916 3923 salutis
1935 3890 2036 3922 non
2057 3874 2206 3923 modo
2229 3888 2331 3923 non
2349 3880 2654 3936 oppugnato-

1631 3968 1732 4001 rem
1747 3988 1762 4012 ‚
1783 3952 1868 4000 sed
1887 3954 2032 4002 etiam
2053 3952 2351 4001 defensorem
2369 3950 2535 3997 fuisse.

1703 4034 1753 4081 8.
1781 4034 2102 4082 Hottomann.
2130 4032 2316 4080 invenit
2342 4032 2394 4078 in
2418 4028 2546 4078 Mss
2571 4024 2654 4074 de-

1623 4112 1897 4179 pugnandi.
1929 4114 1959 4163 J
1967 4146 1979 4159 .
1997 4115 2061 4159 V.
2086 4114 2140 4159 L.
