2996 4694
510 404 650 477 268
1135 411 1231 478 M.
1281 410 1358 477 T.
1415 407 2007 479 CICERONIS

501 530 866 626 praetorias
885 583 904 617 ,
940 544 1025 601 ut
1057 544 1132 601 et
1165 545 1503 628 praetores
1537 554 1811 601 annuas
1844 529 2248 628 provincias
2279 527 2629 615 habeant,

505 652 580 711 et
628 664 752 711 eos
807 662 1026 736 quam
1081 639 1393 737 primum
1441 640 1809 713 videamus
1828 694 1849 727 ,
1900 664 2087 736 quos
2136 642 2377 710 animo
2420 664 2631 737 aequo

506 746 752 821 videre
782 774 935 821 non
969 774 1376 846 possumus.

605 862 793 931 vm.
838 858 982 932 Sed
1022 860 1199 932 mihi
1242 860 1547 933 credite:
1578 884 1980 957 numquam
2010 858 2432 931 succedetur
2458 859 2628 945 illis,

503 973 642 1043 nisi
683 996 914 1068 quum
960 995 1042 1042 ea
1077 971 1234 1068 lege
1271 968 1627 1043 referetur
1648 980 1704 1059 ¹,
1746 996 1889 1069 qua
1934 970 2275 1042 intercedi
2320 968 2411 1041 de
2454 994 2630 1068 pro-

505 1083 758 1154 vinciis
797 1106 949 1151 non
989 1080 1251 1153 licebit.
1285 1084 1542 1179 Itaque
1564 1134 1583 1165 ,
1625 1082 1769 1153 hoc
1800 1097 2130 1179 tempore
2168 1082 2426 1151 amisso
2448 1135 2468 1168 ,
2506 1105 2628 1151 an-

503 1202 688 1265 nus²
727 1206 837 1264 est
871 1192 1151 1287 integer
1186 1190 1392 1263 vobis
1427 1190 1952 1289 exspectandus
1980 1218 1995 1260 :
2034 1215 2184 1287 quo
2215 1190 2589 1283 interjecto
2608 1244 2628 1275 ‚

505 1307 772 1375 civium
819 1303 1214 1389 calamitaS,
1259 1304 1625 1375 sociorum
1658 1326 1973 1374 aerumna
1991 1356 2010 1391 ,
2052 1301 2627 1373 sceleratissimo·

503 1438 669 1484 rum
708 1414 1085 1485 hominum
1123 1416 1515 1512 impunitas
1550 1426 2009 1511 propagatur.

605 1522 824 1613 Quod
877 1526 938 1595 si
990 1537 1232 1595 essent
1272 1522 1374 1593 illi
1419 1519 1722 1621 optimi-⁹·
1784 1524 1954 1609 viri,
2003 1537 2244 1593 tamen
2296 1544 2431 1618 ego
2472 1544 2629 1591 mea

509 1636 864 1703 sententia
907 1636 986 1704 C.
1036 1634 1297 1705 Caesari
1333 1631 1863 1705 succedendum
1902 1630 2231 1703 nondum
2271 1644 2625 1727 putarem.

510 1744 673 1832 Qua
726 1742 818 1815 de
866 1767 945 1815 re
995 1743 1267 1832 dicam,
1319 1758 1559 1842 patres
1610 1744 2040 1840 conscripti,
2094 1740 2294 1838 quod
2350 1742 2629 1823 sentio,

505 1867 723 1951 atque
759 1854 956 1926 illam
995 1853 1644 1954 interpellationem
1682 1858 1823 1925 mei
1856 1852 2371 1925 familiarissimi
2388 1857 2444 1940 ⁴,
2483 1876 2629 1949 qua

507 1963 752 2063 paullo
805 1980 972 2037 ante
1035 1966 1441 2063 interrupta
1503 1978 1613 2036 est
1669 1966 1899 2036 oratio
1961 1987 2161 2047 mea,
2214 1988 2361 2033 non
2402 1966 2625 2059 perti-

507 2098 840 2145 mescam.
893 2078 1122 2172 Negat
1157 2098 1276 2147 me
1309 2076 1419 2145 vir
1453 2076 1772 2174 optimus
1807 2074 2283 2145 inimiciorem
2314 2071 2626 2144 Gabinio

504 2182 773 2257 debere
816 2209 972 2257 esse
991 2238 1011 2272 ,
1063 2209 1282 2282 quam
1324 2186 1582 2258 Caesari
1611 2213 1627 2256 :
1666 2190 1955 2256 omnem
1990 2184 2181 2255 enim
2213 2182 2407 2253 illam
2441 2196 2627 2253 tem-

503 2309 853 2393 pestatem
873 2351 894 2384 ‚
942 2298 1062 2368 cui
1097 2300 1426 2370 cesserim
1445 2351 1464 2386 ,
1508 2300 1782 2368 Caesare
1812 2293 2207 2393 impulsore
2248 2306 2466 2390 atque
2508 2291 2627 2364 ad-

495 2405 736 2500 jutore
796 2431 949 2478 esse
1010 2411 1410 2479 excitatam.
1481 2408 1619 2479 Cui
1680 2408 1737 2478 si
1802 2407 2123 2504 primum
2179 2405 2278 2474 sic
2332 2427 2627 2502 respon-

499 2513 708 2585 deam
734 2511 789 2602 5,
819 2541 937 2586 me
969 2519 1376 2588 communis
1403 2518 1733 2589 utilitatis
1757 2515 2022 2588 habere
2049 2517 2405 2586 rationem
2422 2568 2441 2598 ‚
2472 2539 2623 2585 non

499 2622 768 2696 doloris
823 2629 1012 2712 mei;
1054 2629 1418 2724 possimne
1467 2625 1813 2725 probare,
1854 2649 2085 2723 quum
2120 2624 2195 2695 id
2238 2647 2355 2693 me
2390 2620 2623 2693 facere

496 2731 766 2820 dicam,
822 2735 1020 2831 quod
1059 2734 1390 2832 exemplo
1428 2734 1979 2807 fortissimorum
2002 2731 2036 2777 ⁶
2087 2749 2160 2805 et
2203 2734 2624 2804 clarissimo·

2492 2845 2521 2880 δ’

561 2952 702 3001 vul.
728 2966 771 3000 1.
786 2950 897 2998 Nisi
911 2968 1058 3016 quum
1069 2967 1131 3000 ea
1145 2953 1250 3017 lege
1269 2951 1516 3017 refer-enar.
1602 2955 1723 3003 Cato
1744 2987 1758 3013 ,
1780 2965 1863 3002 sut
1885 2953 2129 3002 Domitius
2148 2953 2501 3003 Ahenobarbus
2519 2955 2623 3003 Cae-

493 3031 557 3079 ld
573 3042 646 3079 est
660 3066 676 3091 ,
697 3031 800 3095 lege
817 3033 1118 3094 Sempronia.
1138 3059 1210 3069 —
1231 3034 1304 3080 De
1314 3033 1512 3095 provin·
1601 3035 1719 3082 saris
1754 3034 2100 3090 inimicissimi,
2134 3035 2248 3097 quin
2282 3033 2483 3082 consilia
2516 3033 2620 3092 ejus

493 3109 598 3159 ciis.
621 3111 839 3171 Scilicet,
861 3111 1211 3160 consularibus.
1229 3111 1326 3161 Sed
1343 3129 1519 3161 cousu-
1600 3109 2002 3178 prospiciebant?

495 3189 564 3239 les
598 3191 865 3255 provinciis
899 3191 1235 3239 consularibus
1277 3193 1515 3258 imperare

496 3285 598 3318 non
624 3271 694 3317 fas
723 3281 858 3327 eret,
893 3269 990 3317 nisi
1028 3285 1158 3318 suno
1183 3283 1301 3334 post
1331 3287 1513 3321 consu-

494 3347 663 3398 latum.

569 3442 621 3475 a.
651 3432 837 3474 Aemus.
853 3429 970 3490 Quo
985 3429 1292 3476 comulatam
1311 3441 1511 3491 get-unu

491 3519 584 3570 pei·
617 3521 760 3568 quem
793 3521 975 3554 annum
995 3507 1108 3555 Piso
1125 3517 1175 3555 et
1193 3503 1430 3555 Gabinius
1457 3510 1513 3555 iu

491 3582 762 3632 latrociniis
778 3584 1062 3648 perstabunt
1074 3619 1090 3644 ,
1113 3596 1207 3634 etc.

565 3664 613 3710 3.
639 3663 785 3725 Quod
797 3663 842 3709 si
859 3674 1015 3710 essent
1032 3661 1108 3711 illi
1121 3661 1303 3726 optimi·
1330 3663 1389 3710 Id
1410 3675 1508 3724 est,

487 3741 690 3805 quando
707 3740 905 3804 quidem
923 3743 1038 3789 Piso
1057 3751 1108 3788 et
1123 3741 1362 3789 Gabinius
1378 3745 1509 3806 opti·

489 3821 557 3867 mi
577 3821 763 3878 forent,
787 3831 834 3866 et
853 3819 996 3868 laude
1017 3817 1306 3882 dignissimi.

559 3907 608 3953 4.
637 3897 1083 3961 ΙπταφοΙΙαιὶοησηι
1107 3896 1204 3943 mei
1203 3895 1505 3960 familiaris·-

483 3975 609 4024 simi,
637 3977 760 4038 Quis
787 3977 930 4023 suerit
959 3975 1072 4030 ille,
1097 3991 1202 4022 non
1229 3975 1396 4038 liquet.
1420 3980 1505 4025 An

480 4053 652 4100 consul
671 4054 926 4116 Philippus
942 4085 958 4111 ,
987 4069 1132 4114 quem
1151 4069 1272 4101 mox
1289 4057 1503 4118 compel-

1675 3193 1723 3240 5.
1760 3192 1841 3239 Sic
1872 3191 2212 3256 respondeam.
2252 3193 2336 3241 Ad
2368 3191 2495 3240 hauc
2524 3191 2618 3240 ob-

1596 3271 1856 3331 jectionem
1892 3287 1944 3319 se
1976 3273 2233 3335 praemuuit
2267 3282 2448 3330 orator,
2482 3281 2623 3320 aute-

1601 3365 1745 3413 quam
1764 3351 1815 3396 in
1836 3349 2026 3398 laudem
2046 3350 2247 3400 Cauris
2264 3350 2405 3415 plura
2428 3351 2580 3399 dicat.

1670 3429 1723 3478 6.
1766 3430 2008 3493 Exemplo
2031 3428 2444 3496 fortissimorum.
2466 3461 2480 3476 .
2502 3466 2514 3478 .
2544 3431 2621 3478 ci·

1598 3505 1742 3554 vium.
1773 3509 1952 3555 Praeter
1978 3506 2195 3572 exempla
2212 3543 2229 3569 ,
2256 3525 2367 3572 qua
2391 3511 2619 3572 proxime

1598 3585 1883 3644 afferentur,
1916 3585 2133 3651 lepidum
2161 3598 2258 3645 at,
2300 3587 2437 3652 quod
2472 3587 2619 3637 refert

1596 3663 1808 3726 Quintil.
1832 3663 1921 3714 lib.
1940 3667 2039 3713 ΧΠ
2056 3700 2071 3725 ,
2092 3683 2201 3731 cap.
2228 3682 2251 3714 ι
2275 3684 2290 3715 2
2314 3690 2338 3711 ι
2360 3667 2502 3716 Certe
2530 3671 2619 3716 Fa·

1596 3742 1775 3791 bricius
1816 3743 2095 3793 Comeliuim
2129 3743 2363 3794 Rufinum
2385 3781 2401 3807 ,
2430 3747 2619 3811 alioqui

1594 3909 1755 3949 tamen
1772 3905 1884 3968 quia
1906 3905 2074 3953 utilem
2100 3906 2279 3954 sciebat
2298 3905 2473 3956 ducem
2490 3943 2503 3966 ,
2531 3909 2617 3954 im·

1592 3981 1805 4030 minente
1832 3983 1963 4032 bello
1982 4019 1999 4044 ,
2037 3985 2195 4048 palum
2224 3985 2475 4034 consulem
2507 3987 2615 4033 snt-

1592 4059 1745 4122 fragio
1782 4077 1869 4110 suo
1894 4063 2036 4124 fecit,
2074 4077 2219 4129 etque
2247 4064 2299 4113 id
2325 4065 2617 4114 mirantibus

481 4128 635 4178 labit?
651 4146 714 4178 au
733 4130 949 4194 Philippi
969 4129 1180 4194 collega,
1203 4142 1285 4180 ant
1303 4133 1501 4184 Marcus
1588 4138 1875 4199 quibusdam
1910 4143 2193 4205 mpoudiu
2229 4167 2255 4187 ιι
2272 4146 2393 4194 Cive
2420 4163 2470 4194 se
2497 4163 2617 4210 spo-
