2996 4694
512 373 649 468 492
850 409 867 430 .
1141 373 1236 440 M.
1286 373 1364 440 T.
1420 372 2016 443 memmius

508 509 581 566 et
622 491 1009 591 impedit0‚
1046 507 1121 564 et
1156 491 1493 564 muliebri
1531 515 1614 564 ac
1657 491 1962 566 delicato
2003 490 2422 566 ancillarum
2462 519 2654 592 pue·

506 630 907 704 rerumque
950 605 1368 676 comitatu9.

606 717 716 785 Fit
753 713 1043 786 obviam
1092 713 1351 786 Clodio
1400 727 1572 786 ante
1613 711 1922 786 fundum
1961 713 2224 809 ejus¹⁰‚
2271 711 2454 784 hora
2495 711 2656 784 fere

508 824 997 914 undecimau,
1036 839 1163 896 aut
1196 850 1351 897 non
1385 823 1622 896 multo
1657 849 1890 898 secus.
1931 825 2186 896 Statim
2233 823 2658 921 complures

508 961 677 1008 cum
720 937 881 1008 telis
920 939 996 1006 in
1044 935 1317 1008 hunc¹²
1360 935 1636 1008 faciunt
1672 935 1763 1008 de
1807 935 1971 1007 loco
2008 937 2384 1032 superiore
2415 936 2658 1031 impe-

506 1062 687 1131 tum.
724 1045 1019 1118 Adversi
1066 1045 1481 1121 rhedarium
1533 1045 1896 1120 occidunt.
1937 1048 2184 1136 Quum
2237 1059 2480 1118 autem
2527 1043 2660 1114 hic

506 1153 600 1228 de
634 1154 894 1246 rheda,
936 1156 1198 1252 rejecta
1227 1157 1534 1254 penula,
1573 1155 1980 1228 desiluisset
2001 1211 2022 1246 ,
2053 1179 2278 1253 seque
2313 1155 2460 1226 acri
2491 1156 2656 1224 ani-

514 1289 635 1336 mo
685 1263 1143 1354 defenderet,
1188 1263 1329 1354 illi,
1392 1267 1522 1364 qui
1575 1281 1782 1340 erant
1833 1290 2004 1340 cum
2057 1265 2345 1353 Clodio,
2401 1264 2658 1362 gladiis

511 1373 791 1447 eductis
811 1429 831 1460 ,
868 1378 1129 1474 partim
1165 1399 1540 1448 recurrere
1577 1374 1667 1447 ad
1713 1375 2048 1463 rhedam,
2087 1389 2170 1446 ut
2207 1399 2250 1446 a
2283 1389 2484 1472 tergo
2519 1374 2660 1444 Mi-

510 1485 753 1556 lonem
790 1484 1284 1573 adorirentur3
1323 1487 1622 1584 partim,
1671 1486 1873 1584 quod
1899 1487 2110 1560 ,hunc
2155 1488 2308 1583 jam
2353 1482 2658 1559 interfe-

512 1611 709 1666 ctum
736 1610 1076 1694 putarent
1096 1650 1117 1685 ,
1145 1596 1419 1684 caedere
1444 1597 1808 1694 incipiunt
1837 1598 1994 1694 ejus
2023 1620 2301 1683 servos,
2331 1597 2458 1692 qui
2487 1609 2660 1694 post

512 1717 719 1774 erant
764 1730 782 1772 ε
846 1729 937 1776 ex
982 1705 1253 1804 quihus
1307 1710 1433 1806 qui
1482 1709 1731 1779 animo
1778 1706 1976 1780 fideli
2025 1709 2100 1781 in
2143 1706 2524 1780 dominum
2577 1719 2660 1778 et

513 1817 851 1912 praesenti
892 1814 1231 1907 suerunt,
1280 1820 1544 1918 partim
1598 1820 1817 1892 occisi
1859 1832 2064 1906 sunt;
2115 1820 2378 1917 partim
2419 1839 2660 1914 quum

512 1923 603 1995 ad
653 1924 951 1998 rhedam
998 1930 1305 2027 pugnari
1351 1927 1719 2024 viderent,
1761 1943 1836 2000 et
1891 1927 2192 2000 domino
2233 1949 2660 2003 succurrere

513 2035 1108 2135 prohiberentur,
1150 2039 1654 2136 Milonemque
1709 2041 2030 2112 occisum
2079 2038 2298 2109 etiam
2353 2059 2444 2108 ex
2493 2037 2660 2135 ipso

516 2147 773 2218 Clodio
812 2147 1183 2238 audirent,
1220 2163 1296 2220 et
1330 2151 1427 2222 ita
1473 2141 1710 2222 esse¹3
1759 2161 2099 2248 putarent
2124 2201 2144 2234 ,
2199 2136 2528 2218 fecerunt
2571 2143 2660 2215 id

514 2256 699 2328 servi
752 2257 1123 2332 Milonis¹⁴
1180 2257 1451 2356 (dicam
1498 2261 1692 2332 enim
1739 2283 1889 2332 non
1926 2255 2300 2330 derivandi
2333 2255 2662 2330 criminis

515 2392 769 2456 causa,
808 2369 935 2443 sed
981 2384 1064 2443 ut
1104 2370 1373 2443 factum
1418 2372 1602 2467 est),
1635 2394 1880 2469 neque
1925 2372 2372 2468 imperante,
2409 2390 2660 2465 neque

516 2481 825 2569 sciente,
855 2506 1096 2577 neque
1132 2496 1483 2580 praesente
1518 2481 1822 2555 domino
1844 2534 1864 2569 ,
1903 2478 2106 2579 quod
2143 2504 2314 2551 suos
2341 2481 2658 2575 quisque

516 2612 763 2659 servos
787 2584 854 2632 ¹⁵
891 2590 969 2659 in
1012 2590 1135 2661 tali
1171 2615 1250 2662 re
1290 2590 1529 2663 facere
1564 2592 1928 2664 voluisset.

612 2704 739 2771 XI.
794 2703 959 2769 Haec
979 2752 1001 2787 ,
1044 2702 1231 2773 sicut
1266 2703 1604 2800 exposui,
1650 2704 1752 2774 ita
1791 2716 1990 2799 gesta
2041 2712 2286 2787 sunt¹,
2315 2696 2596 2796 judiees
2637 2728 2658 2768 ε

586 2946 639 2996 9.
686 2933 945 3001 comitatu.
998 2934 1285 2987 Notandum
1323 2946 1397 2985 est
1438 2952 1542 2999 quo

514 3010 723 3061 artificio
762 3022 931 3061 orator
956 3013 1203 3079 depingit,
1234 3014 1395 3064 verbis
1426 3014 1542 3061 lon-

516 3092 590 3154 gis
610 3126 626 3151 ,
648 3092 940 3156 gravissimis
954 3129 969 3153 ,
1006 3094 1351 3162 impedimento
1377 3095 1542 3143 omnin

514 3172 695 3235 quibus
738 3173 863 3221 Milo
910 3173 1125 3223 irretitus
1174 3175 1267 3223 iter
1306 3172 1540 3223 habebat.

514 3252 680 3315 anm
721 3251 783 3300 de
819 3252 995 3301 Clodio
1022 3255 1194 3317 agitur,
1232 3254 1395 3303 omnia
1430 3270 1542 3301 mu-

513 3339 705 3390 tantur,
740 3330 1003 3397 abruptum
1036 3332 1231 3381 dicendi
1256 3348 1409 3397 genna
1436 3345 1542 3393 est,

514 3418 566 3456 et
590 3424 737 3459 voees
759 3409 1055 3462 brevissima
1078 3412 1304 3461 facillime
1324 3412 1504 3464 fluunt.

593 3503 671 3534 ιο.
708 3490 841 3537 Ante
854 3478 1077 3552 fiendum
1108 3492 1231 3556 ejus.
1268 3493 1343 3541 Ex
1368 3491 1460 3539 hac
1490 3508 1544 3541 re

516 3574 685 3629 postes
703 3582 930 3632 mgnum
954 3570 1005 3617 in
1028 3568 1257 3620 Clodium
1280 3570 1438 3619 trehet
1463 3586 1542 3618 ιι·-

518 3656 824 3709 gumentnm.

589 3742 670 3775 ιι.
720 3728 1009 3778 Undecima.
1064 3730 1201 3777 Hora
1252 3728 1337 3777 illa
1386 3730 1543 3778 tertia

514 3816 694 3855 nostra
718 3808 1065 3871 pomeridiana
1092 3822 1204 3853 eum
1231 3806 1439 3855 dimidio
1464 3824 1542 3855 re·

514 3886 742 3950 spondet.

590 3980 670 4015 ια.
696 3968 757 4013 In
778 3965 922 4013 hunc.
949 3968 1005 4013 Iu
1030 3962 1288 4015 Milonem.
1312 3994 1384 4005 —
1408 3970 1542 4029 Loco

514 4044 771 4111 superiore.
798 4045 929 4093 Hine
956 4042 1195 4109 probatur
1220 4046 1453 4099 Clodium
1478 4046 1546 4093 sd

519 4140 728 4189 pugnam
747 4123 909 4173 locam
933 4124 1149 4189 elegisse.

1707 2936 1789 2986 13.
1813 2936 2038 2985 Graevius
2062 2934 2200 2983 addit
2223 2949 2280 2981 m
2304 2948 2430 2983 vem
2457 2946 2488 2980 e
2509 2931 2660 2981 MSS.

1709 3024 1790 3073 ιι.
1819 3016 2010 3064 Eme-t.
2035 3012 2348 3077 pronuntiat,
2365 3010 2511 3061 verb·
2529 3010 2661 3069 hae,

1629 3091 1754 3143 servi
1771 3093 1990 3151 Milonis,
2014 3094 2118 3141 sine
2137 3090 2292 3139 dnbio
2311 3088 2514 3139 delenda
2535 3104 2664 3137 esse.

1629 3174 1738 3221 Nos
1761 3172 2057 3221 dubitamus.
2079 3172 2132 3219 J.
2151 3172 2218 3219 V.
2245 3172 2300 3217 Ι..

1707 3253 1770 3301 15
1776 3287 1790 3301 .
1835 3254 1955 3299 Suos
1990 3250 2202 3315 quae'sque·
2223 3263 2400 3296 servos.
2439 3243 2662 3309 mirabili

1628 3332 1782 3381 modo
1809 3340 1976 3381 orator
1993 3344 2162 3380 necem
2179 3326 2343 3377 Clodii
2365 3325 2626 3374 adumbrat
2639 3341 2660 3375 ε

1629 3410 1892 3461 historiens
1909 3420 2096 3459 tentum
2109 3398 2408 3472 scripsisset:
2429 3404 2662 3457 clodium

1628 3491 1758 3537 servi
1781 3490 1984 3539 Milonis
2013 3488 2317 3537 interfecere.
2355 3484 2452 3534 Sed
2483 3484 2664 3533 cicero

1629 3585 1732 3635 qno
1771 3571 1840 3619 rei
1875 3568 2154 3633 gravitatem
2183 3565 2424 3623 declinet,
2461 3563 2566 3611 hac
2594 3562 2664 3611 sit

1629 3664 1742 3713 qna
1769 3665 1870 3696 rem
1902 3647 2076 3695 animis
2091 3646 2316 3708 judicum
2343 3642 2632 3693 denuntient
2647 3676 2664 3700 ,

1630 3728 1718 3777 sed
1732 3744 1842 3793 qnae
1857 3726 1995 3777 nullo
2009 3726 2162 3775 modo
2175 3725 2412 3774 Milonem
2427 3724 2480 3771 in
2493 3720 2662 3769 odium

1627 3807 1870 3857 adducere
1893 3806 2164 3871 potuerint.
2194 3806 2306 3852 Hoc
2343 3801 2514 3849 eod-
2553 3816 2664 3847 ver-

1629 3888 1808 3937 borum
1828 3886 2038 3939 artificio
2069 3902 2186 3935 usus
2211 3894 2284 3933 est
2307 3882 2666 3931 Demosthenes

1632 3967 1688 4015 in
1721 3968 1862 4031 Lysia
1875 4001 1890 4025 ,
1925 3982 2078 4031 quum
2109 3961 2442 4015 Eratosthenis
2479 3960 2664 4009 caedem

1632 4048 1904 4095 denuntiet.
2469 4042 2480 4059 ¹

1705 4126 1798 4175 xl.
1820 4142 1864 4175 ι.
1881 4128 1962 4173 Ita
1981 4136 2116 4189 gesta
2141 4134 2254 4173 sune
2268 4156 2283 4183 ,
2301 4119 2518 4186 judices.
2542 4118 2678 4171 Nan,
