2996 4694
1035 388 1790 463 ARGUMENTUM.
1970 398 1979 419 ¹
2348 414 2470 487 171

449 526 628 586 retur,
661 512 736 573 ab
779 511 852 570 iis
896 524 984 571 est
1017 511 1352 572 interfectus
1376 538 1420 567 n.
1451 514 1620 574 Conl'.
1666 511 1778 571 Dio
1823 510 1922 569 lib.
1962 494 2152 587 XLu3
2180 510 2330 589 Epit.
2351 514 2479 571 Liv.

445 610 546 670 lib.
567 611 722 670 CXI.
748 636 771 658 ι·
801 611 1092 669 Hactenus
1123 610 1440 669 Manutius.

520 824 650 879 Jam
676 820 948 879 orationis
968 839 1078 899 pro
1101 820 1284 880 Coelio
1303 834 1534 879 causam
1557 830 2043 898 et·argumentum
2069 836 2440 897 exponemus.

520 918 586 976 L.
622 913 1028 995 Sempronium
1056 917 1383 975 Atratinum
1420 930 1645 995 patrem
1690 912 1901 976 Coelius
1944 914 2019 975 de
2055 914 2276 974 ambitu
2314 934 2483 974 aecu-

445 1025 684 1072 saverat.
717 1012 854 1091 Ejus
894 1010 1276 1072 accusationis
1309 1014 1513 1073 dolore
1552 1014 1820 1073 incensus
1856 1018 1925 1073 L.
1964 1012 2260 1072 Atratinus
2302 1012 2482 1083 filius,

444 1128 560 1167 una
585 1129 718 1167 cum
749 1114 818 1169 L.
851 1109 1146 1171 Herennio
1191 1110 1435 1169 Coelium
1474 1111 1601 1190 lege
1648 1110 1879 1170 Lutatia
1916 1108 1991 1168 de
2030 1108 2091 1167 vi
2118 1128 2281 1169 reum
2314 1109 2448 1167 fecit
2473 1152 2491 1183 ,

443 1204 601 1283 quod
643 1225 679 1265 a
723 1205 930 1266 Clodia
965 1209 1029 1263 P.
1075 1204 1262 1265 Clodii
1303 1208 1503 1266 sorore
1554 1226 1760 1265 aurum
1802 1226 1875 1265 ex·
1921 1207 2170 1265 armario
2220 1218 2486 1265 mutuum

445 1302 781 1380 sumpsisset
801 1342 820 1373 ,
892 1301 1052 1379 quod
1107 1307 1174 1362 L.
1228 1302 1460 1361 Lucceii
1510 1304 1690 1362 servis
1738 1301 1905 1361 daret
1924 1345 1941 1375 ‚
1993 1321 2101 1381 per
2162 1322 2310 1381 quos
2368 1304 2483 1361 Dio

441 1397 862 1458 Alexandrinus
914 1399 1234 1475 legatorum
1287 1398 1363 1458 ab
1419 1399 1822 1459 Alexandrinis
1876 1404 2120 1459 Romam
2174 1401 2477 1459 missorum
2592 1426 2597 1431 ·

442 1495 737 1574 princeps,
757 1494 860 1572 qui
882 1508 1008 1557 tum
1029 1494 1188 1574 apud
1209 1496 1521 1555 Lucceium
1548 1494 1891 1571 habitabat,
1910 1508 2247 1569 necaretur3
2274 1495 2483 1555 deinde

443 1590 600 1669 quod
625 1590 885 1669 ejusdem
908 1590 1126 1651 Clodiae
1149 1592 1419 1651 necandas
1444 1613 1617 1653 causa
1644 1612 1932 1653 venenum
1958 1606 2236 1673 parasset.

517 1692 588 1747 In
622 1688 869 1747 exordio
899 1688 1144 1747 miratur
1167 1690 1308 1768 ipsis
1340 1688 1549 1749 diebus
1576 1690 1735 1750 festis
1768 1690 2037 1769 ludisque
2067 1690 2317 1770 publicis
2350 1694 2485 1750 (3oe-

442 1787 580 1845 lium
623 1784 1044 1845 adolescentem
1085 1785 1297 1846 illustri
1340 1788 1574 1868 ingenio
1587 1832 1605 1862 ,
1641 1787 1928 1847 industria
1944 1830 1963 1859 ‚
1988 1789 2196 1867 gratia,
2224 1782 2483 1849 accusari

442 1880 515 1940 ab
541 1882 666 1960 ejus
687 1882 808 1942 filio
830 1924 845 1953 ,
874 1902 1048 1961 quem
1075 1882 1200 1961 ipse
1231 1883 1294 1941 in
1321 1884 1608 1962 judicium
1632 1886 1887 1957 vocarit,
1916 1898 1978 1943 et
2005 1884 2340 1944 meretriciis
2361 1883 2487 1963 opi-

441 1977 549 2038 bus
570 1977 834 2059 (clodiae)
856 1982 1212 2059 oppugnari,
1245 2000 1373 2059 cap.
1399 2002 1450 2039 1.
2187 2058 2193 2065 ⁵

511 2066 734 2137 Deinde
782 2078 1033 2158 primum
1089 2079 1404 2157 respondet
1450 2079 1553 2152 iis,
1600 2098 1733 2157 quae
1768 2091 2128 2139 accusatores
2170 2079 2335 2138 Coelii
2376 2078 2480 2138 de-

440 2172 726 2232 formandi
755 2193 960 2247 causa,
1000 2187 1059 2232 et
1097 2172 1466 2233 detrahendae
1497 2173 1791 2253 dignitatis
1824 2174 2007 2253 gratia
2036 2173 2317 2232 dixerant.
2350 2175 2483 2233 Pri-
2558 2161 2566 2171 ⁵

437 2286 596 2327 mum
620 2266 880 2344 objectus
906 2282 1030 2327 erat
1057 2282 1242 2347 pater,
1272 2269 1432 2347 quod
1459 2282 1560 2327 aut
1584 2286 1793 2347 parum
1819 2266 2155 2347 splendidus
2182 2268 2305 2347 ipse
2324 2308 2343 2338 ‚
2382 2282 2485 2327 aut

441 2385 650 2444 parum
669 2365 766 2444 pie
790 2377 1066 2425 tractatus
1096 2386 1132 2424 a
1159 2367 1281 2425 filio
1315 2365 1624 2425 diceretur.
1646 2365 1875 2426 Deinde
1902 2365 2265 2444 objecerant,
2284 2365 2482 2424 muni-

437 2461 664 2541 cipibus
709 2462 826 2520 suis
868 2481 987 2521 non
1027 2483 1150 2522 esse
1180 2464 1420 2523 Coelium
1452 2462 1779 2542 probatum.
1831 2467 2157 2540 Utrumque
2198 2461 2487 2521 refutatur

439 2577 568 2637 cap.
595 2577 652 2618 2.
673 2561 824 2617 Tum
850 2558 1009 2637 quod
1035 2557 1328 2638 objectum
1361 2572 1486 2618 erat
1526 2559 1601 2618 de
1632 2557 1943 2637 pudicitia,
1978 2558 2040 2617 id
2068 2558 2272 2618 Cicero
2294 2559 2481 2618 male-

438 2654 657 2715 dictum
695 2675 820 2714 esse
854 2655 961 2730 ait,
1005 2675 1124 2717 non
1158 2657 1587 2717 accusationem
1601 2701 1619 2731 ‚
1660 2677 1786 2735 cap.
1816 2657 1873 2716 3.
1898 2661 2084 2716 Porro
2125 2669 2485 2715 accusatores

437 2752 618 2811 Coelio
660 2751 992 2830 objecerant
1032 2753 1292 2812 Catilinae
1341 2753 1815 2826 familiaritatem3
1851 2755 2048 2832 itaque
2093 2773 2227 2812 eum
2277 2752 2481 2812 Cicero

433 2845 642 2907 liberat
673 2868 708 2905 a
731 2847 1057 2927 suspicione
1077 2893 1094 2922 ,
1135 2869 1251 2928 qua
1296 2847 1643 2908 credebatur
1685 2848 2030 2908 Catilinariae
2071 2849 2483 2927 conjurationis

434 2946 724 3024 particeps
769 2945 945 3005 fuisse
959 2987 978 3020 ‚
1025 2965 1150 3026 cap.
1195 2945 1312 3016 4-6.
1365 2943 1592 3005 Deinde
1645 2944 1961 3025 respondet
2009 2945 2477 3006 adversariorum

440 3041 984 3120 reprehensionibus
1010 3042 1139 3100 aeris
1163 3043 1336 3102 alieni
1357 3056 1419 3101 et
1445 3042 1672 3121 profusi
1694 3057 1989 3121 sumptus,
2016 3043 2272 3120 itemque
2303 3044 2479 3102 semi·-

439 3137 715 3216 grationis
738 3158 773 3197 a
798 3151 991 3216 patre,
1014 3159 1138 3217 cap.
1173 3159 1229 3213 7,
1268 3139 1328 3198 8.
1373 3141 1509 3213 Quo
1536 3139 1666 3197 loco
1684 3139 1913 3218 judices
1940 3139 2227 3208 hortatur,
2269 3152 2335 3197 ut
2374 3158 2479 3198 ca-
2534 3129 2539 3140 ’

439 3248 612 3293 veant
628 3278 646 3309 ‚
678 3253 752 3293 ne
779 3249 896 3293 tam
927 3235 1087 3294 iratis
1117 3234 1357 3294 testibus
1380 3235 1655 3308 credant,
1704 3254 1831 3313 cap.
1862 3237 1919 3309 8,
1954 3256 2021 3312 93
2058 3235 2340 3311 simulque
2363 3234 2485 3294 lau-

441 3329 542 3389 dat
566 3334 836 3390 Crassum
853 3374 870 3403 ,
905 3329 1065 3408 quod
1093 3331 1343 3409 graviter
1363 3345 1424 3389 et
1449 3343 1653 3389 ornate
1685 3330 1857 3389 etiam
1888 3343 2113 3409 partem
2146 3349 2332 3389 causae
2360 3343 2485 3390 tra-

440 3427 678 3485 ctaverit
693 3469 712 3500 ,
737 3445 870 3503 quae
894 3439 1020 3486 erat
1051 3425 1126 3484 de
1164 3425 1548 3486 seditionibus
1571 3427 1997 3504 Neapolitanis,
2026 3426 2101 3485 de
2127 3426 2483 3487 Alexandri-

441 3542 648 3583 norum
672 3524 996 3602 pulsatione
1020 3525 1358 3598 Puteolana,
1382 3523 1454 3582 de
1485 3522 1655 3582 bonis
1680 3524 1853 3583 Pallae
1868 3568 1887 3598 ,
1917 3525 2113 3604 aitque
2140 3543 2203 3583 se
2228 3524 2379 3583 velle
2409 3524 2485 3584 ab

443 3618 649 3678 eodem
673 3619 847 3679 etiam
871 3619 946 3678 de
974 3619 1166 3679 Dione
1191 3617 1413 3678 dictum
1436 3639 1593 3691 esse,
1625 3638 1752 3696 cap.
1778 3639 1872 3677 10.

516 3720 644 3775 Jam
691 3716 1053 3774 convertitur
1095 3715 1284 3774 oratio
1337 3713 1409 3774 ad
1465 3721 1533 3776 L.
1578 3714 1937 3775 Herennium
1962 3758 1980 3789 ,
2020 3714 2125 3793 qui
2170 3716 2352 3774 multa
2398 3714 2474 3774 de

437 3813 604 3874 Coelii
625 3813 1040 3873 incontinentia
1052 3813 1609 3893 intemperantiaque
1621 3814 1859 3893 ejusque
1873 3813 2093 3873 deliciis
2109 3813 2477 3884 disseruerat,

438 3923 500 3969 et
526 3909 719 3970 multis
746 3909 940 3970 verbis
972 3911 1176 3970 Cicero
1213 3911 1456 3970 Coelium
1489 3923 1753 3984 excusat,
1786 3911 1866 3968 ita
1904 3924 1972 3969 ut
2012 3909 2273 3990 Clodiam
2311 3909 2481 3970 simul

440 4007 820 4086 perstringat,
847 4027 975 4086 cap.
1005 4027 1030 4066 1
1047 4027 1196 4066 1-20.
2352 4017 2357 4022 ’

521 4107 670 4162 Tum
711 4103 931 4164 accedit
968 4104 1040 4163 ad
1071 4104 1311 4164 crimina
1343 4105 1583 4184 proprie
1614 4106 1695 4164 sic
1737 4102 1889 4162 dicta
1927 4098 2231 4172 diluenda;
2270 4103 2331 4160 in
2363 4122 2483 4179 quo
