2996 4694
464 350 644 437 654
1214 371 1222 379 ·
1360 369 1706 420 rmum.

469 487 566 554 M.
595 486 673 553 Τ.
708 482 1053 553 Ciceronis
1087 484 1442 551 orationeS.
1479 524 1577 534 —
1617 483 1856 552 Oratio
1897 507 2022 576 pro
2049 485 2127 552 T.
2158 486 2240 551 A.
2273 431 2404 552 Mi-

570 597 744 667 lone.
778 637 876 648 —
916 583 1155 666 Oratio
1186 597 1869 693 undequadragesima
1887 650 2391 669 ...........
2457 597 2601 694 473

473 717 958 808 Argumentum
1012 762 1710 783 ...............
1740 775 1742 778 ,
1743 765 2391 782 ..............
2461 709 2604 809 549

465 830 564 897 Μ.
599 829 678 896 Τ.
722 824 1064 894 Ciceronis
1095 806 1454 900 orationes.
1498 867 1594 885 ——
1615 829 1874 898 Oratio
1911 852 2039 922 pro
2074 831 2171 897 M.
2221 831 2408 898 Mar·

568 939 757 1013 cello.
792 981 890 992 —
924 941 1161 1011 Oratio
1196 944 1703 1039 quadragesima
1745 997 2393 1016 ..............
2461 941 2599 1016 553
2637 971 2646 977 ’

468 1061 967 1155 Argumentum
1016 1113 1033 1132 .
1066 1115 1081 1132 .
1114 1105 1143 1128 .-
1162 1109 2346 1132 .........................
2345 1087 2352 1092 ·
2379 1113 2392 1128 .
2463 1059 2601 1156 577

468 1176 570 1244 Μ.
594 1179 673 1246 Τ.
713 1177 1065 1248 Ciceronis
1100 1177 1459 1248 orationes.
1494 1213 1592 1230 -a
1627 1174 1868 1245 Oratio
1903 1199 2029 1269 pro
2072 1175 2159 1265 Q.
2205 1174 2407 1270 Liga-

568 1291 691 1360 rio.
727 1332 825 1344 —-
852 1293 1097 1362 Oratio
1134 1293 1350 1386 prima
1381 1306 1448 1361 et
1484 1291 1992 1385 quadragesima
2036 1339 2395 1360 ........
2463 1285 2604 1384 579

464 1407 963 1500 Argumentum
1014 1455 2396 1476 .............................
2458 1399 2604 1472 605

461 1522 563 1589 Μ.
592 1522 667 1589 Τ.
706 1520 1053 1591 Ciceronis
1093 1520 1447 1588 orationes.
1493 1560 1591 1570 —
1636 1519 1874 1590 Oratio
1913 1542 2036 1611 pro
2075 1542 2229 1612 rege
2273 1517 2412 1586 De·

555 1634 794 1727 jotarm
824 1671 921 1688 —-—
944 1635 1186 1705 Oratio
1218 1634 1512 1704 secunda
1549 1649 1620 1704 et·
1659 1633 2164 1729 quadragesima
2180 1685 2393 1703 .....
2455 1632 2604 1728 609

459 1750 565 1818 De
584 1747 1031 1818 Ambrosiano
1064 1750 1566 1820 Commentario
1596 1747 1895 1818 Editor-is
1913 1748 2406 1842 praemonitum.
2457 1743 2592 1833 641

461 1867 547 1964 113
611 1862 987 1934 orationem
1044 1863 1475 1934 Vatinianam
1547 1861 1918 1933 scholiastae
1980 1861 2407 1933 Ambrosiani

556 1978 1099 2050 Commentarius
1160 2032 1174 2046 .
1209 2013 1231 2046 .·
1257 2032 1271 2046 .
1305 2032 1319 2047 .
1356 2033 1369 2048 .
1404 2032 1420 2048 .
1454 2033 1467 2048 .
1503 2015 1522 2044 .·
1551 2030 2395 2048 ..................
2457 1975 2604 2064 643

460 2095 541 2161 In
593 2093 968 2162 orationem
1030 2114 1156 2188 pro
1194 2089 1518 2163 Marcello
1570 2091 1938 2163 scholiastae
1978 2092 2407 2162 Ambrosiani
2445 2143 2460 2156 .

558 2209 1103 2279 Commentarius
1158 2243 1179 2278 .·
1208 2259 2392 2279 .........................
2455 2206 2604 2292 648

460 2325 541 2394 lh
608 2321 984 2393 emtionem
1043 2347 1183 2418 pro
1222 2317 1533 2418 Ligario
1560 2321 1928 2395 scholiastae
1978 2323 2406 2395 Ambrosiani

558 2438 1096 2507 Commentarius
1111 2490 2391 2510 ..........................
2429 2430 2608 2508 650

394 2616 397 2619 .
458 2552 539 2620 In
577 2552 949 2622 orationem
994 2577 1119 2647 pro
1169 2577 1331 2647 rege
1359 2554 1686 2647 Dejotaro
1719 2552 2086 2625 scholiastae
2116 2502 2408 2625 Ainbro-

560 2666 725 2734 siani
759 2667 1333 2769 Commentarius·
1350 2721 1366 2737 .
1400 2720 1415 2735 .
1448 2722 1465 2738 .
1498 2720 1516 2737 .
1549 2706 1575 2747 ·.·
1597 2704 1626 2737 .·
1645 2721 2391 2741 ................
2457 2666 2592 2738 651

1062 3244 1245 3294 mins
1294 3243 1542 3304 onim-1
1595 3226 2011 3321 vom-simis.
