2996 4694
1 3030 11 3373 —nj-r-—qss

2486 355 2516 376 N

445 388 585 476 462
1094 391 1188 458 M.
1244 389 1321 456 T.
1376 387 1960 456 CICERONIS

453 515 557 584 tio
594 509 731 582 sibi
772 507 1003 580 addici
1033 506 1253 584 velit?
1298 504 1479 593 Sed,
1525 507 1868 578 miserum
1913 504 2063 578 me!
2111 522 2391 603 quanto
2437 508 2592 581 haec

444 623 595 695 dixi
622 645 787 693 cum
812 619 1110 692 dolore?
1136 624 1343 704 Hem,
1376 622 1745 706 Postume,
1781 631 1961 688 tune
1993 641 2070 688 es
2098 619 2302 689 Curii
2319 618 2350 673 4
2381 617 2596 706 filius»,

445 739 525 806 C.
560 729 870 816 Rabirii,
898 729 1175 824 judicio
1204 741 1279 800 et
1318 728 1733 815 voluntate,
1771 725 1964 800 filius
1987 781 2004 814 ,
2045 744 2342 814 natura,
2383 755 2593 801 soro-

454 847 553 916 ris
604 837 968 940 [filius⁵]?
1002 854 1181 912 tune
1221 839 1339 912 ille
1378 839 1451 908 in
1490 862 1746 910 omnes
1783 853 1949 910 tuos
1985 839 2347 912 liberalis?
2387 841 2594 936 cujus
2641 881 2652 890 ·

446 955 719 1026 multos
781 951 1067 1023 bouitas
1137 947 1659 1046 locupletavit?
1719 951 1848 1045 qui
1909 947 2093 1019 nihil
2160 948 2596 1046 profudisti?

450 1065 629 1137 nihil
670 1061 889 1134 ullam
942 1063 1021 1130 in
1076 1057 1457 1132 libidinem
1501 1058 1934 1134 contulisti?
1985 1073 2156 1147 tua,
2210 1063 2595 1146 Postume,

450 1198 753 1249 nummo
808 1172 1139 1244 sestertio
1190 1193 1231 1240 a
1276 1194 1393 1242 me
1448 1167 1932 1241 addicuntur?
1987 1173 2052 1240 Ο
2097 1193 2346 1240 meum
2385 1170 2596 1242 mise-
2661 1263 2668 1268 .

452 1309 617 1360 rum
668 1281 1163 1377 acerbumque
1218 1279 1712 1377 praeconium!
1787 1284 1877 1351 At
1927 1279 2070 1352 hoc
2129 1283 2345 1352 etiam
2391 1293 2598 1378 optat

456 1398 695 1480 miser,
748 1408 833 1491 ut
876 1385 1455 1464 condemnetur⁶
1490 1413 1532 1460 a
1581 1387 1824 1476 vobis;
1857 1394 1956 1462 ita
1995 1389 2196 1460 bona
2241 1403 2594 1476 veneant,

455 1523 538 1582 ut
585 1503 899 1577 solidum
946 1523 1159 1572 suum
1220 1501 1536 1596 cuique7
1585 1499 1926 1572 solvatur.
1969 1500 2167 1572 Nihil
2209 1500 2356 1596 jam
2401 1499 2598 1571 aliud

364 1631 375 1642 '
458 1618 595 1688 nisi
622 1611 845 1684 fidem
870 1625 1075 1682 curat
1106 1637 1122 1680 :
1154 1633 1291 1680 nec
1326 1633 1453 1679 vos
1492 1609 1699 1698 huie,
1729 1613 1784 1680 si
1811 1611 1960 1706 jam
1987 1609 2316 1683 oblivisci
2345 1625 2598 1680 vestrae

455 1719 1032 1797 mansuetudinis
1060 1719 1464 1806 volueritiS,
1496 1717 1898 1818 quidquam
1925 1735 2265 1818 praeterea
2297 1721 2600 1818 potestis

456 1836 758 1931 eripere.
796 1828 1050 1920 Quod,
1082 1827 1405 1924 judiceS,
1452 1853 1548 1900 ne
1593 1826 1899 1918 faciatis,
1941 1855 2074 1901 oro
2115 1828 2602 1926 obtestorque

456 1971 622 2032 v05,
670 1958 889 2040 atque
929 1966 1018 2013 eo
1064 1941 1332 2037 magiS,
1382 1941 1441 2010 si
1484 1938 1877 2012 adventitia
1915 1937 2270 2040 pecunia⁸
2321 1942 2600 2039 petitur

460 2057 555 2129 ab
592 2080 715 2143 e0,
760 2056 879 2126 cui
918 2076 1049 2124 sua
1084 2075 1237 2122 non
1278 2049 1631 2122 redditur.
1684 2052 1866 2120 Nam
1917 2053 1996 2120 in
2041 2073 2248 2138 eum,
2289 2054 2412 2122 cui
2461 2049 2600 2118 mi-

460 2236 659 2287 dicendi
680 2251 777 2301 qua
809 2243 997 2281 veteres
1022 2229 1289 2279 utebantur
1320 2230 1373 2278 iu
1400 2245 1487 2278 au-
1577 2229 1696 2278 toris
1721 2245 1890 2278 sensus
1915 2231 2126 2296 tempori
2155 2233 2338 2280 servin
2359 2245 2418 2278 ac
2443 2245 2603 2280 causo

460 2319 626 2369 ctione
640 2350 658 2377 ,
684 2315 764 2364 vel
781 2313 1017 2363 vilissimo
1038 2309 1201 2375 pretio
1218 2325 1319 2359 rs·
1346 2307 1487 2357 addi·
1574 2315 1790 2365 videtur.
1827 2315 2088 2366 Postumus
2117 2317 2341 2381 arguitur
2369 2315 2602 2382 pecunias

462 2410 589 2449 ctam
606 2393 961 2461 significabant.
970 2392 1053 2440 Sic
1066 2390 1128 2439 de
1146 2392 1179 2439 1
1180 2389 1284 2439 ulio
1300 2390 1489 2439 Casan
1575 2394 1847 2453 occultare,
1871 2394 2200 2445 dissimulatus
2221 2398 2376 2445 homo
2389 2412 2448 2446 ac
2463 2394 2604 2444 malm

460 2480 661 2529 Sueton-
682 2475 735 2521 in
760 2474 867 2535 ejus
878 2471 1005 2528 vita,
1031 2486 1077 2518 c.
1100 2470 1198 2519 50:
1222 2490 1249 2512 a
1268 2469 1487 2533 Amplig-

460 2558 581 2606 sima
607 2553 793 2621 pradia
819 2568 885 2600 ex
916 2548 1229 2600 auctionibus
1261 2549 1415 2598 basto
1438 2550 1485 2598 ei

457 2652 661 2686 nummo
698 2632 890 2683 addixit
910 2653 958 2679 a.
992 2629 1075 2677 Sic
1100 2632 1482 2680 Hottomannus.

460 2717 591 2765 Vide
626 2716 681 2763 in
714 2722 833 2761 nota
868 2708 1107 2774 superiori
1136 2708 1348 2757 Weiskii
1375 2726 1483 2758 sen·

462 2790 661 2843 tentiam
678 2826 695 2852 ,
722 2806 831 2856 quse
856 2789 1013 2837 multo
1036 2798 1249 2853 prestat.
1416 2780 1423 2787 “

532 2880 583 2931 4.
608 2869 914 2939 Curiifilim.
942 2867 1199 2915 Turnebus
1224 2876 1275 2915 et
1312 2868 1481 2917 Lamb.

460 2951 627 3004 car-eii.
672 2952 895 3001 Muretus
946 2958 1105 2995 autem
1146 2947 1257 3005 bic,
1300 2958 1353 2996 et
1388 2964 1483 3013 pro

456 3033 661 3081 Rabirio
706 3027 1059 3095 perduellionis
1106 3042 1195 3075 reo
1211 3060 1226 3085 ,
1282 3027 1483 3079 Curium

454 3110 719 3177 legendum
742 3126 845 3159 ease
866 3105 1137 3157 contendit.
1164 3106 1293 3156 Vide
1312 3107 1373 3155 de
1392 3108 1483 3157 bac

457 3208 511 3239 re
528 3191 905 3257 disputationem
922 3188 977 3235 in
993 3186 1121 3236 nab.
1131 3186 1272 3251 perd.

532 3270 581 3319 5.
626 3270 867 3319 Ultimum
904 3267 1004 3314 boe
1033 3266 1179 3334 filius
1220 3265 1483 3316 delendum

392 3398 401 3407 ,
458 3368 591 3412 esse,
611 3350 819 3415 quisque
844 3347 987 3397 facile
1010 3346 1301 3394 consentiat.

527 3433 577 3480 6.
602 3432 665 3478 Ue
686 3430 1053 3479 condemnetur.
1074 3423 1343 3473 Mendosus
1362 3428 1484 3474 Hot-

458 3522 694 3559 tomanuo
738 3508 948 3563 videtur,
998 3520 1057 3552 ac
1106 3504 1353 3577 mutilatus
1400 3506 1483 3555 hic

456 3590 613 3639 locus.
645 3590 751 3637 Nec
780 3598 1069 3651 quemquam
1096 3582 1278 3631 adduci
1304 3598 1449 3648 posse
1465 3618 1481 3645 ,

458 3681 513 3719 nt
552 3668 719 3717 credat
758 3666 921 3713 dicere
965 3672 1209 3711 oratorem
1240 3664 1299 3713 C.
1328 3664 1481 3713 Rabi-

454 3748 579 3796 rium
615 3758 789 3811 optare
812 3755 867 3792 ut
898 3742 1149 3808 peculatus
1184 3742 1473 3803 damnetnr3

451 3845 480 3876 a
516 3842 619 3893 quo
658 3842 771 3875 eum
814 3839 961 3888 quam
992 3821 1333 3871 alienissimum
1372 3838 1489 3871 esse·

448 3908 702 3971 hucusque
743 3903 921 3953 dooere
950 3912 1155 3951 conatus
1188 3912 1278 3949 est.
1306 3904 1475 3969 Itaque

450 3986 711 4035 arbitratur
734 3983 995 4049 legendnm
1018 3996 1032 4031 z
1070 4004 1095 4023 οι
1114 3984 1181 4031 At
1198 3980 1294 4029 hoc
1316 3992 1473 4029 tamen

1575 2474 1692 2523 fidei
1713 2474 1947 2535 habetur-3
1979 2476 2102 2540 quid
2123 2490 2242 2540 ergo
2267 2485 2434 2541 optat:
2455 2484 2602 2541 optat

1571 2565 1630 2602 ut
1654 2570 1708 2603 se
1739 2554 1902 2620 ipsum
1929 2553 2120 2616 iudices
2149 2554 2478 2605 condemnent
2493 2590 2511 2617 ,
2541 2565 2602 2605 ut

1571 2636 1677 2695 ejus
1713 2635 1846 2685 bona
1880 2634 2028 2683 vendi
2063 2634 2293 2699 jubeant,
2329 2636 2602 2685 dummodo

1572 2714 1899 2764 creditoribus
1929 2716 2162 2765 solvatur.
2191 2716 2315 2765 Inde
2345 2716 2474 2765 enim
2505 2731 2604 2780 ap-

1571 2793 1762 2857 parebit
1779 2806 1944 2843 utrum
1963 2794 2102 2843 dives
2123 2810 2184 2842 au
2213 2810 2416 2859 pauper,
2433 2806 2602 2843 utrum

1571 2873 1808 2923 honestus
1827 2890 1890 2921 an
1909 2874 2165 2939 improbus
2185 2874 2351 2923 fuerit.
2384 2872 2600 2938 Propius

1571 2953 1852 3017 inspicienti
1879 2966 2079 3019 apparet
2103 2954 2377 3019 hyperbole
2391 2988 2408 3012 ,
2445 2968 2600 3017 quum

1571 3032 1696 3081 nihil
1729 3032 1866 3083 aliud
1905 3044 2070 3083 orator
2109 3033 2314 3093 fecerit,
2349 3047 2498 3096 quam
2539 3042 2598 3081 nt

1573 3112 1932 3161 damnationem
1979 3112 2306 3179 deprecetur3
2341 3128 2510 3160 verum
2544 3111 2602 3160 id

1573 3192 1760 3254 generis
1777 3202 1850 3239 est
1869 3192 2164 3257 hyperbole,
2191 3202 2248 3239 ut
2271 3191 2392 3239 mire
2405 3190 2600 3239 Rabirii

1571 3270 1720 3319 fldeln
1737 3288 1796 3319 ac
1813 3271 2112 3320 honestatem
2135 3270 2452 3319 demonstret.

1646 3366 1694 3411 7.
1732 3353 1810 3399 Iea
1844 3352 1974 3399 bona
2009 3363 2258 3411 veneant,
2297 3360 2350 3397 ut
2379 3347 2592 3397 solidum

1571 3445 1712 3477 suum
1755 3428 1942 3493 cuique.
1978 3432 2203 3479 veneant
2245 3444 2340 3494 pro
2387 3442 2596 3476 nummo

1570 3510 1822 3567 sesterti03
1845 3525 2018 3575 nempe
2059 3512 2144 3573 qui
2177 3508 2308 3557 bona
2345 3508 2467 3556 civis
2501 3522 2602 3554 ere

1571 3588 1756 3651 gravati
1799 3588 2013 3647 emebat,
2049 3586 2376 3636 creditoribus
2413 3584 2598 3633 satisfa-

1569 3682 1678 3715 cere
1704 3666 1983 3731 cogebatur.
2009 3666 2252 3715 Pedianus
2275 3665 2338 3714 de
2359 3664 2550 3713 Milone
2579 3678 2594 3714 τ

1565 3766 1590 3787 ιι
1605 3746 1742 3792 Βοιιι
1776 3745 1882 3807 ejus
1915 3756 2120 3810 propter
2157 3746 2266 3793 nris
2300 3743 2446 3792 alieni
2477 3759 2592 3791 ma-

1565 3822 1868 3887 gnitudinem
1895 3826 2138 3873 semuncia
2158 3824 2413 3873 venierunt
2425 3844 2467 3870 a.

1647 3906 1694 3952 8.
1714 3904 1994 3953 Adventitia
2014 3904 2386 3968 pecuniasQum
2412 3901 2476 3949 ad
2497 3902 2596 3949 Ra·

1564 3981 1742 4031 birium
1759 4000 1860 4033 non
1880 3993 2095 4048 spectat,
2119 3994 2168 4031 et
2197 4000 2342 4048 quam
2367 3980 2598 4047 reposcit

452 4076 593 4128 optat
638 4064 783 4113 ιιιίιοι·
800 4098 815 4121 ,
866 4072 923 4109 ut
960 4062 1003 4107 si
1051 4058 1405 4107 condemnetur
1444 4076 1471 4107 a
1561 4072 1828 4111 accusator.
1863 4088 1934 4099 -
1967 4061 2056 4110 cau·
2091 4078 2184 4110 sua
2219 4078 2320 4111 nen
2355 4060 2594 4110 redditur.

454 4144 595 4193 vobis
614 4182 631 4206 ,
656 4144 747 4203 ita,
789 4152 885 4191 etc.
906 4162 927 4183 a
964 4140 1163 4203 OptIme
1186 4136 1331 4187 nobis
1359 4154 1473 4188 ora·
1561 4142 1722 4202 Quam
1743 4141 2008 4189 Ptolemae
2031 4140 2256 4189 credidit.
