2996 4694
726 390 731 397 ’
778 388 1155 455 ORATIO
1206 386 1419 455 PRO
1470 386 1551 453 L.
1591 386 1671 453 C.
1725 387 2086 455 BALBO.
2350 386 2480 471 34¹

370 532 619 605 opera,
654 508 1183 593 consolatione,
1210 530 1495 592 omneS,
1531 530 1652 577 me
1677 504 2004 592 absente,
2038 534 2238 580 meos
2259 509 2492 581 suble-

365 617 576 689 vavit.
635 621 967 709 Quorum
1030 642 1166 716 ego
1210 618 1633 689 testimonio
1683 642 1768 689 ac
1827 618 2166 716 precibus
2221 646 2492 691 munus

364 728 508 801 hoc
544 730 879 801 meritum
914 728 1118 815 huic,
1156 742 1231 798 et
1252 780 1273 816 ‚
1310 742 1395 798 ut
1432 751 1477 797 a
1511 726 1872 824 principio
1911 726 2094 816 dixi,
2126 728 2393 823 justam
2421 744 2494 801 et

363 836 683 913 debitam
718 841 1017 938 gratiam
1060 835 1333 925 refero;
1378 860 1744 935 speroque
1761 892 1781 926 ‚
1828 836 2110 934 judices
2128 891 2148 925 ‚
2197 854 2280 909 ut
2321 864 2445 913 eos
2471 896 2492 926 ,

362 953 491 1048 qui
520 952 881 1049 principes
915 948 1215 1021 fuerunt
1250 948 1764 1019 conservandae
1793 947 2078 1037 salutis,
2105 964 2230 1020 aut
2263 948 2494 1048 digni-

364 1063 524 1133 tatis
565 1060 781 1149 meze,
817 1059 1109 1157 diligitis
1146 1072 1223 1129 et
1252 1082 1459 1131 caros
1494 1056 1778 1131 habetis
1799 1114 1819 1145 ,
1852 1058 1954 1131 sic
1977 1114 1996 1143 ‚
2037 1084 2198 1156 quae
2232 1059 2324 1131 ab
2351 1060 2495 1133 hoc

360 1194 497 1269 pro
536 1168 871 1243 facultate
918 1170 1175 1265 hujus,
1219 1194 1357 1267 pro
1404 1167 1571 1241 loeo
1635 1163 1868 1241 facta⁸
1915 1184 2121 1255 sunt,
2179 1186 2253 1243 et
2294 1190 2494 1269 grata

360 1304 513 1353 esse
547 1279 793 1369 vobis,
838 1296 911 1353 et
952 1277 1279 1378 probata.
1328 1281 1495 1351 Non
1539 1280 1760 1376 igitur
1798 1304 1840 1350 a
1881 1282 2069 1364 suis,
2098 1305 2286 1377 quos
2325 1282 2494 1353 nul-

356 1390 467 1461 los
503 1390 753 1478 habet,
792 1389 917 1463 sed
954 1415 996 1461 a
1030 1414 1331 1463 suorum
1356 1444 1377 1476 ‚
1428 1390 1558 1486 qui
1609 1404 1684 1461 et
1731 1388 1982 1475 multi,
2035 1405 2110 1461 et
2157 1405 2494 1489 potentes

356 1513 554 1588 sunt,
598 1515 901 1598 urgetur
953 1500 1305 1571 inimicis:
1354 1524 1544 1598 quos
1598 1498 1896 1597 quidem
1955 1499 2310 1573 hesterno
2375 1502 2494 1574 die

354 1611 485 1681 Cn.
538 1614 925 1708 Pompeius
974 1612 1273 1708 copiosa
1322 1610 1651 1681 oratione
1827 1612 2059 1705 gravi,
2101 1634 2344 1683 secum
2372 1667 2390 1696 ‚
2431 1616 2490 1683 si

351 1719 651 1807 vellent,
693 1720 1135 1791 contendere
1172 1717 1524 1814 jubebat;
1570 1717 1662 1790 ab
1787 1744 1876 1789 oc
1937 1722 2196 1818 impari
2257 1736 2489 1793 certa-

351 1829 583 1915 mine,
626 1842 847 1926 atque
885 1829 1149 1924 injusta
1186 1832 1662 1899 contentione
1704 1827 2077 1901 a'vocabat.
2293 1831 2303 1841 ‘

446 1942 735 2009 XXVII.
790 1943 881 2008 Et
920 1952 1075 2009 erat
1116 1962 1321 2035 aequa
1371 1939 1558 2025 lex¹‚
1598 1952 1670 2008 et
1721 1936 1974 2027 nobis,
2007 1940 2320 2033 judicem
2377 1958 2486 2013 at-

348 2071 495 2145 que
553 2046 926 2135 omnibuS,
961 2052 1089 2145 qui
1128 2052 1395 2120 nostris
1446 2046 2048 2119 familiaritatibus
2105 2050 2482 2149 implican-

346 2176 490 2249 tur,
526 2162 997 2235 vehementer
1014 2161 1233 2251 utilis,
1258 2177 1340 2233 ut
1368 2176 1652 2233 nostras
1684 2162 2094 2233 inimicitias
2115 2164 2256 2259 ipsi
2291 2166 2488 2236 inter

344 2296 481 2345 nos
518 2297 849 2371 geramus
870 2326 892 2361 ‚
934 2273 1177 2345 amicis
1228 2286 1648 2343 nostrorum
1693 2272 2153 2344 inimicorum
2198 2288 2484 2372 tempe-

278 2397 285 2408 ·
346 2407 610 2456 remus.
658 2385 805 2475 Ac,
841 2386 899 2456 si
941 2409 1101 2458 mea
1134 2385 1524 2456 auctoritas
1565 2385 1734 2455 satis
1773 2384 1966 2482 apud
2012 2383 2176 2456 illos
2213 2390 2287 2456 in
2342 2386 2480 2458 hac

345 2521 425 2567 re
460 2493 801 2594 ponderis
830 2494 1172 2582 haberet,
1212 2519 1444 2594 quum
1481 2519 1598 2566 me
1637 2495 2312 2594 praesertim'remm
2349 2522 2473 2568 va-

351 2605 637 2690 rietate,
690 2619 907 2703 atque
956 2630 1097 2678 usu
1158 2611 1321 2703 ipso
1355 2661 1374 2692 ‚
1414 2606 1562 2700 jam
1614 2604 2044 2704 perdoctum
2095 2605 2472 2677 viderent:

338 2855 483 2916 ιιιιΙος
505 2873 617 2906 nam
641 2856 797 2905 mina
822 2856 1025 2905 manino
1050 2855 1197 2904 nnius
1218 2855 1353 2904 Cice-

334 2935 469 2984 ronis
482 2947 621 2994 aunt,
640 2948 697 2986 nt
718 2953 775 2986 ea
790 2936 1063 2998 declarant,
1080 2951 1190 3000 quae
1210 2946 1347 2984 ante·

335 3015 515 3065 oedunt
536 3028 589 3066 et
618 3032 729 3080 qun
760 3027 1045 3082 sequnntur.
1076 3014 1351 3064 Discordia

334 3103 493 3142 antem
530 3106 645 3143 aunt
672 3096 979 3160 optimatium
1006 3111 1118 3143 cnm
1149 3095 1345 3152 Crasso,

336 3173 569 3237 Pompeio
586 3209 601 3232 ,
644 3175 855 3233 Cum,
894 3189 1049 3240 remp.
1086 3173 1347 3222 obtinenti·

333 3249 455 3310 bns,
494 3263 543 3300 et
578 3268 691 3302 cnm
721 3253 903 3302 Clodio
926 3256 1129 3317 ejusque
1156 3252 1349 3317 adjuto-

331 3329 487 3380 ribus.
506 3333 809 3396 Quamquam
827 3349 943 3382 vero
958 3332 1013 3382 in
1028 3331 1347 3396 optimatibus

328 3409 435 3473 ipae
454 3409 631 3459 cicero
654 3421 805 3473 esset,
826 3422 973 3476 atque
1006 3410 1133 3460 adeo
1160 3421 1343 3474 tempo-

328 3498 501 3536 statcm
538 3487 673 3538 solus
719 3504 773 3536 aa
814 3489 875 3537 da
910 3505 1053 3538 cansa
1084 3489 1343 3538 mximam

328 3567 565 3628 hausei-in
582 3566 712 3614 unde
732 3565 813 3615 illa
834 3583 944 3631 cap.
960 3581 1055 3628 ηε
1086 3567 1341 3616 «dolorem

326 3647 409 3696 alii
422 3683 438 3708 ,
462 3663 555 3696 noa
579 3647 769 3696 luctum
801 3662 1153 3710 maeroremque
1176 3663 1339 3695 suace-

326 3729 485 3790 pimna
510 3744 568 3787 »ς
592 3737 755 3774 tamen
776 3726 969 3790 prefert
987 3727 1221 3774 Gau-aton.
1251 3742 1340 3773 ve-

324 3805 529 3878 sfn‘sque
548 3804 819 3863 discordiis,
840 3815 1081 3868 tamquam
1107 3805 1341 3868 apertius,

324 3900 388 3933 ne
410 3895 495 3934 ant
526 3884 678 3933 ruine
702 3899 815 3934 cnm
844 3884 951 3930 aliis
984 3885 1341 3932 communicen-

324 3975 407 4012 tm·
424 3997 439 4022 ,
482 3973 564 4011 aut
608 3962 867 4012 discordie
910 3960 974 4009 ad
1011 3977 1157 4009 unam
1194 3962 1341 4010 Tullii

328 4043 523 4092 domum
548 4044 719 4092 referri
744 4041 955 4108 possint.
984 4067 1049 4078 —-
1076 4040 1229 4104 Supra
1253 4056 1340 4088 an·

328 4133 425 4172 tem
468 4121 653 4172 dictum
698 4124 791 4172 snit
832 4120 893 4170 ὑπ’
916 4120 1145 4171 tmimis
1172 4119 1343 4168 nostris

1440 2855 1584 2904 malls
1601 2865 1752 2920 atque
1773 2854 2048 2913 discordiis,
2088 2871 2198 2918 (με
2223 2855 2370 2904 verba
2400 2857 2464 2904 ad

1438 2950 1592 2998 remp.
1607 2935 1884 2983 universam
1906 2934 2170 2998 pertinent.
2180 2935 2328 2983 Nunc
2341 2951 2462 2986 vcro

1436 3027 1590 3076 quum
1613 3012 1752 3060 Balbi
1775 3011 1920 3060 dolor
1943 3013 1998 3060 in
2031 3011 2281 3062 Cicemnis
2305 3013 2460 3062 ruinis

1434 3091 1661 3139 laudetur
1674 3125 1689 3150 ,
1729 3106 1894 3140 nonne
1923 3090 2041 3138 hine
2070 3091 2249 3140 rectius
2284 3092 2454 3142 abesae

1432 3171 1612 3218 iterum
1632 3169 1886 3218 inculcata
1907 3169 2006 3220 ille
2030 3171 2244 3220 civitatis
2264 3171 2458 3219 discor-

1406 3249 1534 3298 'dioe
1552 3247 1783 3298 videntur
1797 3251 1820 3296 ἓ

1503 3331 1552 3378 8.
1579 3331 1678 3376 Pru
1703 3328 1829 3377 1000.
1855 3331 1952 3376 Pro
1971 3343 2064 3376 ano
2086 3339 2244 3387 stata,
2265 3345 2454 3394 suaque

1430 3407 1734 3458 conditione.

1501 3489 1718 3536 xxvn.
1745 3501 1766 3534 ι
1779 3520 1794 3534 .
1817 3487 1886 3534 Ee
1903 3497 2015 3534 erae
2031 3503 2177 3551 aequa
2199 3487 2299 3537 Iex.
2329 3491 2449 3540 Sen-

1428 3583 1510 3616 sus
1533 3579 1608 3616 eat
1625 3565 1994 3630 intelligendus,
2014 3577 2256 3630 tamquam
2272 3569 2314 3617 si
2333 3569 2450 3618 loco

1427 3649 1510 3696 τοῦ
1531 3657 1637 3694 erae
1663 3646 1904 3711 legeretur
1939 3657 2075 3694 esset.
2109 3647 2318 3698 Videtur
2343 3650 2446 3698 De-

1428 3725 1732 3774 mosthenem
1765 3727 1818 3773 in
1861 3723 1962 3773 fine
1985 3727 2174 3774 exordii
2207 3729 2445 3778 orationis

1429 3803 1491 3852 «le
1551 3803 1748 3853 Corona
1805 3819 1907 3869 pra
1955 3803 2112 3852 oculis
2164 3805 2389 3855 habuisse
2425 3823 2438 3855 :

1428 3882 1534 3935 Καὶ
1583 3887 1718 3935 τοῦτ’
1761 3884 1925 3954 ἔμοιγε
1978 3879 2148 3942 Ocni,
2201 3885 2284 3937 καὶ
2325 3884 2446 3953 μόλ’

1430 3961 1627 4022 nix-6⁴:04
1659 3961 1718 4014 ἂν
1744 3965 1932 4030 λέγω,
1969 3963 2044 4016 ὅτι
2077 3967 2164 4022 τῆς
2195 3964 2442 4033 ἡμιτίρας

1430 4041 1602 4110 Ιχθρας
1629 4043 1762 4112 ἡμᾶς
1793 4043 1865 4110 ἐφ’
1888 4044 2028 4112 ἡμῶν
2063 4045 2222 4093 αὐτῶν
2253 4038 2442 4096 δίκαιον

1429 4115 1483 4178 ἦν
1531 4122 1611 4174 τὸν
1663 4121 1926 4188 ἐξιτασμὸν
1983 4124 2237 4175 ποιιῖσθαι.
2282 4145 2303 4166 ι
2330 4125 2450 4184 Hoc,
