2996 4694
442 392 582 480 584
1087 393 1186 462 M.
1234 392 1314 460 Τ.
1366 390 1933 463 CICERONIS
1996 390 2003 399 ’

537 516 755 603 Vide,
805 538 1084 611 quaeso,
1124 502 1485 601 Tuber05,
1532 526 1651 599 ut,
1690 512 1819 607 qui
1854 507 1947 579 de
1984 530 2153 578 meo
2196 507 2385 579 facto
2430 500 2575 579 hon

445 625 776 701 dubitem
800 623 1076 711 dicere,
1107 622 1200 694 de
1226 624 1515 721 Ligario
1552 646 1703 691 non
1740 617 2041 689 audeam
2072 617 2429 689 confiteri.
2462 624 2581 690 At-

444 762 592 835 que
645 736 798 807 haec
845 748 1243 832 propterea
1307 733 1400 804 de
1464 756 1581 803 me
1636 729 1817 815 dixi,
1882 744 1963 799 ut
2016 728 2197 799 mihi
2252 728 2577 815 Tubero,

445 872 675 946 quum
730 845 822 916 de
867 868 944 916 se
991 844 1242 915 eadem
1289 842 1641 929 dicerem,
1692 838 2096 956 ignosceret
2156 864 2173 907 ε
2210 841 2414 934 cujus
2446 858 2581 934 ego

443 958 818 1030 industriae
867 955 1256 1052 gloriaeque
1299 952 1544 1037 faveo,
1579 950 1693 1022 vel
1746 948 2049 1074 'propter
2090 948 2580 1047 propinquam

444 1069 988 1167 cognationem,
1021 1066 1132 1135 vel
1179 1065 1379 1161 quod
1420 1066 1575 1157 ejus
1610 1062 1903 1156 ingenio
1940 1059 2341 1157 studiisque
2384 1058 2581 1130 dele·-

443 1194 638 1265 otor,
667 1177 783 1248 vel
809 1174 1008 1273 quod
1047 1174 1334 1245 laudem
1363 1172 1837 1245 adolescentis
1868 1170 2262 1267 propinqui
2280 1168 2313 1213 ⁶
2348 1170 2585 1239 existi-

448 1312 570 1359 mo
613 1288 830 1359 etiam
868 1283 960 1356 ad
996 1286 1240 1355 meiun
1280 1283 1597 1379 aliqueu'i
1638 1280 1957 1351 fructum
1984 1277 2460 1350 redundarem

543 1397 684 1468 Sed
728 1396 874 1466 hoc
917 1418 1204 1492 quaero,
1247 1396 1412 1491 quis
1451 1406 1661 1491 putet
1711 1416 1871 1463 esse
1908 1393 2183 1461 crimen
2203 1444 2223 1472 ,
2254 1389 2473 1461 fuisse
2510 1390 2585 1458 iii

449 1504 680 1577 Africa
737 1504 1144 1601 Ligarium?
1190 1508 1473 1601 Nempe
1523 1506 1615 1586 is,
1671 1504 1802 1597 qui
1850 1514 1923 1570 et
1980 1503 2137 1597 ipse
2200 1507 2276 1571 in
2336 1498 2588 1571 eadem

454 1614 690 1687 Africa
725 1634 880 1687 esse
913 1614 1178 1703 voluit,
1210 1630 1282 1686 et
1323 1612 1783 1711 prohibitum
1818 1636 1895 1681 se
1930 1635 1973 1680 a
2017 1611 2299 1707 Ligario
2343 1612 2589 1706 queri-
2690 1598 2702 1607 ’

451 1741 605 1813 tur,
649 1738 722 1796 et
759 1739 954 1796 certe
997 1739 1250 1796 contra
1287 1726 1529 1822 ipsum
1571 1726 1925 1793 Caesarem
1970 1723 2077 1790 est
2118 1715 2589 1817 congressusss

452 1848 789 1907 armatus.
829 1834 1022 1925 Quid
1058 1837 1291 1922 enim,
1327 1833 1709 1918 Tubero9,
1742 1830 2125 1903 destrictus
2160 1830 2279 1901 ine
2314 1844 2497 1901 tuus·
2516 1831 2591 1899 in

455 1948 606 2018 acie
637 1944 1038 2017 Pharsalica
1071 1945 1351 2043 gladius
1381 1941 1690 2041 agebat?
1732 1942 1941 2036 cujus
1978 1941 2165 2011 latus
2192 1939 2309 2011 ine
2338 1962 2593 2011 mucro

453 2054 797 2155 petebat?
830 2058 960 2153 qui
1001 2080 1256 2127 sensus
1291 2070 1446 2127 erat
1487 2076 1856 2123 armorum
1890 2050 2231 2121 thorum?
2266 2074 2429 2147 quae
2472 2062 2601 2119 tua·

457 2170 712 2238 mens?
763 2166 1000 2237 oculi?
1049 2166 1354 2238 manus?
1402 2163 1621 2235 ardor
1665 2161 1927 2232 animi?
1979 2158 2157 2257 quid
2212 2158 2601 2258 cupiebas?

459 2276 636 2376 quid
691 2274 1128 2374 optabasw?
1174 2276 1404 2347 Nimis'
1454 2297 1681 2372 urgeo
1738 2300 1755 2340 t
1816 2272 2257 2342 commoveri
2314 2268 2601 2341 videtur

459 2388 920 2459 adolescens:
965 2387 1057 2458 ad
1095 2413 1214 2459 me
1251 2401 1591 2458 revertar.
1636 2381 1900 2454 Iisdem
1934 2383 2009 2452 in
2040 2383 2255 2452 armis
2290 2378 2499 2451 fuin.

463 2580 606 2618 terat.
625 2569 750 2630 Quae
766 2567 939 2616 Cicero
961 2568 1123 2614 omnia
1147 2578 1260 2632 post
1279 2566 1486 2614 reditum
1577 2563 1691 2620 dat,
1728 2585 1753 2604 κ
1775 2561 1911 2624 Quid
1939 2561 2067 2609 euim
2099 2573 2212 2608 tuus
2236 2561 2319 2608 ille
2334 2597 2349 2622 ‚
2377 2561 2601 2622 Tubero,

465 2663 604 2696 suum
632 2645 859 2710 deposuit
879 2681 894 2705 ,
930 2661 1092 2694 meuse
1125 2645 1346 2705 octobri,
1373 2661 1485 2692 auu.

469 2741 568 2788 707
591 2761 605 2782 .
631 2735 808 2788 quarto
849 2721 1042 2774 demum
1069 2741 1200 2774 anuo
1229 2733 1488 2789 postquam

469 2821 524 2852 ea
551 2815 820 2868 acceperat.

539 2877 586 2923 5.
630 2873 774 2933 Vide,
815 2890 981 2937 qua-so
999 2908 1014 2932 ,
1061 2875 1267 2924 Tubero.
1312 2875 1492 2921 Sensus

469 2966 570 3016 est,
602 2953 729 3002 vide
747 2989 762 3012 ,
786 2953 1008 3012 Tubero,
1030 2968 1094 3001 an
1121 2955 1376 3004 verisimile
1401 2955 1488 3008 eit,

471 3051 573 3084 nou
589 3033 769 3082 audere
791 3033 852 3082 de
871 3033 1064 3096 Ligario
1083 3033 1306 3082 confiteri
1320 3069 1335 3093 ‚
1355 3033 1492 3096 quod

472 3113 532 3162 de
549 3131 626 3162 me
648 3113 805 3178 palam
821 3113 982 3162 dicere
1000 3130 1102 3162 nou
1121 3113 1340 3162 dubitem
1356 3113 1378 3158 ?

535 3194 591 3240 6.
635 3192 972 3242 Adoleseentae's
996 3192 1280 3258 propinqui.
1325 3194 1492 3254 Quum

470 3271 636 3318 eadem
660 3287 718 3319 ac
743 3287 835 3336 ego
859 3274 921 3319 eit
945 3281 1089 3334 geute
1104 3306 1120 3330 ,
1159 3271 1280 3320 mihi
1307 3270 1494 3334 aliquid

472 3367 498 3396 e
525 3349 680 3414 gloria
703 3351 810 3410 ejus
829 3350 1210 3398 redundaturum
1227 3361 1369 3414 puto.

547 3445 596 3489 7.
629 3427 934 3474 Redundare.
963 3431 1082 3476 Haec
1109 3430 1271 3476 omnia
1297 3429 1494 3476 Cicero·

472 3521 582 3558 uem
610 3506 972 3570 quodammodo
1010 3507 1073 3554 ad
1106 3509 1348 3572 asperiora
1383 3525 1493 3571 quie

473 3597 735 3650 aequentur
750 3586 1051 3652 producunt.
1072 3589 1196 3636 Nam
1221 3605 1373 3652 quum
1392 3591 1494 3636 Tu·

473 3665 703 3714 beronem
739 3665 816 3714 hia
840 3666 1066 3716 laudibus
1091 3669 1336 3726 celebrat,
1360 3668 1492 3716 iudi·

471 3755 548 3794 eat
583 3745 788 3795 omuino
821 3762 876 3796 ae
908 3750 1036 3811 aequi
1074 3748 1242 3797 studio
1279 3748 1344 3795 ad
1383 3761 1492 3796 eum

469 3823 796 3876 accusandum
817 3827 1052 3889 protrahi.

539 3905 594 3954 8.
624 3906 932 3966 congressus.
957 3906 1035 3954 Ad
1059 3923 1273 3972 pugnam
1293 3905 1497 3953 Pharsa-

469 3981 636 4042 licam,
657 3985 738 4033 eui
755 3985 972 4049 Ligarius
991 4001 1091 4033 nou
1112 3985 1348 4033 adfuerat.

541 4077 592 4123 9.
626 4063 722 4110 Ter
741 4063 950 4126 Quintil.
971 4065 1094 4113 vm
1108 4101 1124 4122 ‚
1147 4074 1208 4119 4,
1229 4065 1490 4123 273V1112

468 4139 534 4199 6,
563 4155 656 4202 ¹²3
683 4143 786 4200 IX,
809 4159 837 4190 a
853 4177 868 4200 ,
895 4159 944 4202 7,
964 4143 1098 4191 huuc
1115 4143 1278 4189 locum
1297 4141 1368 4188 eie
1387 4142 1490 4190 lau·

1577 2640 1863 2698 destrictus,
1891 2651 1985 2688 ete.
2005 2661 2030 2681 ι·
2058 2627 2107 2689 J.
2128 2643 2195 2687 V.
2221 2639 2278 2687 L.

1652 2737 1733 2768 10.
1770 2719 1908 2784 Quid
1928 2717 2172 2784 optabas?
2198 2715 2335 2767 Nihil
2366 2729 2440 2766 est
2473 2718 2603 2766 vivi-

1577 2799 1685 2849 dius
1700 2836 1714 2859 ,
1744 2799 1866 2846 nihil
1886 2799 2095 2846 mirabili
2112 2799 2262 2862 magis
2282 2807 2381 2844 arte
2401 2812 2604 2861 compo-

1576 2878 1722 2926 situm
1761 2887 1811 2924 et
1844 2878 2123 2925 ordinatum
2158 2894 2301 2941 quam
2328 2877 2469 2924 locus
2501 2876 2602 2925 ille.

1576 2957 1657 3005 Ab
1694 2956 1923 3004 omuibus
1960 2958 2051 3005 suit
2092 2956 2389 3014 celebratus,
2428 2957 2514 3020 qui
2543 2957 2605 3003 de

1578 3037 1819 3086 Cicerone
1842 3035 2089 3084 dixerunt.
2112 3035 2205 3084 Sed
2226 3051 2337 3099 quae
2359 3037 2525 3082 omnia·
2542 3035 2607 3081 de

1578 3131 1640 3164 eo
1667 3114 1857 3180 prolata
1884 3126 1999 3163 eunt
2013 3151 2027 3174 ,
2055 3115 2173 3162 mihi
2199 3113 2397 3178 quidem
2422 3113 2605 3162 absona

1580 3193 1835 3241 videntdr:
1864 3209 1975 3242 nam
2006 3194 2151 3241 verba
2182 3193 2263 3240 ina
2299 3195 2413 3241 eatis
2442 3207 2533 3258 per
2556 3211 2608 3241 ee

1580 3272 2007 3332 commendatum
2044 3283 2095 3320 et
2126 3285 2279 3336 quum
2310 3283 2606 3320 commenta-

1580 3353 1763 3399 riorum
1784 3352 2102 3399 fabricatores
2120 3351 2200 3398 hic
2218 3351 2487 3398 admonent
2499 3365 2606 3406 uos,

1579 3431 1829 3482 Romanoa
1853 3431 2074 3494 punctim
2106 3428 2246 3478 ferire
2282 3429 2449 3478 boetee
2483 3425 2609 3478 eon-

1579 3510 1805 3567 euedsse,
1829 3521 1878 3557 et
1896 3510 1986 3556 alia
2005 3509 2305 3574 hujusmodi,
2322 3515 2493 3556 uou'ue
2508 3509 2611 3555 vitu

1580 3601 1773 3636 omnem
1810 3579 2059 3650 diluunt,'
2084 3589 2159 3637 hin
2196 3589 2335 3636 vanis
2372 3599 2423 3636 et
2447 3588 2611 3636 futui-

1581 3667 1673 3716 bue
1698 3667 2029 3733 argumentis?
2056 3668 2314 3732 Quidquid
2350 3679 2425 3716 est
2442 3703 2457 3726 ‚
2484 3661 2609 3714 adeo

1579 3749 1671 3796 bac
1700 3749 1934 3796 orationis
1970 3761 2109 3812 parte
2150 3749 2309 3797 Caesar
2348 3748 2441 3795 suit
2475 3761 2612 3794 eom-

1580 3839 1771 3884 motue,
1800 3839 1855 3874 ut
1882 3827 2079 3876 libellos
2106 3843 2231 3892 quos
2254 3827 2445 3874 tenebat
2464 3859 2479 3886 ,
2506 3826 2615 3890 qui-

1581 3908 1771 3973 busque
1790 3909 2031 3972 Ligarium
2052 3907 2409 3956 condemnabat
2428 3943 2443 3968 ,
2464 3922 2614 3953 mauu

1580 3989 1793 4036 emiserit
1811 4021 1825 4042 .
1860 3989 2000 4052 quasi
2036 4003 2089 4036 ee
2122 3988 2304 4035 vietum
2334 3974 2613 4050 eloquentia

1582 4065 1909 4131 profiteretur.

1657 4163 1677 4194 1
1692 4163 1734 4192 1.
1775 4145 1951 4192 Iisdem
1980 4145 2029 4191 in
2056 4141 2204 4192 armis
2223 4141 2319 4206 fiei.
2358 4143 2507 4193 multi
2534 4145 2612 4192 io-
