2996 4694
511 373 604 445 88
1133 373 1233 442 M.
1284 375 1362 443 T.
1413 372 2007 444 CICERONIS

509 519 594 566 ac
661 517 810 566 non
859 489 1210 590 cupidus⁸
1261 493 1597 566 vocaret?
1659 492 1965 566 alterum
1986 503 2019 552 9
2094 487 2491 562 Thracibus
2555 516 2641 564 ac

506 603 854 678 Dardanis
873 607 1184 700 primum
1218 627 1468 702 pacem
1506 607 1816 676 maxima
1854 605 2165 701 pecunia
2188 601 2637 692 vendidisse3

509 713 800 804 deinde,
827 729 912 786 ut
945 714 1046 786 illi
1075 717 1458 813 pecuniam
1489 715 1849 788 conficere
1876 727 2171 812 possent
2188 765 2209 802 ‚
2234 712 2631 785 vexandam

505 829 617 901 his
651 825 1144 900 Macedoniam
1167 839 1228 872 ¹⁰
1255 842 1330 899 et
1356 826 1803 926 spoliandam
1832 823 2244 912 tradidisse3
2272 823 2637 896 eumdem-

501 963 646 1036 que
701 937 898 1010 bona
957 936 1396 1009 creditorum
1426 991 1446 1025 ‚
1508 939 1773 1008 civium
1826 943 2407 1022 romanorumn,
2462 959 2629 1006 cum

502 1046 954 1120 debitoribus
983 1045 1248 1119 Graecis
1274 1046 1598 1120 divisisse
1624 1058 1723 1136 ¹²3
1762 1071 2019 1144 cogere
2043 1046 2385 1144 pecunias
2408 1049 2633 1116 maxi-

497 1183 648 1231 mas
668 1184 708 1230 a
734 1156 1275 1256 Dyrrhachini&
1299 1156 1609 1254 spoliare
1633 1155 2009 1229 Thessalos
2025 1209 2045 1244 ‚
2066 1167 2333 1226 certam
2352 1154 2631 1228 Achaeis

495 1269 572 1338 in
617 1293 847 1339 annos
899 1265 1217 1364 singulos
1265 1271 1649 1364 pecuniam
1691 1267 2189 1366 imperavisse3
2232 1289 2475 1362 neque
2528 1279 2631 1336 ta-

493 1402 662 1450 men
698 1377 850 1450 ullo
892 1379 970 1448 in
1019 1374 1314 1473 publico
1363 1391 1490 1448 aut
1536 1377 1873 1474 religioso
1927 1375 2091 1446 loco
2132 1376 2456 1472 signum,
2502 1389 2629 1446 aut

489 1485 815 1558 tabulam
833 1542 854 1576 ,
883 1501 1010 1558 aut
1033 1502 1543 1560 ornamentum
1569 1487 1989 1586 reliquisse?
2014 1485 2153 1556 hos
2174 1486 2275 1558 sic
2299 1483 2626 1570 illudere,

491 1593 762 1695 quibus
813 1621 1032 1670 omne
1083 1597 1527 1697 supplicium
1582 1613 1801 1697 atque
1856 1599 2095 1670 omnis
2127 1597 2292 1693 jure
2346 1597 2625 1694 optimo

489 1729 712 1805 poena
761 1705 1114 1778 debetur?
1165 1732 1332 1780 reos
1385 1733 1539 1781 esse
1586 1707 1723 1781 hos
1767 1707 1951 1788 duos
1972 1705 2059 1796 ¹³,
2094 1730 2281 1805 quos
2318 1705 2627 1779 videtis?

492 1818 768 1889 Omitto
801 1815 948 1911 jam
989 1821 1412 1890 Numerium
1435 1872 1478 1904 ,,
1502 1823 1885 1892 Serranum
1906 1873 1927 1908 ,
1964 1818 2221 1889 AElium
2240 1870 2260 1904 ‚
2302 1818 2629 1914 quisqui-

488 1926 618 1998 lias
671 1926 1040 1998 seditionis
1079 1925 1474 1999 Clodianae:
1522 1926 1649 1999 sed
1692 1943 1933 2002 tamen
1973 1927 2051 1999 hi
2080 1950 2379 2026 quoque
2406 1930 2623 1998 etiam

490 2059 690 2108 nunc
737 2033 1046 2108 volitant
1074 2041 1161 2125 ¹4,
1205 2051 1290 2108 ut
1335 2037 1626 2126 videtis3
1677 2063 1852 2127 nec,
1902 2036 2079 2110 dum
2113 2061 2241 2109 vos
2284 2035 2377 2109 de
2416 2035 2625 2110 vobis

487 2146 760 2244 aliquid
791 2145 1130 2220 timebitis
1149 2203 1169 2232 ‚
1203 2148 1306 2219 illi
1341 2173 1691 2247 umquam
1727 2148 1817 2220 de
1854 2174 1931 2222 se
1968 2150 2502 2248 pertimescent.

483 2299 713 2350 Lucullus
738 2299 780 2349 is
803 2315 906 2349 esse
927 2297 1131 2362 videtur,
1151 2301 1237 2367 qni
1252 2338 1268 2365 ‚
1283 2301 1505 2367 pecuniis
1591 2303 1790 2358 possent
1812 2308 1827 2342 ε
1860 2303 2071 2359 utroque
2108 2289 2261 2341 modo
2298 2293 2536 2358 graviter,
2572 2302 2623 2342 et

479 2384 684 2433 Rom-m
719 2398 784 2431 ax
817 2381 952 2431 bello
993 2382 1332 2434 Mithridation
1367 2400 1503 2433 snm-
1594 2373 1951 2423 contumeliose
1964 2375 2019 2422 in
2040 2374 2285 2423 Pisonem·

479 2462 634 2513 missis
648 2497 664 2522 ,
709 2462 868 2510 villam
920 2461 974 2509 iu
1019 2459 1297 2509 Tusculano
1336 2472 1503 2510 moute
1670 2468 1692 2499 1
1707 2466 1749 2501 1·
1769 2452 1949 2500 Civium
1964 2468 2293 2500 romanorum·
2309 2452 2475 2515 Quum
2490 2451 2621 2498 enim

478 2540 809 2607 magnificam,
828 2539 1047 2587 suffossis
1065 2526 1208 2587 etiam
1231 2540 1504 2598 montibus,
1595 2529 1756 2579 Greci
1778 2530 1990 2579 romanis
2014 2531 2208 2580 civibm
2244 2546 2442 2595 magnae
2465 2546 2616 2595 pecu-

477 2614 756 2669 czstrue'bet
777 2632 792 2667 ε
822 2633 968 2680 quem
995 2629 1052 2665 ut
1077 2617 1131 2670 iu
1155 2616 1388 2665 invidiam
1414 2632 1505 2666 vo·
1591 2608 1697 2657 ¹²3⁸·
1719 2608 1974 2670 deberent,
1998 2610 2163 2659 Pisoni
2188 2610 2295 2675 lege
2312 2610 2487 2660 Clodia
2504 2626 2618 2675 per-

477 2708 607 2746 caret
635 2695 874 2745 Gabinius
906 2695 1133 2743 tribunus
1157 2694 1316 2759 plebis
1329 2730 1345 2755 ‚
1374 2694 1505 2745 villae
1592 2687 1793 2735 minum
1817 2698 1913 2750 est,
1938 2700 1994 2738 ut
2014 2692 2096 2753 jun
2121 2690 2175 2737 in
2200 2689 2383 2738 liberos
2408 2688 2619 2755 populos

474 2776 580 2838 eius
595 2775 856 2838 imaginem
870 2783 918 2821 et
934 2772 1302 2821 delineationem
1319 2774 1372 2821 iu
1389 2790 1505 2822 cou·
1594 2764 1653 2813 de
1690 2766 1886 2817 creditis
1918 2769 2140 2833 pecuniis
2178 2768 2362 2819 diceret
2384 2784 2399 2818 ε
2440 2769 2619 2818 deinde

477 2854 703 2904 ciouibus
719 2850 1007 2917 explicabat.
1588 2858 1676 2895 aut
1697 2849 1781 2910 jue
1816 2866 1919 2899 non
1960 2850 2115 2913 dixit,
2154 2863 2239 2900 aut
2272 2852 2341 2901 ita
2374 2852 2530 2913 dixit,
2562 2864 2619 2902 ut

545 2936 598 2983 8.
633 2934 835 2991 Caseus,
867 2946 930 2978 ac
956 2946 1057 2978 non
1083 2928 1298 2993 cupidus.
1338 2931 1505 2979 Itonia

473 3016 528 3063 iu
552 3012 843 3069 Gabinium,
871 3010 956 3073 qui
977 3009 1112 3058 omui
1132 3012 1501 3075 intemperantia

474 3096 696 3158 luxuque
725 3090 989 3139 dissolutus
1019 3106 1074 3138 ac
1109 3090 1353 3155 perditus,
1389 3106 1501 3155 quo

473 3173 529 3221 iu
555 3173 662 3221 aliia
688 3170 996 3219 vehementer
1021 3178 1326 3218 accusaverat
1347 3169 1464 3219 vitia
1479 3204 1498 3231 ,

472 3253 532 3301 iis
549 3251 654 3315 ipse
670 3250 978 3299 vehementer
991 3249 1259 3298 laborabat.

545 3346 594 3393 9.
613 3330 855 3379 Alterum.
883 3328 1138 3389 Pisonem,
1159 3330 1245 3392 qui
1263 3327 1497 3378 Maccdo-

474 3412 604 3459 niam
625 3408 839 3473 regebat.

547 3504 628 3537 ιο.
677 3486 994 3536 Vexandam.
1017 3520 1031 3535 .
1053 3522 1066 3536 .
1086 3520 1104 3537 .
1137 3474 1497 3537 Mmedoviiam.

469 3572 706 3627 Hoceet,
731 3566 868 3632 quod
889 3568 957 3614 ait
979 3566 1032 3614 iu
1061 3566 1312 3619 Pinnem:
1343 3588 1368 3611 ι
1389 3569 1501 3616 Ma-

471 3648 677 3697 cedonia
723 3645 998 3695 condonata
1023 3646 1240 3695 barbarie
1261 3669 1301 3697 ι.
1343 3650 1403 3695 Iu
1442 3663 1498 3696 ea

467 3738 633 3776 tamen
661 3725 724 3773 de
746 3724 1011 3790 provinciis
1033 3726 1372 3775 consularibus
1393 3740 1498 3774 nou

469 3806 584 3854 ideo
599 3802 806 3855 Thu-nee·
829 3804 898 3852 ait
917 3804 966 3851 iu
989 3804 1328 3853 Macedoniam
1345 3804 1498 3868 impe·

467 3896 576 3933 tum
605 3884 796 3941 secisse,
827 3895 882 3934 ut
903 3885 1160 3949 pecuniae,
1187 3899 1308 3947 quae
1331 3882 1498 3930 Pisoni

468 3978 561 4027 pto
595 3974 752 4028 -pta
785 3978 908 4028 pace
944 3963 1194 4012 solverent
1215 3995 1232 4020 ,
1265 3961 1496 4017 maximas

469 4053 694 4106 cogerent
707 4077 722 4100 ,
759 4041 845 4091 sed
877 4052 964 4101 ut,
998 4058 1117 4107 pace
1151 4048 1290 4089 autea
1317 4054 1495 4103 magno

467 4123 625 4187 pretio
642 4132 802 4187 empta
813 4154 826 4181 ,
843 4120 1101 4169 exhaustas
1115 4119 1289 4169 domos
1307 4118 1496 4183 replere

1589 2925 1734 2976 bouis
1752 2928 1885 2977 cives
1902 2946 2029 2981 rom.
2050 2942 2307 2981 everteret.

1664 3022 1687 3056 1
1696 3022 1744 3055 a.
1762 3008 2007 3058 Divisis-n.
2022 3010 2351 3075 Apolloniam
2366 3026 2425 3059 cc
2438 2996 2619 3060 'talenta

1586 3086 1753 3135 Pisoni
1790 3088 1964 3137 Roma
2000 3089 2267 3150 dederuut,
2308 3108 2371 3139 ue
2406 3090 2617 3139 ereditas

1586 3166 1819 3233 pecunias
1842 3168 2104 3217 solverent.

1662 3247 1744 3295 13.
1764 3246 1864 3295 Hos
1876 3248 2016 3295 duos.
2036 3247 2255 3296 Sextium
2272 3260 2324 3297 et
2348 3248 2615 3308 Milouem,

1588 3324 1651 3373 de
1672 3326 1721 3371 vi
1742 3342 1851 3375 reos
1868 3360 1883 3385 ,
1899 3327 2115 3375 Sextium
2133 3338 2389 3376 accusante
2406 3330 2480 3376 M.
2504 3326 2618 3376 'nal-

1586 3404 1657 3453 lio
1682 3406 1997 3456 Albinovano
2012 3443 2028 3470 ,
2046 3419 2105 3457 ut
2122 3408 2297 3473 partim
2322 3424 2383 3457 ex
2407 3407 2615 3473 epistola

1587 3486 1617 3533 3
1651 3484 1765 3533 libri
1794 3489 1842 3535 11
1870 3486 1932 3535 ad
1964 3490 2202 3551 Quintum
2247 3488 2471 3546 fratrem,
2499 3502 2614 3552 par·

1586 3564 1673 3612 tim
1692 3580 1753 3613 ex
1770 3566 1989 3633 citatione
2008 3566 2063 3615 iu
2075 3567 2325 3616 Vatinium
2342 3566 2611 3631 colligum-3

1586 3644 1820 3693 Milonem
1851 3656 2105 3695 accusante
2138 3647 2193 3693 P.
2228 3645 2409 3695 Clodio
2440 3645 2607 3703 edile,

1585 3732 1717 3772 utet
1745 3723 1799 3770 hi
1852 3724 1977 3771 infra
2006 3734 2143 3790 patet
2156 3758 2171 3783 ,
2210 3734 2261 3771 et
2300 3725 2355 3773 iu
2392 3725 2614 3773 oratioue

1586 3802 1641 3849 iu
1676 3740 1929 3849 Variam
1949 3836 1966 3860 ‚
2022 3814 2073 3851 et
2116 3803 2167 3850 in
2214 3803 2379 3852 Dione
2402 3836 2418 3859 ,
2481 3802 2613 3851 libro

1586 3880 1835 3929 xxxIx.

1662 3966 1741 4015 ¹4·
1785 3958 1857 4008 Ha·
1894 3976 2088 4026 quoqne
2130 3961 2277 4010 etiam
2322 3978 2453 4010 nunc
2478 3958 2614 4009 voli-

1587 4050 1710 4087 tant.
1750 4040 1922 4088 Erecta
1966 4042 2155 4089 cervice
2200 4039 2464 4099 incedunt,
2512 4039 2607 4087 in·

1584 4134 1715 4181 puue
1738 4118 1833 4167 sibi
1850 4134 1953 4167 ecee
1972 4120 2259 4183 gloriantur.
