2996 4694
444 337 590 414 350
1137 339 1426 410 ARGU
1442 337 1794 410 MENTI]
1811 337 1906 407 M.

598 456 801 520 Multis
836 457 947 518 hac
974 457 1036 516 in
1062 456 1331 517 oratione
1357 456 1583 519 Tullius
1619 455 1870 536 superbe
1897 455 2072 516 nimis
2097 453 2174 514 de
2199 473 2262 515 se
2287 453 2473 535 egisse
2498 457 2588 514 vi-

528 559 731 630 detur;
777 575 887 615 nec
913 547 1204 614 immerito
1236 577 1249 612 :
1277 575 1410 615 nam
1443 553 1744 614 fatendum
1771 567 1858 613 est
1887 565 2199 633 perpetuas
2225 571 2370 631 quas
2397 555 2590 612 virtu-

524 652 681 712 tibus
705 651 823 712 suis
846 649 1047 710 laudes
1063 651 1323 730 impertit
1342 663 1562 724 orator,
1583 651 1800 730 legenti
1827 649 2120 710 fastidium
2151 666 2408 710 movere.
2441 646 2590 708 Inde
2701 697 2724 722 ,

526 748 765 829 quidam
780 747 1045 806 arbitrati
1062 759 1199 806 sunt
1212 747 1365 807 hanc
1375 747 1718 820 orationem,
1735 766 1852 806 non
1865 761 1982 806 tam
2000 745 2223 806 Pisonis
2241 743 2400 814 odio,
2415 764 2590 823 quam

527 847 619 906 sui
644 845 826 926 ipsius
848 863 1065 918 amone,
1092 863 1127 904 a
1147 845 1429 905 Cicerone
1458 845 1634 905 fuisse
1657 845 1967 923 scriptam3
1993 863 2174 924 quum
2199 855 2317 902 tam
2339 842 2590 921 amplam

528 943 618 1004 sui
634 941 896 1022 jactandi
924 941 1221 1002 materiam
1248 941 1496 1002 haberet
1512 987 1532 1016 ‚
1557 942 1661 1001 ubi
1687 943 1867 1002 vitam
1891 961 2073 1013 suam,
2097 955 2156 1000 et
2181 942 2244 998 in
2269 938 2592 1018 rempubli-

532 1057 661 1099 cam
706 1037 947 1112 merita,
988 1057 1122 1120 cnm
1164 1039 1373 1098 Pisone
1414 1039 1546 1096 viro
1577 1037 1870 1098 conferret
1915 1031 2325 1118 {vei-ditissimo.
2371 1037 2594 1114 Saepius

532 1133 743 1196 deinde
762 1133 989 1194 hostem
1014 1135 1095 1194 ita
1117 1133 1470 1215 aggreditur,
1486 1148 1554 1194 ut
1575 1132 1755 1194 verba
1775 1135 1876 1194 illa
1896 1135 2128 1213 impura
2141 1178 2159 1210 ,
2179 1148 2239 1193 et
2259 1133 2595 1214 turpissima

532 1251 778 1312 quaeque
819 1251 952 1310 quae
990 1247 1190 1292 narrat
1208 1276 1227 1306 ,
1274 1251 1548 1292 nauseam
1595 1245 1880 1292 moveant.
1924 1237 2068 1306 Quae
2115 1243 2308 1290 tamen
2349 1249 2595 1288 excusa-

536 1327 754 1389 tionem
791 1327 1012 1388 habent
1046 1328 1108 1387 in
1137 1327 1395 1406 graviori
1423 1329 1564 1389 odio
1589 1350 1709 1409 quo
1734 1329 1796 1389 in
1825 1329 2094 1388 Pisonem
2121 1326 2511 1400 efferebam-3
2535 1339 2598 1385 et

535 1425 583 1486 si
596 1425 737 1505 quid
763 1425 837 1484 de
856 1447 917 1485 se
938 1425 1252 1504 jactantius
1272 1427 1540 1506 protulit,
1564 1427 1782 1506 aliquid
1811 1439 1968 1486 oerte
1989 1425 2231 1499 oratori,
2249 1427 2370 1504 qui,
2397 1423 2597 1503 pulsus

534 1523 597 1582 in
623 1521 907 1598 exsilium,
934 1543 1091 1582 nunc
1108 1537 1415 1583 revocatus
1438 1524 1500 1582 in
1523 1524 1772 1604 patriam
1787 1567 1806 1598 ,
1824 1537 1883 1583 et
1903 1523 2096 1582 studio
2122 1521 2336 1581 civium
2357 1539 2595 1580 suorum

536 1617 839 1698 pristinam
887 1619 950 1680 in
1000 1619 1292 1682 fortunam
1342 1621 1644 1682 restitutus
1693 1621 1864 1681 nimis
1909 1619 2192 1694 exsultat,
2238 1631 2328 1679 est
2370 1616 2596 1677 condo-

543 1711 825 1776 nandum.
