2996 4694
1095 306 1193 373 M.
1243 306 1320 371 Τ.
1373 306 1949 375 CICERONIS

463 426 645 493 tarit.
695 428 840 509 Ac,
895 427 955 495 si
1007 426 1348 523 princeps
1387 428 2009 516 eamflsenteutiam
2043 424 2351 497 dicerem
2374 481 2395 511 ‚
2442 428 2587 500 lau·

457 532 718 604 daretis
761 533 1128 632 profect03
1161 537 1224 607 si
1257 536 1492 623 soluS,
1532 550 1726 609 certe
1757 537 2270 633 ignosceretis;
2314 538 2609 611 etiamsi·

459 642 700 739 paullo
741 645 980 715 minus
1021 645 1214 717 utilis
1251 644 1459 717 vobis
1489 648 1849 719 sententia
1878 646 2262 731 videretur,
2304 649 2582 718 veniam

457 766 698 822 tamen
745 754 1060 851 aliquam
1095 755 1332 827 dolori
1370 780 1534 828 meo
1558 752 1587 799 ⁵
1632 755 2066 828 tribueretis.
2120 760 2333 829 Nunc
2373 781 2585 845 vere,

437 875 694 959 -patres
746 865 1183 961 conscripti,
1241 890 1392 937 non
1442 890 1661 964 parva
1710 864 1989 937 afficior
2024 864 2430 965 voluptate,
2474 865 2588 937 vel

453 969 658 1067 quod
701 971 844 1043 hoc
885 974 1196 1045 maxime
1233 974 1649 1073 reipublicae
1686 974 2065 1062 conducit,
2100 976 2414 1071 Syriam,
2446 979 2589 1046 Ma-

455 1080 977 1179 cedoniamque
1027 1084 1317 1157 decerni
1337 1082 1395 1173 ⁶,
1440 1100 1524 1157 ut
1568 1084 1779 1155 dolor
1829 1108 2035 1155 meus
2085 1083 2264 1154 nihil
2310 1110 2352 1155 a
2394 1109 2588 1156 com-

459 1193 663 1261 muni
701 1192 1005 1265 utilitate
1037 1192 1456 1283 ·dissentiat;
1507 1195 1617 1265 vel
1656 1192 1858 1292 quod
1889 1191 2126 1265 habeo
2152 1204 2178 1249 ⁷
2218 1208 2587 1265 auctorem

456 1306 534 1371 P.
585 1300 1032 1391 Servilium⁸,
1080 1310 1208 1401 qui
1258 1320 1426 1376 ante
1471 1330 1588 1378 me
1624 1308 2057 1377 senteutiam
2094 1304 2309 1391 dixit,
2353 1306 2585 1375 virum

457 1410 967 1501 clarissimum,
1025 1430 1097 1485 et
1152 1416 1513 1512 quum.in
1566 1416 1975 1487 universam
2025 1414 2585 1512 rempublicam,

457 1536 614 1591 tum
663 1525 877 1593 etiam
927 1548 1094 1622 erga
1144 1549 1376 1596 meam
1416 1528 1719 1596 salutem
1742 1581 1763 1611 ,
1800 1522 1946 1596 fide
1984 1549 2065 1595 ac
2103 1523 2586 1596 benivolentia

455 1632 817 1729 singulari.
876 1634 1097 1726 Quod
1153 1637 1213 1705 si
1265 1634 1383 1707 ille
1437 1650 1509 1707 et
1558 1634 1804 1734 paullo
1852 1649 2064 1721 aute,
2114 1648 2225 1720 et,
2272 1635 2589 1731 quoties-

459 1767 774 1840 cumque
819 1746 885 1815 ei
925 1746 1128 1817 locui
1165 1744 1455 1818 dicendi
1485 1770 1567 1816 ac
1606 1758 1921 1845 potestas
1956 1742 2090 1814 fuit
2104 1756 2161 1833 9,
2197 1742 2585 1825 Gabinium

462 296 598 369 252

459 1980 597 2041 qussi
625 1979 940 2029 fundamenta
965 1983 1212 2047 opinionis
1238 1998 1336 2031 sua
1357 1982 1478 2045 jacit

461 2068 641 2117 orator,
657 2058 722 2106 ut'
735 2062 1017 2108 necessitate
1033 2076 1138 2109 non
1154 2060 1314 2109 minus
1333 2076 1478 2124 quam

461 2136 636 2185 decore
662 2154 714 2186 se
739 2137 802 2187 ad
824 2155 929 2187 eam
946 2138 1212 2188 adductum
1237 2138 1478 2188 ostendat.

1564 1981 1703 2041 cujus
1727 1980 2017 2029 sententiam
2052 1990 2263 2045 propter
2299 1979 2557 2028 consilium
2572 2016 2589 2041 ,

1566 2070 1613 2108 et
1635 2061 1939 2131 gravitatem,
1962 2070 2012 2107 et
2030 2058 2437 2108 existimationem
2458 2076 2589 2123 egre-

1565 2140 1645 2205 gie
1670 2140 1815 2203 gestis
1842 2149 2029 2203 partam
2056 2140 2325 2203 sequimur,
2346 2154 2447 2186 uou
2488 2142 2594 2187 tati·

461 2219 628 2280 Quum
670 2218 800 2265 enim
841 2218 902 2266 de
951 2218 1166 2266 Gabinio
1208 2227 1260 2267 et
1303 2219 1480 2267 Pisone

461 2296 759 2345 dimittendis
799 2295 1022 2346 dicturus
1067 2308 1190 2346 esset
1211 2332 1228 2359 ,
1281 2295 1480 2345 vitanda

463 2387 565 2424 erat
605 2377 842 2442 suspicio,
879 2394 942 2427 ne
981 2377 1154 2426 dolore
1191 2378 1479 2440 injuriarum

461 2458 614 2520 magis
656 2473 800 2519 quam
843 2455 1125 2521 reipublice
1156 2455 1366 2506 utilitate
1394 2457 1482 2504 im·

466 2535 633 2598 pulsus
657 2535 922 2584 videretur.

531 2614 580 2660 5.
609 2614 778 2662 Dolori
803 2630 926 2662 meo.
961 2617 1133 2664 Justus
1153 2624 1259 2662 erat
1283 2614 1481 2663 Cicero-

459 2694 534 2740 uis
561 2691 704 2740 dolor
726 2691 918 2756 expulsi
939 2709 1002 2740 ex
1031 2691 1150 2742 urbe
1174 2710 1203 2741 a
1231 2691 1406 2740 Pisone
1423 2702 1472 2741 et

458 2770 670 2819 Gabinio
694 2771 1003 2828 consulibus,
1032 2787 1242 2834 quorum
1268 2771 1351 2820 ille
1369 2771 1473 2820 Ma-

456 2851 710 2899 cedoniam
723 2885 740 2912 ,
757 2849 838 2898 hic
856 2850 1046 2915 Syriam
1063 2851 1365 2914 provinciam
1383 2851 1472 2899 ob·
1506 2912 1511 2918 Ι

458 2929 670 2990 tinebat,
707 2945 827 2994 quas
867 2941 1068 2994 uterque
1097 2929 1360 2978 crudeliter
1399 2947 1473 2978 ve-

455 3009 652 3058 ubant.

529 3089 580 3138 6.
591 3086 776 3151 &riam
784 3123 801 3150 ,
813 3089 1250 3154 Macedoniamque
1264 3089 1470 3138 decerni.

457 3167 730 3217 Provincias
770 3168 952 3217 eedem
1000 3169 1151 3218 modo
1199 3170 1473 3224 consulares

457 3248 676 3307 suerunt,
707 3248 858 3296 modo
886 3249 1158 3313 praetoria,
1187 3248 1250 3296 ad
1277 3259 1471 3296 senatus

457 3327 738 3375 arbitratum
759 3362 774 3387 ,
821 3338 968 3392 prout
1007 3330 1134 3377 ratio
1158 3329 1401 3376 bellorum
1421 3337 1470 3376 et

459 3399 730 3470 temporum
755 3407 1050 3471 postulabat.
1093 3407 1382 3457 Consulares
1407 3406 1476 3454 di-

460 3486 713 3544 cebantur,
737 3503 887 3549 quum
910 3503 989 3534 eas
1017 3487 1335 3550 proconsnies
1354 3520 1369 3544 ,
1390 3495 1473 3533 aut

456 3566 598 3612 etiam
615 3597 632 3622 ,
650 3563 788 3628 quod
811 3581 915 3612 nou
941 3579 1050 3612 raro
1087 3563 1318 3627 contigit,
1355 3579 1472 3612 con·

457 3644 613 3704 sules3
633 3643 872 3706 praetoriae
884 3678 898 3702 ,
915 3659 1067 3706 quum
1093 3653 1326 3706 praetores
1345 3643 1474 3691 obti-

457 3724 654 3772 nebant.
694 3722 896 3769 Senatus
932 3736 1057 3769 unus
1087 3722 1364 3770 consulares
1399 3722 1476 3770 de·

457 3802 680 3852 cernebat
695 3836 712 3863 ,
755 3817 844 3848 nec
878 3799 976 3848 iilis
1013 3800 1309 3849 intercedere
1338 3812 1473 3865 pote·

459 3893 567 3930 rant
609 3879 790 3928 tribuni
825 3878 1010 3944 plebis3
1045 3890 1275 3943 poterant
1311 3891 1472 3929 autem

455 3959 711 4025 pretoriis.

531 4055 582 4098 7.
605 4037 770 4086 Habeo
789 4048 1052 4087 metor-em.
1073 4039 1259 4086 Auctor
1279 4036 1472 4096 dicitur,

1566 2229 1671 2267 tum
1692 2220 1745 2266 in
1760 2218 1973 2282 legibus,
1994 2217 2080 2266 sed
2096 2219 2240 2265 etiam
2261 2218 2313 2265 in
2335 2218 2589 2267 sententiis

1568 2296 1806 2346 dicendis.
1826 2298 1887 2344 In
1906 2298 2073 2345 Pisou.
2091 2318 2117 2339 ιι
2136 2298 2229 2347 Cn.
2242 2300 2478 2363 Pompeio
2498 2314 2589 2346 au·

1568 2389 1702 2426 ctore
1720 2389 1771 2426 et
1794 2378 1901 2439 ejus
1919 2378 2170 2426 sententie
2192 2377 2417 2443 principe
2434 2400 2477 2426 ιο.

1642 2457 1689 2504 8.
1717 2459 1776 2503 P.
1808 2454 2073 2504 Servilium.
2102 2455 2203 2518 Qui
2234 2455 2371 2519 quod
2396 2460 2589 2504 Isaura

1569 2533 1821 2583 domuerat
1836 2568 1853 2595 ,
1874 2535 2116 2582 Isauricus
2144 2533 2303 2582 dictus
2332 2545 2423 2583 est.
2446 2537 2590 2584 Sum-

1570 2629 1703 2664 mum
1738 2614 1954 2663 studium
1986 2613 2312 2677 impenderat,
2342 2625 2395 2662 ut
2420 2614 2474 2662 in
2499 2629 2589 2678 pa·

1558 2694 1699 2741 triam
1717 2693 1781 2741 ab
1798 2693 1971 2741 exsilio
1990 2693 2277 2742 Ciceronem
2304 2702 2555 2741 revocaret
2570 2726 2587 2752 ,

1559 2789 1706 2836 quem
1734 2773 1983 2821 absentem
2016 2788 2128 2820 cum
2160 2772 2363 2820 Metello
2390 2771 2588 2836 Nepote

1560 2851 1761 2900 consule
1779 2851 1971 2902 reduxit
1990 2851 2041 2898 iu
2061 2851 2411 2914 gratiam.Vide
2420 2851 2586 2898 Valet.

1560 2931 1698 2980 Μαι.
1712 2933 1835 2978 vm
1848 2965 1862 2989 ,
1882 2931 1932 2981 6.

1635 3027 1689 3072 9.
1728 3011 1883 3057 Lucus
1907 3006 2106 3056 dicendi
2140 3025 2203 3057 ac
2236 3019 2453 3072 potestas
2466 3005 2583 3065 litie-

1538 3091 1718 3136 ·Loeus
1750 3089 1813 3136 de
1841 3088 2017 3136 Pisone
2056 3098 2106 3136 et
2142 3088 2355 3138 Gabinio
2390 3087 2587 3136 dicendi

1560 3167 1654 3216 fuit
1680 3203 1697 3228 ‚
1743 3183 1897 3230 quum
1938 3183 2014 3214 res
2073 3165 2135 3215 de
2190 3183 2287 3230 qna
2330 3167 2591 3231 rogabatur

1560 3261 1671 3294 cum
1694 3261 1863 3294 eorum
1888 3245 2065 3294 scelere
2100 3245 2193 3294 fnit
2234 3247 2403 3310 aliquo
2438 3245 2588 3294 modo

1559 3331 1802 3374 connexa.
1830 3327 2050 3372 Potestas
2076 3333 2239 3372 autem
2258 3327 2589 3388 quotiescum·

1563 3421 1661 3469 que
1682 3405 1743 3452 de
1770 3403 1986 3468 qualibet
2010 3421 2062 3451 re
2080 3414 2281 3468 rogatus
2298 3414 2371 3451 est
2399 3415 2590 3452 senten-

1562 3485 1697 3532 tiam.
1738 3505 1761 3524 e«
1782 3483 1898 3530 Erat
1940 3484 2070 3530 enim
2113 3484 2195 3543 jus
2249 3484 2490 3544 senatori,
2532 3493 2589 3530 ut

1562 3562 1848 3612 senteutiam
1864 3571 2061 3626 rogatus
2088 3561 2273 3611 diceret
2288 3573 2423 3622 ante,
2450 3559 2589 3625 quid-

1564 3641 1681 3706 quid
1702 3641 1847 3690 vellet
1866 3641 1990 3689 alius
2008 3643 2106 3703 rei,
2121 3651 2169 3689 et
2196 3642 2363 3705 quoad
2380 3641 2528 3690 veliet
2542 3662 2586 3689 a.

1564 3721 1757 3770 Atteius
1798 3720 1973 3784 Capito
2010 3720 2143 3785 apud
2182 3721 2310 3768 Gell.
2356 3721 2447 3768 lib.
2488 3723 2589 3781 lv,

1564 3817 1671 3864 cap.
1700 3815 1779 3850 ro.
1801 3799 1931 3848 Vide
1966 3799 2150 3847 ibidem
2186 3801 2465 3865 exempium
2497 3801 2587 3848 Ca-

1563 3879 1691 3929 tonis
1710 3880 1955 3929 Uticensis
1970 3913 1984 3936 ‚
2006 3881 2092 3942 qui
2110 3877 2363 3926 eximebat
2378 3877 2589 3926 diceudo

1563 3960 1708 4007 ulem.
1730 3959 1854 4008 Cato
1880 3957 2161 4015 Censorius,
2180 3958 2587 4022 quotiescumque

1562 4039 1625 4088 de
1670 4038 1767 4088 ulla
1806 4056 1859 4087 re
1907 4037 2277 4095 consulebatur,
2318 4059 2343 4079 ιι
2362 4035 2591 4086 censebat
