2996 4694
869 365 1254 434 ORATIO
1305 366 1507 434 PRO
1556 367 1653 434 M.
1704 366 2101 435 COELIO.
2400 364 2531 437 231

407 492 644 585 Atque
706 484 1048 582 equidem
1109 485 1586 559 vehementer·
1636 483 2137 584 exspectabam
2166 538 2185 571 ,
2238 490 2535 583 quinam

410 600 524 669 isti
573 597 702 667 viri
747 593 924 667 boni
946 648 965 683 ,
1005 610 1222 669 testes
1265 595 1484 691 hujus
1528 594 1909 668 manifesto
1952 595 2385 695 deprehensi
2420 624 2540 671 ve-

409 709 584 778 neni
640 704 1069 778 dicerentur.
1125 705 1322 777 Nulli
1381 705 1577 775 enim
1624 719 1795 777 sunt
1836 702 2123 775 adhuc⁵
2166 707 2539 779 nominati.

409 815 550 889 Sed
589 839 743 886 non
793 813 1055 887 dubito
1067 813 1127 899 ὅ,
1170 816 1352 913 quin
1401 816 1549 887 sint
1583 836 1994 913 pergraves,
2046 819 2177 913 qui
2222 818 2539 915 primum

407 927 556 999 sint
581 924 740 996 talis
777 922 1059 996 feminas
1093 923 1477 997 familiares
1497 936 1564 1013 ⁷3
1602 922 1869 995 deinde
1898 949 2057 995 eam
2096 926 2539 1023 provinciam

411 1034 889 1133 susceperint,
921 1047 1008 1105 ut
1032 1038 1107 1105 in
1135 1032 1430 1106 balneas
1455 1031 2072 1105 contruderentur
2103 1061 2123 1104 ε
2157 1034 2363 1133 quod
2392 1036 2544 1123 illa,

410 1147 549 1217 nisi
593 1170 636 1215 a
681 1144 850 1215 viris
869 1138 928 1189 ⁸·
951 1143 1474 1217 honestissimis
1520 1168 1608 1216 ac·
1659 1144 2093 1241 plenissimis
2139 1146 2539 1243 dignitatis,

409 1278 630 1353 quam
666 1252 840 1325 velit
879 1254 974 1325 sit
1016 1267 1278 1352 potens
1295 1309 1316 1343 ,
1361 1278 1771 1353 numquam
1813 1256 2354 1353 impetravisset.
2402 1256 2543 1330 Sed

411 1362 590 1463 quid
615 1386 750 1461 ego
776 1362 870 1435 de
896 1362 1242 1461 dignitate
1268 1368 1577 1437 istorum
1605 1367 1897 1439 testium
1914 1377 1951 1425 9
1983 1366 2290 1463 loquor?
2316 1367 2545 1439 virtu·

409 1490 556 1547 tem
587 1498 840 1547 eorum
867 1473 1456 1573 diligentiamque
1487 1477 1923 1572 cognoscite.
1948 1478 2035 1547 In
2061 1474 2339 1547 balneis
2363 1473 2541 1547 deli-

410 1598 754 1656 tuerunt:
784 1598 1004 1678 testes
1035 1582 1384 1681 egregios!
1415 1583 1681 1657 deinde
1710 1600 1985 1662 temere
2006 1585 2539 1683 prosiluerunt:

409 1694 740 1766 homines
786 1694 1112 1791 gravitati
1155 1691 1465 1765 deditos!
1518 1696 1634 1767 Sio
1682 1696 1875 1767 enim
1928 1679 2252 1790 fingunt,¹
2307 1720 2537 1793 quum

409 1804 728 1875 Licinius
750 1806 1064 1875 venisset
1083 1858 1104 1891 ,
1141 1802 1480 1903 pyxidem
1518 1818 1797 1877 teneret
1839 1808 1917 1875 in
1960 1828 2177 1875 manu
2194 1860 2215 1895 ‚
2248 1829 2545 1877 conare-

411 1930 532 1987 tur
555 1912 870 2001 tradere,
900 1912 1231 1986 nondum
1255 1912 1695 2003 tradidisset,
1716 1930 1877 1985 tum
1900 1928 2199 2011 repente
2222 1914 2538 2001 evolasse

411 2026 588 2098 istos
625 2024 1004 2123 praeclaros
1047 2038 1262 2097 testes
1303 2026 1458 2098 sine
1493 2025 1834 2110 nomine3
1872 2024 2496 2097 Licinium-autem
2527 2084 2548 2116 ,

413 2158 642 2234 quum
661 2136 811 2231 jam
837 2158 1134 2205 manum
1162 2133 1258 2209 ad
1283 2132 1711 2206 tradendum
1732 2144 1802 2183 ¹⁰·
1823 2131 2161 2230 pyxidem
2192 2138 2545 2230 porrexis—

412 2258 558 2331 set,
590 2245 962 2317 retraxisse
987 2298 1006 2332 ,
1043 2260 1262 2341 atque
1291 2243 1416 2315 illo
1443 2244 1833 2341 repentino
1860 2242 2239 2315 hominum
2268 2245 2547 2342 impetu

417 2383 496 2432 se
535 2361 612 2430 in
656 2359 900 2458 fugam
938 2359 1350 2455 conjecisse.
1391 2362 1459 2430 O
1493 2382 1750 2455 magna
1788 2360 1895 2430 vis
1934 2359 2245 2430 veritatis
2268 2369 2355 2446 ¹⁸,
2384 2383 2544 2456 quae

415 2488 670 2546 contra
695 2473 1074 2546 hominum
1095 2473 1414 2572 ingenia,
1442 2470 1932 2564 calliditatem,-
1950 2471 2312 2550 solertiam
2327 2527 2347 2562 ,
2372 2496 2545 2544 con·

489 2673 538 2730 5,
569 2645 727 2720 lflulli.
747 2705 763 2720 .
783 2705 798 2719 .
826 2681 940 2718 sum
964 2667 1132 2722 adhue
1169 2669 1432 2719 nominati.
1523 2680 1631 2729 vat,
1650 2669 1808 2718 scia-s
1833 2667 1977 2717 talem
2002 2668 2285 2734 esse‚qualis
2304 2683 2423 2733 grex
2446 2669 2545 2720 erit

416 2751 734 2798 Accusatores
757 2747 1005 2808 dixerant,
1025 2758 1170 2797 testes
1185 2765 1238 2797 se
1256 2748 1434 2797 habere
1520 2746 1760 2796 sodalium
1778 2768 1820 2796 ..,

416 2829 504 2892 qui
535 2829 773 2876 licinium
797 2827 1031 2877 vidissent
1046 2864 1062 2891 ,
1099 2843 1250 2893 quum
1285 2843 1434 2876 vene-

415 2921 534 2954 num
571 2905 757 2956 Clodio
793 2906 944 2954 servis
981 2917 1106 2955 esset
1138 2906 1430 2968 traditurum

1593 2827 1647 2875 8.
1690 2824 1803 2874 Nisi
1832 2840 1871 2874 a
1901 2825 2045 2876 vir-125.
2092 2825 2357 2874 Manutius·
2376 2839 2541 2876 censet

1520 2919 1691 2952 vocem
1724 2903 1821 2952 nisi
1852 2901 2139 2964 delendum;
2163 2905 2251 2953 sed
2272 2907 2457 2954 ironice
2478 2907 2547 2955 lo-

416 3001 503 3034 eos
521 2985 670 3052 igitur
688 2985 858 3034 irridet
871 2985 1061 3034 'Iunius
1080 3019 1097 3045 ‚
1123 2985 1262 3049 quod
1281 2987 1431 3034 nemi-
1516 2985 1685 3048 quitur
1706 2981 1898 3033 Cicero.

415 3079 528 3113 nem
550 3065 784 3113 hacteuus
809 3064 1132 3125 nominarint3
1159 3065 1294 3128 quod
1315 3081 1432 3130 pro·

311 3152 316 3156 ”
417 3147 547 3195 fecto
589 3147 818 3194 fecissem
833 3181 849 3205 ,
891 3147 934 3196 si
979 3156 1125 3195 testes
1165 3146 1434 3212 producere

417 3227 710 3288 potuissent.

490 3305 540 3352 6.
581 3303 680 3352 Sed
699 3319 802 3352 non
829 3301 1014 3351 dubito.
1054 3302 1250 3352 Irouice
1277 3303 1435 3366 carpit

417 3395 585 3429 eorum
616 3383 812 3432 testium
841 3379 1086 3430 levitatem
1104 3415 1122 3442 ,
1161 3390 1264 3428 tum
1298 3378 1434 3444 quod

417 3470 576 3508 esseut
609 3460 870 3525 impudice
913 3459 1106 3508 femina
1143 3457 1398 3506 familiares
1413 3493 1432 3520 ,

421 3549 522 3587 tum
545 3538 756 3602 quodid
771 3553 950 3586 munus
973 3547 1024 3587 et
1043 3535 1261 3586 officium
1280 3551 1434 3585 susee-

415 3617 628 3680 pis-ent,
645 3625 704 3665 ut
728 3617 852 3665 sein
883 3615 1078 3664 balneas
1099 3615 1436 3674 obtinuissent,

417 3694 554 3758 quod
597 3694 745 3743 honis
784 3695 900 3742 viris
935 3705 986 3743 et
1028 3693 1256 3758 gnvibm
1290 3694 1436 3758 plaue

418 3771 672 3838 iudignum
699 3784 792 3823 est.

493 3867 541 3911 7.
572 3852 706 3900 Talis
714 3849 1231 3918 femimfaemr’lt'ans.
1257 3849 1438 3900 AEsehi-

533 3931 586 3976 in
611 3947 696 3980 sua
723 3929 1030 3984 accusatione
1057 3939 1224 3976 eontra
1250 3931 1438 3977 Timar·

421 4008 568 4060 chum
584 4023 598 4057 :
613 4031 638 4051 ιι
649 4010 702 4057 Si
719 4024 866 4073 quem
883 4007 1121 4055 malorum
1138 4007 1440 4056 cousuetudo

419 4087 588 4148 juvat,
619 4101 884 4151 uunquam
915 4085 1104 4150 rogavit
1139 4085 1344 4148 qualiter
1369 4087 1442 4134 vi-

1592 3077 1647 3125 9.
1698 3062 1769 3108 De
1807 3061 2055 3126 dignitate
2097 3061 2295 3109 istorum
2340 3065 2544 3129 restinta.

1522 3142 1638 3190 Non
1662 3139 1821 3188 solum
1848 3154 1873 3187 a
1901 3137 2166 3204 dignitate,
2192 3139 2247 3190 id
2269 3151 2371 3200 est,
2399 3157 2546 3206 geue-

1523 3221 1589 3268 ris
1602 3254 1618 3280 ,
1641 3235 1895 3267 munerum
1908 3253 1924 3278 ,
1952 3217 2229 3268 officiorum
2248 3220 2363 3268 vitae
2384 3222 2546 3287 splen-

1524 3298 1645 3348 dore
1686 3295 1811 3346 fldes
1859 3297 2063 3346 testibus
2109 3299 2415 3360 conciliatur,
2457 3302 2545 3352 sed

1524 3378 1668 3426 etiam
1690 3392 1880 3425 morum
1898 3377 2177 3442 integritate
2194 3388 2243 3426 et
2268 3381 2548 3443 sanctitate,

1523 3471 1635 3521 qua
1670 3455 1827 3504 multo
1853 3455 1966 3520 plus
2000 3456 2065 3504 ad
2095 3457 2363 3506 faciendam
2396 3459 2545 3509 fidem

1521 3535 1671 3584 habet
1686 3535 1951 3597 momenti3
1970 3551 2105 3583 nuuc
2122 3536 2273 3600 igitur
2286 3547 2546 3607 postquam

1524 3614 1822 3664 obscuritate
1862 3614 2058 3661 testium
2104 3613 2253 3662 {idem
2303 3616 2510 3668 elevavit
2529 3655 2545 3678 ‚

1526 3693 1743 3743 ostendit
1767 3709 1871 3741 uon
1897 3693 1994 3740 illis
2018 3692 2315 3742 credendum
2337 3713 2458 3745 esse.

1605 3789 1685 3822 ro.
1716 3773 1801 3821 Ad
1814 3771 2120 3824 uadendum.
2145 3773 2239 3821 Alii
2260 3773 2408 3822 codd.
2432 3775 2554 3825 dant

1528 3851 1601 3898 ad
1618 3851 1927 3900 tradendam.

1608 3947 1627 3977 ι
1642 3947 1687 3978 ι.
1731 3933 1776 3979 Ο
1810 3945 1999 3995 magna
2035 3932 2119 3979 vis
2156 3929 2397 3978 veritatis.
2435 3936 2555 3981 Seu-

1533 4009 1682 4057 tentia
1708 4021 1901 4074 sumpta
1924 4009 1987 4057 ab
2007 4009 2229 4058 AEschiue
2249 4023 2311 4055 ex
2334 4011 2555 4062 oratione

1530 4097 1701 4136 eontra
1714 4087 2049 4136 'l'iuuarchumz
2066 4087 2245 4134 «Tanta
2264 4083 2336 4132 vis
2348 4102 2423 4138 est
2439 4094 2558 4150 ,νει-ἰ-
