2996 4694
499 359 642 440 400
1134 357 1233 426 Μ.
1283 359 1360 425 Τ.
1415 357 1995 428 CICERONIS

501 478 796 578 quidem
823 475 1121 577 posthac
1155 479 1466 576 possint,
1495 501 1795 577 possum
1826 475 1975 548 ullo
2008 493 2224 576 pacto
2258 481 2633 577 suspicari.

497 597 605 662 Da
643 606 714 662 te
765 587 1040 687 populo
1055 584 1108 676 ⁵,
1149 593 1519 660 committe
1564 589 1771 660 ludis.
1806 588 2110 660 Sibilum
2150 589 2459 661 metuis?
2498 589 2632 662 ubi

499 715 670 772 sunt
703 711 954 769 vestrae
999 695 1354 768 scholae⁶i³
1405 703 1517 771 Ne
1560 699 2035 769 acclametur?
2072 723 2171 770 ne
2214 698 2293 770 id
2332 698 2633 796 quidem

500 825 606 882 est
633 833 888 881 curare
913 808 1352 906 philosophi.
1382 811 1643 880 Manus
1668 807 1916 880 tibine
1945 806 2367 896 asserantur,
2396 811 2627 888 times.

497 919 726 992 Dolor
759 919 958 990 enim
993 932 1106 988 est
1133 919 1473 1008 malum7‚
1512 935 1597 990 ut
1624 918 1983 1016 disputas3
2020 919 2482 1008 existimatiO‚
2510 918 2633 991 de-

479 1029 754 1126 decus,
793 1025 1120 1114 infamia,
1155 1029 1576 1126 turpitudo,
1607 1028 1831 1100 verba
1862 1045 2035 1101 sunt
2068 1043 2288 1126 atque
2314 1031 2626 1127 ineptiae.

495 1139 637 1212 Sed
689 1138 780 1210 de
827 1137 970 1208 hoc
1019 1161 1172 1208 non
1221 1137 1482 1210 dubito
1532 1167 1548 1209 :
1605 1161 1757 1209 non
1802 1137 2099 1211 audebit
2150 1136 2489 1210 accedere
2537 1138 2631 1210 ad

495 1249 729 1321 ludos.
775 1249 1200 1318 Convivium
1229 1247 1609 1346 publicum
1644 1273 1799 1319 non
1842 1249 2205 1346 dignitatis
2240 1250 2465 1345 gratia
2500 1250 2631 1319 ini-

490 1361 604 1432 bit
635 1361 816 1456 (nisi
855 1356 1042 1428 forte
1081 1371 1162 1428 ut
1195 1381 1362 1428 cum
1407 1361 1482 1427 P.
1526 1357 1785 1430 Clodio
1800 1355 1855 1445 ⁸,
1893 1357 2035 1428 hoc
2062 1371 2205 1444 est,
2244 1381 2407 1428 cum
2436 1381 2632 1428 amo·

493 1470 696 1542 ribus
737 1469 884 1538 suis
921 1466 1239 1562 coenet),
1285 1465 1414 1560 sed
1457 1468 1671 1565 plane
1712 1469 1935 1538 animi
1968 1469 2079 1538 sui
2112 1489 2327 1538 causa
2358 1494 2375 1537 τ
2416 1467 2630 1538 ludos

383 1581 390 1588 ’
494 1577 710 1650 nobis
749 1575 992 1646 idiotis
1033 1575 1420 1673 relinquet.
1455 1577 1657 1649 Solet
1684 1580 1879 1649 enim
1908 1579 1985 1648 in
2012 1576 2629 1675 disputationibus

493 1690 671 1773 suis,
715 1687 1094 1758 oculorum
1133 1701 1205 1757 et
1253 1688 1537 1760 aurium
1572 1686 2031 1760 delectationi
2057 1685 2466 1758 abdominis
2499 1712 2628 1759 vo-

494 1801 805 1897 luptates
835 1795 1218 1868 anteferre.

581 1912 772 1981 -Nam
791 1961 810 1990 ‚
849 1907 1052 2004 quod
1079 1906 1288 1978 vobis
1319 1907 1454 1978 iste
1481 1907 1989 1980 tantummodo
2016 1907 2397 2006 improbus
2415 1962 2435 1997 ‚
2469 1931 2630 1978 cru.-

493 2019 674 2092 delis
701 2019 922 2089 olims>
959 2016 1428 2104 furunculus,
1463 2041 1660 2089 nunc
1692 2042 1869 2090 vero
1896 2019 2109 2090 etiam
2138 2041 2358 2114 rapax
2376 2072 2396 2106 ,
2424 2015 2628 2115 quod

493 2129 864 2217 sordiduS‚
901 2127 1104 2225 quod
1147 2141 1577 2212 contumax,
1607 2127 1809 2224 quod
1846 2126 2235 2225 superbus,
2272 2127 2473 2224 quod
2500 2126 2628 2198 fal-

491 2241 643 2325 lax,
697 2235 900 2336 quod
937 2235 1400 2335 perfidiosus,
1446 2236 1651 2334 quod
1690 2237 2116 2335 impudens,
2151 2237 2353 2334 quod
2390 2236 2625 2308 audax

491 2374 649 2423 esse
700 2347 1066 2435 videatur3
1149 2344 1335 2416 nihil
1387 2347 1645 2420 scitote
1700 2373 1853 2420 esse
1909 2349 2349 2422 luxuriosius
2368 2402 2391 2437 ‚
2442 2347 2625 2421 nihil

489 2460 942 2532 libidinosius
963 2510 984 2545 ‚
1053 2455 1234 2526 nihil
1295 2460 1655 2554 posterius
1676 2512 1697 2548 ‚
1748 2458 1929 2531 nihil
1978 2464 2313 2557 nequius.
2376 2462 2621 2531 Luxu-

488 2575 668 2641 riam
723 2582 966 2639 autem
1015 2567 1092 2637 in
1140 2568 1282 2639 isto
1321 2568 1547 2639 nolite
1598 2567 1787 2640 hanc
1850 2566 2166 2667 cogitare
2212 2600 2229 2643 ε
2272 2586 2383 2642 est
2430 2572 2623 2640 enim

490 2676 810 2776 quaedam
829 2732 850 2762 ‚
885 2701 1324 2775 quamquam
1367 2682 1603 2749 omnis
1646 2694 1754 2750 est
1794 2681 2045 2751 vitiosa
2088 2696 2305 2779 atque
2350 2682 2621 2779 turpis,

488 2804 732 2859 tamen
781 2790 1096 2883 ingenuo
1152 2813 1233 2859 ac
1286 2786 1521 2859 libero
1571 2788 1875 2886 dignior.
1930 2790 2119 2861 Nihil
2179 2791 2377 2889 apud
2424 2790 2621 2861 hunc

485 2899 763 2970 lautum
787 2952 808 2982 ‚
838 2896 1016 2967 nihil
1055 2898 1343 2995 elegans
1365 2952 1384 2987 ‚
1417 2898 1600 2970 nihil
1628 2901 2106 2997 exquisitum3
2146 2900 2455 2972 laudabo
2486 2899 2623 2969 ini-

561 3174 611 3221 5.
641 3174 720 3221 Da
735 3182 782 3220 ee
796 3173 999 3237 populo.
1021 3170 1278 3235 Ingredere
1296 3172 1360 3219 ad
1383 3172 1514 3219 thes·
1600 3174 1686 3222 sed
1732 3173 1784 3219 in
1828 3172 2217 3223 indifferentibus
2270 3180 2581 3221 numerarunt
2601 3204 2617 3231 ,

489 3263 615 3300 trum
655 3253 887 3300 refertum
923 3251 1143 3316 populo,
1181 3262 1229 3299 et
1265 3263 1315 3299 te
1351 3251 1512 3316 ipsum
1598 3252 1819 3317 quamvis
1856 3251 2037 3300 alicubi
2073 3254 2253 3299 Seneca
2293 3250 2511 3299 dolore-
2542 3250 2619 3297 in-

486 3331 734 3380 committe
756 3331 1126 3393 spectatoribus.
1599 3331 1910 3379 commodum
1934 3346 2035 3379 esse
2060 3332 2276 3379 fateatur.
2300 3330 2548 3394 Epictetus
2569 3339 2619 3377 et

556 3412 608 3459 6.
636 3412 818 3457 Vestra
835 3409 1028 3461 scholoe.
1057 3412 1180 3473 Quae
1204 3408 1383 3457 docent
1403 3406 1509 3457 haec
1597 3410 1755 3460 Aulus
1784 3410 1999 3474 Gellius,
2034 3412 2123 3460 lib.
2153 3412 2201 3467 1,
2229 3424 2335 3474 esp.
2364 3426 2394 3457 ‘s
2415 3443 2429 3467 ,
2458 3420 2507 3456 et
2533 3408 2617 3456 alii

486 3498 813 3537 contemnere.
1597 3492 1774 3555 passim
1793 3491 2126 3537 consuluntur.
2146 3488 2243 3536 Alii
2258 3522 2272 3547 ,
2290 3498 2345 3535 ut
2364 3487 2614 3551 Epicurei,

559 3585 606 3628 7.
635 3566 790 3613 Dolor
817 3566 943 3614 enim
966 3578 1035 3614 ese
1061 3568 1261 3613 malum.
1285 3567 1406 3612 ‘Haec
1435 3576 1509 3614 est
1594 3570 1892 3633 voluptatem
1930 3584 2171 3615 summum
2210 3566 2396 3614 bonnm
2415 3600 2430 3624 ,
2474 3566 2617 3614 dolo·

483 3646 684 3695 celebris
701 3644 784 3693 illa
802 3647 1008 3710 quaestio
1031 3647 1082 3692 in
1104 3644 1332 3692 omuibus
1351 3660 1509 3709 prope
1594 3662 1695 3694 rem
1722 3662 1962 3694 summum
1994 3646 2173 3694 malum
2213 3662 2317 3693 esse
2353 3645 2612 3693 duxerunt.

479 3726 884 3791 philosophorum
906 3726 1088 3774 scholis
1101 3761 1115 3785 ,
1139 3726 1284 3772 variis
1309 3724 1509 3773 alterca-
1592 3725 1721 3773 ‘Vide
1740 3726 1994 3785 Nostrum,
2010 3724 2145 3773 libris
2165 3725 2225 3773 de
2238 3724 2437 3772 Finibus
2456 3723 2617 3771 bono·

480 3806 695 3853 tionibus
723 3808 898 3871 agitata
920 3820 933 3853 :
963 3805 1042 3851 alii
1057 3838 1071 3861 ‚
1107 3814 1160 3850 ut
1188 3804 1503 3863 Aristoteles,
1595 3820 1700 3852 rum
1722 3814 1769 3851 et
1790 3805 2025 3852 malorum
2045 3840 2059 3865 ‚
2079 3815 2130 3851 et
2148 3803 2270 3850 alios
2291 3802 2486 3867 passim.

448 3885 696 3933 ,dolorem
752 3886 930 3932 malum
983 3882 1210 3946 quidem,
1260 3882 1346 3931 sed
1397 3898 1503 3931 non
1668 3886 1714 3931 8.
1784 3883 1979 3933 Lanam,
2032 3880 2251 3947 patribus
2310 3880 2611 3944 conscriptis.

479 3982 747 4024 summum,
781 3976 831 4011 et
867 3964 1025 4026 ipsum
1063 3961 1241 4009 malum
1273 3961 1327 4011 τὸ
1357 3961 1505 4011 κακὸν
1592 3964 1625 4012 J
1632 3998 1644 4010 .
1664 3962 1727 4009 V.
1756 3964 1811 4009 L.

482 4060 582 4092 esse
605 4054 925 4103 censuerunt;
949 4041 1054 4099 alii,
1083 4052 1138 4088 ut
1165 4042 1342 4101 Stoici,
1363 4042 1511 4089 dolo·
1665 4056 1713 4103 9.
1764 4040 1906 4088 Olim.
1946 4044 2073 4089 Ante
2118 4054 2263 4103 qnam
2312 4036 2613 4102 provinciam

478 4140 576 4169 rem
607 4138 765 4185 neque
795 4122 848 4167 in
876 4120 1043 4179 bonis,
1071 4136 1228 4184 neque
1257 4122 1306 4168 in
1335 4121 1497 4181 malis,
1590 4118 1807 4169 haberet.
