2996 4694
455 361 614 458 478
1121 361 1216 428 M.
1270 361 1346 428 T.
1401 357 1974 430 CICERONIS

471 485 667 558 mani
703 482 1010 556 comitiis
1045 479 1392 554 liberatus
1421 496 1574 570 est,
1608 505 1841 578 quum
1872 503 2001 554 sua
2028 503 2254 552 manu
2278 501 2605 554 sororem

469 591 920 667 interfectam
967 615 1120 664 esse
1157 590 1522 664 fateretur.
1558 593 1671 662 An
1700 605 1810 664 est
1836 590 2225 688 quisquam
2244 644 2267 679 ,
2300 593 2433 690 qui
2462 593 2607 664 hoc

468 707 794 803 ignoret,
849 725 1080 801 quum
1117 699 1210 774 de
1249 700 1547 773 homine
1588 701 1829 774 occiso
1866 713 2265 798 quaeratur,
2305 713 2431 772 aut
2473 725 2603 774 ne·

469 813 620 912 gari
668 811 902 886 solere
953 813 1258 884 omnino
1317 836 1472 884 esse
1532 809 1843 899 factum,
1894 824 2019 881 aut
2074 824 2273 883 recte
2312 834 2396 883 ac
2440 811 2607 907 jure

469 920 741 996 factum
795 945 952 994 esse
973 918 1342 994 defendi?
1389 922 1545 994 Nisi
1590 945 1759 992 vero
1803 922 2258 1009 existimatis,
2304 920 2607 994 demen-

471 1051 614 1108 tem
655 1039 730 1106 P.
784 1030 1202 1106 Africanum
1249 1031 1505 1122 fuisse,
1555 1033 1686 1131 qui
1733 1056 1965 1130 quum
2008 1057 2051 1104 a
2104 1036 2185 1104 C.
2234 1031 2609 1116 Carbone,

469 1144 770 1216 tribuno
801 1141 1070 1243 plebis,
1105 1147 1182 1214 in
1214 1145 1569 1216 concione
1602 1139 1985 1214 seditiose4
2014 1141 2605 1240 interrogaretur,

467 1255 648 1355 quid
683 1255 774 1328 de
811 1253 970 1327 Tib.
1007 1252 1314 1324 Gracchi
1347 1266 1583 1325 morte
1620 1254 1918 1324 sentiret
1937 1303 1957 1339 ‚
1996 1250 2407 1347 respondit,
2444 1250 2609 1346 jure

465 1389 728 1438 caesum
763 1361 1012 1435 videri.
1061 1365 1315 1460 Neque
1359 1364 1553 1433 enim
1589 1375 1831 1459 posset
1868 1375 1997 1432 aut
2029 1360 2253 1432 Ahala
2294 1359 2415 1432 ille
2452 1365 2613 1433 Ser-

466 1475 679 1548 vilius
699 1527 720 1563 ,
750 1488 876 1545 aut
911 1478 986 1545 P.
1029 1475 1320 1561 Nasica,
1354 1488 1479 1545 aut
1507 1475 1586 1542 L.
1623 1473 1996 1570 Opimius,
2028 1485 2155 1543 aut
2185 1473 2265 1544 C.
2296 1472 2611 1558 Marius,

467 1600 622 1673 aut,
655 1607 775 1656 me
808 1578 1166 1668 consule⁵‚
1199 1595 1494 1657 senatus
1527 1607 1679 1654 non
1713 1579 2028 1654 nefarius
2059 1579 2335 1670 haberi,
2374 1581 2435 1652 si
2460 1605 2615 1653 sce-

467 1695 733 1768 let-atos
783 1695 974 1766 cives
1015 1689 1330 1764 interfici
1386 1689 1587 1764 nefas
1636 1705 1843 1764 esset.
1889 1693 2145 1788 Itaque
2193 1690 2368 1777 hoc,
2410 1689 2611 1786 judi-

467 1829 618 1892 ces,
679 1829 830 1875 non
885 1804 1040 1876 sine
1091 1826 1308 1874 causa
1365 1805 1584 1874 etiam
1640 1801 1832 1874 fictis
1896 1799 2158 1873 fabulis
2212 1799 2609 1874 doctissimi

467 1915 802 1988 homines
884 1913 1250 1986 memoriae
1323 1913 1808 2012 prodiderunt
1832 1965 1853 2001 ,
1922 1936 2130 1998 eum,
2192 1916 2322 2009 qui
2386 1910 2613 2011 patris

467 2024 863 2100 ulciscendi
915 2048 1130 2096 causa
1178 2038 1484 2096 matrem
1527 2026 1963 2109 necavisset,
2020 2025 2309 2095 variatis
2370 2021 2609 2094 homi-

469 2161 648 2210 num
695 2137 1070 2208 sententiis
1085 2133 1144 2224 ⁶,
1198 2161 1350 2207 non
1397 2134 1633 2206 solum
1678 2133 2030 2222 humana,
2072 2132 2199 2205 sed
2248 2134 2463 2206 etiarn
2502 2157 2613 2204 sa·

466 2247 928 2346 pientissimae
984 2246 1135 2318 deae
1189 2248 1547 2318 sententia
1584 2243 1988 2318 liberatum.
2009 2325 2017 2334 ¹
2038 2241 2257 2336 Quod
2307 2245 2367 2316 si
2420 2241 2609 2315 duo·

467 2356 700 2431 decim
762 2354 1054 2429 Tabulae
1101 2371 1547 2429 nocturnum
1600 2354 1835 2429 furem
1863 2410 1886 2444 ‚
1931 2364 2287 2456 quoquo?
2346 2352 2605 2442 modo;

467 2468 812 2540 diurnum
832 2480 1077 2539 autem
1096 2521 1118 2556 ,
1145 2467 1204 2539 si
1231 2491 1308 2539 se
1333 2467 1480 2538 telo
1508 2462 1943 2555 defenderit,
1970 2462 2281 2537 interfici
2306 2466 2605 2562 impune

465 2578 894 2667 voluerunt3
932 2577 1098 2674 quis
1137 2592 1288 2663 est,
1327 2578 1503 2676 qui,
1551 2601 1857 2675 quoquo
1902 2572 2125 2647 modo
2175 2575 2339 2671 quis
2382 2576 2607 2645 inter-

463 2686 696 2761 fectus
727 2687 854 2773 sit,
898 2685 1350 2783 puniendum
1389 2700 1600 2785 putet
1620 2740 1640 2774 ‚
1678 2710 1909 2784 quum
1942 2684 2181 2758 videat
2210 2682 2607 2782 aliquando

425 2867 430 2873 .
465 2794 783 2895 gladium
813 2793 1026 2867 nobis
1057 2794 1146 2867 ad
1179 2794 1663 2869 occidendum
1694 2797 2071 2869 hominem
2104 2793 2197 2867 ab
2238 2796 2414 2894 ipsis
2442 2820 2607 2894 por·

465 2907 600 3004 rigi
637 2903 964 3003 legibus?

561 3020 680 3089 IV.
720 3021 944 3115 Atqui
971 3016 1034 3089 si
1057 3030 1346 3114 tempus
1371 3031 1479 3089 est
1501 3017 1731 3089 ullum
1748 3017 1915 3113 jure
1940 3015 2253 3088 hominis
2276 3013 2606 3101 necandi,

466 3152 629 3227 quae
669 3128 902 3201 multa
942 3136 1190 3215 sunt¹,
1225 3144 1422 3201 certe
1461 3127 1647 3200 illud
1686 3142 1797 3201 est
1835 3152 1988 3199 non
2032 3126 2255 3199 modo
2288 3128 2605 3222 justum,

537 3372 586 3421 4.
613 3362 863 3412 Seditiose.
894 3363 1024 3426 Quia
1048 3363 1276 3429 operabat
1297 3381 1362 3414 ex
1387 3366 1492 3427 eius

462 3456 700 3507 responso
749 3440 1042 3489 seditionem
1095 3442 1231 3506 apud
1273 3441 1492 3491 infimam

463 3520 657 3587 plebem
685 3534 975 3568 αιτιοι-ιω.

537 3600 586 3649 5.
620 3598 705 3647 He
748 3598 963 3647 comule-
1007 3598 1174 3661 Quum
1218 3598 1490 3665 Cethegum

459 3690 748 3743 ceterosque
811 3677 1168 3739 conjurationis
1227 3681 1492 3747 participe·

461 3756 669 3809 interfici
685 3756 852 3819 jussit.

532 3840 586 3888 6.
617 3836 882 3887 Hominum
907 3837 1176 3889 sententiis.
1206 3838 1282 3887 De
1315 3840 1492 3889 Oreste

461 3934 624 3967 sermo
649 3926 723 3967 eet
740 3950 757 3977 ‚
788 3916 874 3981 qni
909 3926 1025 3983 post
1055 3916 1360 3967 interfectam
1385 3934 1490 3966 m-

1582 3364 1958 3425 demnevernnt,
1995 3364 2276 3428 quindecim
2316 3376 2479 3414 entem
2514 3366 2605 3415 ab-

1578 3443 1867 3505 solvet-unu
1920 3444 2125 3493 accensit
2164 3456 2327 3494 nutem
2370 3445 2609 3495 Minerva

1578 3522 1825 3586 calculum
1864 3532 2012 3588 atque
2036 3522 2104 3573 ita
2130 3526 2397 3589 exequutio
2415 3536 2609 3575 senten·

1578 3602 1661 3650 tiis
1685 3612 1759 3651 eet
1780 3602 2051 3653 absolutus.

1654 3698 1702 3743 7.
1734 3684 1940 3747 Quoquo
1964 3682 2131 3731 modo.
2162 3683 2277 3733 sivo
2312 3700 2366 3733 se
2394 3684 2497 3734 telo
2524 3685 2613 3734 de-

1578 3760 1816 3822 fenderit,
1858 3764 1961 3811 nive
2002 3762 2188 3827 absque
2224 3764 2373 3812 amin
2412 3765 2479 3814 eit
2516 3780 2605 3830 ag·

1580 3856 1787 3904 gruna.

1648 3922 1741 3971 lv.
1776 3937 1821 3971 1.
1865 3921 1989 3984 Quoe
2014 3922 2169 3970 muln
2192 3933 2326 3972 sunt.
2356 3924 2485 3985 Qun
2510 3938 2609 3971 n-

463 4008 588 4046 trem
613 3996 674 4046 ab
714 3998 1020 4063 Areopagitis
1049 3996 1100 4045 in
1131 3996 1376 4058 judicium
1410 4007 1487 4046 est
1573 4000 1687 4065 pius
1704 4010 1994 4061 occurrunt;
2017 4000 2291 4065 quibmeni
2308 4000 2607 4053 defendendi

463 4088 680 4125 voc-tna.
711 4076 968 4126 sexdecim
1003 4091 1116 4125 enm
1137 4076 1330 4143 judiees
1364 4090 1486 4123 eon-
1568 4078 1653 4139 jus
1678 4080 1801 4127 civia
1827 4080 2036 4129 obtinet.
