2996 4694
433 393 578 482 430
1115 393 1883 464 ARGUMENTUM.

515 514 673 596 quod
724 515 1033 595 pecuniam
1082 517 1494 596 corrumpendi
1553 530 1781 577 senatus
1836 535 2011 574 causa
2040 514 2161 592 regi
2200 513 2565 589 credidisset;

514 613 676 694 quod
699 612 948 672 Gabinio
961 654 980 684 ,
1021 624 1088 670 ut
1115 631 1306 690 regem
1331 614 1637 674 reduceret
1656 612 2067 694 persuasisset3
2102 611 2263 690 quod
2294 612 2565 691 palliatus

519 712 642 790 regi
671 721 914 769 externo
936 708 1262 782 serviisset3
1291 711 1451 788 quod
1479 711 1733 790 denique
1742 755 1761 783 ,
1796 723 1857 768 et
1882 708 2029 768 illud
2063 709 2376 768 maximum
2406 722 2565 782 erat,

516 807 775 886 pecuniae
808 817 1034 885 partem
1061 805 1393 884 accepisset.
1428 811 1565 867 Non
1590 807 1877 865 insontem
1901 825 2038 864 sane
2064 803 2369 868 Rabirium
2396 825 2566 863 accu-

519 916 748 964 saverat
781 907 842 964 C.
859 903 1168 964 Memmius
1192 902 1382 983 plebis
1404 903 1704 978 tribunus;
1726 903 1830 962 sed
1858 902 2097 962 deerant
2116 915 2323 974 testes,
2352 901 2569 980 quibus

517 1021 653 1060 reus
666 1001 1084 1074 confutaretur,
1107 1013 1168 1058 et
1191 1021 1285 1060 res
1308 1013 1533 1061 tantum
1554 1021 1628 1061 ex
1656 999 1988 1060 rumoribus
2004 1012 2065 1058 et
2084 1017 2352 1058 sermone
2374 1011 2568 1057 vecto-

519 1119 651 1160 rum
681 1095 1070 1178 quorumdam
1100 1097 1420 1158 constabat.

599 1291 672 1348 In
696 1286 940 1348 exordio
967 1287 1124 1368 (cap.
1150 1308 1202 1356 1,
1229 1286 1292 1364 a)
1323 1286 1579 1349 ostendit
1602 1286 1909 1348 Rabirium
1941 1288 2282 1358 Ptolemaeo,
2320 1285 2417 1344 cui
2444 1284 2569 1362 jam

521 1385 782 1466 regnanti
809 1384 1116 1464 pecuniam
1137 1382 1493 1456 crediderat,
1524 1397 1726 1464 postea
1752 1403 1931 1462 regno
1958 1383 2200 1462 expulso
2230 1401 2411 1460 quum
2439 1385 2569 1440 Ro-

523 1501 674 1542 mam
720 1481 970 1540 venisset
985 1521 1004 1548 ‚
1047 1479 1238 1558 egenti
1277 1492 1338 1539 et
1383 1480 1615 1560 roganti
1658 1481 1829 1540 aliam
1874 1479 2181 1560 pecuniam
2222 1477 2535 1541 credidisse
2548 1520 2567 1550 ,

519 1596 711 1656 neque
740 1596 903 1636 suam
937 1577 1155 1649 solum,
1187 1576 1288 1636 sed
1319 1578 1500 1636 etiam·
1524 1577 1855 1638 amicorum.

599 1673 748 1732 Hinc
789 1685 1058 1732 exortum
1102 1693 1226 1732 esse
1269 1672 1488 1732 crimen
1532 1685 1961 1741 accusatorum,
1996 1691 2115 1750 quo
2150 1663 2491 1750 corruptum
2532 1690 2569 1728 a

519 1775 795 1831 Postumo
825 1781 1090 1829 senatum
1121 1768 1348 1842 dicant3
1377 1771 1437 1828 in
1463 1789 1584 1848 quo
1614 1771 1825 1830 mirum
1860 1789 1984 1828 esse
2016 1768 2158 1828 dicit
2194 1768 2397 1826 Cicero
2426 1785 2567 1826 cor-

521 1877 792 1945 ruptores
818 1884 1050 1924 causam
1081 1863 1275 1926 dicere
1289 1909 1305 1936 ,
1333 1885 1433 1926 eos
1455 1867 1559 1944 qui
1582 1867 1848 1946 corrupti
1871 1866 1989 1925 sint
2010 1885 2129 1925 non
2147 1863 2361 1924 dicere.
2383 1863 2569 1924 Simul
2664 1935 2671 1938 -

519 1963 774 2024 ostendit
805 1981 1037 2034 causam
1075 1965 1335 2024 Postumi
1375 1985 1410 2024 a
1453 1977 1657 2024 senatu
1696 1964 2011 2042 sejunctam
2048 1983 2189 2023 esse.
2224 1967 2375 2022 Tum
2414 1961 2569 2020 enim

516 2081 704 2140 quum
735 2061 858 2139 regi
887 2061 1190 2139 pecuniam
1217 2061 1509 2134 crederet,
1542 2083 1649 2122 nec
1678 2063 1913 2122 inimico
1938 2061 2145 2140 popuii
2178 2059 2437 2131 romani,
2458 2079 2571 2117 nec

521 2158 600 2218 ab
619 2158 736 2218 hoc
760 2157 1006 2237 imperio
1029 2158 1218 2217 alieno
1236 2199 1252 2232 ‚
1285 2179 1406 2218 non
1431 2159 1705 2220 debuisse
1741 2179 1875 2218 eum
1903 2159 2006 2237 qui
2046 2157 2248 2230 dabat,
2280 2177 2403 2234 quo
2440 2156 2567 2228 ine,

517 2255 623 2334 qui
643 2253 1001 2334 accipiebat,
1033 2268 1428 2328 consumeret,
1453 2275 1741 2334 quaerere,
1774 2277 1901 2336 cap.
1920 2257 1979 2314 3.

601 2354 828 2415 Deinde
859 2351 1111 2413 ostendit
1134 2350 1408 2413 'Postumi
1445 2374 1677 2415 cansam
1710 2354 1885 2415 etiam
1916 2374 1949 2414 a
1974 2352 2226 2413 Gabinio
2254 2354 2571 2430 sejunctam

521 2469 664 2511 esse.
693 2454 840 2511 Nam
869 2449 972 2509 ino
991 2450 1182 2527 capite
1211 2450 1352 2527 legis
1373 2452 1545 2509 Juliae
1570 2451 1644 2511 de
1672 2452 2009 2531 repetundis
2036 2476 2061 2505 e:
2080 2469 2199 2528 quo
2227 2469 2296 2509 ea
2324 2448 2571 2527 pecunia

525 2547 882 2626 pervenisset
903 2570 928 2597 υ
961 2545 1254 2605 neminem
1293 2566 1571 2625 umquam
1614 2568 1845 2609 causam
1887 2548 2125 2621 dixisse,
2164 2547 2267 2625 qui
2308 2547 2375 2605 in·
2411 2546 2569 2604 ati-

527 2641 752 2701 mandis
790 2640 989 2701 litibus
1023 2642 1108 2701 rei
1145 2642 1220 2701 de
1251 2643 1591 2721 repetundis
1620 2644 1875 2705 damnati
1908 2644 2229 2723 appellatus
2256 2662 2375 2701 non
2398 2655 2567 2701 esset.

527 2738 786 2799 Postumi
811 2752 1036 2811 autem,
1067 2739 1128 2797 in
1145 2740 1170 2818 j
1177 2739 1370 2800 udicio
1397 2739 1633 2801 Gabinii
1646 2785 1665 2811 ‚
1688 2744 2039 2801 mentionem
2064 2741 2273 2799 factam
2298 2758 2421 2799 esse
2446 2740 2571 2798 nul·

529 2837 642 2898 iam
656 2879 672 2907 ‚
697 2855 825 2914 cap.
853 2845 905 2905 Ι..
926 2840 1213 2895 Praeterea
1237 2838 1362 2916 lege
1387 2844 1423 2898 J
1425 2840 1544 2899 ulia
1567 2838 1643 2897 de
1664 2838 2002 2918 repetundis
2028 2856 2147 2895 non
2171 2835 2344 2895 modo
2363 2839 2573 2895 Postu-

525 2950 682 2993 mum
708 2932 932 3013 ipsum,
953 2932 1056 2991 sed
1084 2946 1270 2993 totum
1297 2934 1563 2994 ordinem
1590 2948 1913 3014 equestrem
1944 2935 2197 2993 solutum
2226 2953 2292 2991 ac
2318 2930 2571 2993 liberum

525 3048 650 3089 esse
667 3028 942 3101 ostendit;
967 3029 1030 3087 in
1055 3049 1245 3108 eoque
1269 3043 1330 3089 et
1353 3046 1687 3091 senatorum
1720 3032 1893 3091 fidem
1922 3032 2225 3109 implorat,
2266 3042 2327 3087 et
2344 3028 2569 3107 equites

523 3126 627 3205 qui
660 3126 902 3186 aderant
929 3126 994 3187 in
1033 3128 1277 3188 consilio
1306 3128 1598 3207 judicum,
1637 3142 1864 3202 monet,
1892 3143 1959 3189 ut
1981 3127 2329 3207 provideant
2352 3146 2427 3185 ne
2454 3124 2571 3185 du-

525 3227 740 3283 riorem
773 3223 888 3283 sibi
933 3238 994 3283 et
1038 3224 1228 3285 ordini
1273 3245 1381 3286 suo
1429 3226 1821 3285 conditionem
1861 3236 2115 3286 statuant
2132 3266 2149 3295 ,
2190 3243 2363 3302 quam
2414 3223 2569 3281 serre

527 3319 734 3399 possit,
761 3339 889 3398 cap.
911 3321 1023 3393 57.

605 3420 756 3475 Tum
783 3416 1000 3477 refutat
1021 3419 1226 3480 Cicero
1243 3419 1303 3479 id
1336 3419 1496 3497 quod
1526 3434 1827 3480 accusator
1852 3420 2165 3498 objecerat,
2192 3417 2503 3479 Gabinium
2533 3436 2569 3474 a

530 3516 804 3573 Postumo
847 3514 1022 3575 fuisse
1069 3515 1377 3593 impulsum
1405 3560 1421 3589 ,
1469 3530 1539 3575 ut
1576 3537 1769 3597 regem
1812 3519 2179 3577 Ptolemaeum
2220 3518 2281 3575 in
2328 3534 2571 3593 regnum

527 3606 864 3682 reduceret,
891 3630 1020 3690 cap.
1037 3614 1104 3683 83
1131 3624 1190 3669 et
1219 3611 1380 3689 quod
1407 3630 1543 3671 eum
1566 3612 1847 3671 dioeceten
1870 3614 2093 3691 regium
2115 3654 2134 3683 ,
2156 3613 2195 3671 i.
2221 3632 2271 3671 e.
2295 3630 2573 3690 procura-

531 3716 718 3763 torem
754 3725 824 3765 ac
859 3705 1316 3785 dispensatorem
1345 3708 1521 3768 fuisse
1550 3708 1807 3781 dixerat,
1848 3728 1967 3787 quo
2006 3710 2066 3768 in
2108 3728 2347 3767 munere
2388 3726 2569 3785 quum

531 3802 834 3878 pecuniam
875 3803 1128 3863 Gabinio
1169 3815 1427 3882 cogeret,
1469 3804 1581 3863 sibi
1624 3825 1859 3884 quoque
1902 3806 2182 3885 coegerit,
2229 3826 2355 3884 cap.
2397 3826 2501 3883 9-¹
2520 3825 2569 3861 1.

529 3897 704 3971 Quod
739 3914 934 3961 autem
962 3914 1265 3961 accusator
1293 3899 1448 3962 dicat
1487 3902 1729 3963 testibus
1762 3904 1961 3983 legatis
1998 3902 2405 3964 Alexandrinis
2432 3922 2575 3982 pro-

531 3992 659 4055 bari
703 3998 1006 4075 pecuniam
1047 3999 1124 4057 ad
1166 4002 1502 4059 Postumum
1530 4002 1887 4078 pervenisse,
1914 4000 1973 4059 id
2010 4020 2249 4079 prorsus
2292 4018 2409 4058 non
2448 4018 2573 4058 esse

528 4092 899 4153 audiendum.
921 4094 1170 4156 Eosdem
1195 4096 1348 4156 enim
1387 4110 1559 4157 testes
1592 4116 1825 4176 negasse
1858 4096 2159 4177 pecuniam
2191 4094 2445 4155 Gabinio
2476 4094 2575 4154 da·
