2996 4694
490 379 630 467 452
1120 384 1219 450 Μ.
1263 383 1342 449 T.
1396 381 1989 452 clcERole

485 507 544 574 si
591 506 743 575 sine
785 503 1100 574 maximo
1135 499 1523 590 dedecore,
1578 517 1727 572 tam
1775 498 2139 597 impeditis
2176 503 2324 573 suis
2364 500 2619 593 rebus,

486 615 840 711 potuisset
869 613 1123 683 emori.
2468 603 2475 608 ’

574 729 696 794 ΧΙ.
748 723 990 798 Nolite
1041 722 1259 818 igitur
1293 719 1663 793 fortunam
1706 735 2129 792 convertere
2164 722 2241 792 in
2286 718 2621 820 culpam;

483 856 724 930 neque
766 833 952 928 regis
987 832 1324 927 injuriam
1345 885 1364 919 ,
1400 830 1620 927 hujus
1644 833 1919 901 crimen
1948 845 2241 928 putare3
2276 855 2411 903 nec
2438 857 2620 904 con-

481 943 719 1014 silium
757 967 845 1013 ex
883 944 1344 1028 necessitate,
1382 963 1521 1012 nec
1553 939 2000 1011 voluntatem
2030 963 2120 1010 ex
2160 939 2231 1014 vi
2256 941 2621 1039 interpre-

482 1053 616 1124 tari
649 1079 664 1121 :
701 1051 840 1124 nisi
871 1049 1059 1123 forte
1096 1075 1222 1122 eos
1244 1059 1269 1094 ¹
1317 1052 1572 1138 etiam,
1607 1049 1841 1147 quiin
1869 1048 2147 1134 hostes,
2180 1065 2304 1121 aut
2334 1051 2407 1120 in
2436 1075 2619 1148 prae-

478 1162 708 1233 dones
759 1159 1186 1247 inciderint,
1241 1162 1299 1232 si
1358 1159 1566 1231 aliter
1618 1161 1995 1258 quippiam
2040 1162 2271 1232 coacti
2315 1158 2617 1249 faciant,

479 1296 698 1368 quam
726 1269 978 1358 libere,
1007 1267 1523 1367 vituperandos
1550 1283 1783 1366 putes.
1810 1272 2039 1341 Nemo
2062 1269 2395 1342 nostrum
2423 1273 2623 1368 igno-

477 1400 627 1471 rat,
676 1385 955 1456 etiamsi
999 1383 1276 1480 experti
1319 1406 1470 1453 non
1524 1406 1811 1469 sumnS,
1858 1383 2463 1455 consuetudinem
2500 1409 2617 1456 re-

476 1497 686 1592 giam.
714 1497 994 1590 Regum
1015 1505 1255 1563 autem
1275 1489 1428 1562 haec
1445 1505 1618 1563 sunt
1633 1493 1960 1590 imperia,
1974 1521 2009 1558 α
2022 1491 2617 1580 Animadverte»;

477 1619 573 1684 et,
591 1633 625 1669 (ε
641 1601 837 1674 dicto
861 1626 1033 1698 pare
1051 1611 1162 1690 ὐς
1184 1617 1278 1690 et,
1299 1631 1334 1666 α
1353 1615 1613 1700 praeter
1635 1603 2021 1698 rogitatum
2044 1592 2145 1672 si3
2170 1602 2618 1700 quippiam»;

477 1729 552 1786 et
583 1713 718 1784 illae
761 1713 1009 1800 minae,
1047 1712 1168 1783 «Si
1209 1726 1282 1783 te
1319 1711 1643 1784 secundo
1676 1711 2003 1783 lumine4
2042 1711 2161 1783 hic
2194 1710 2617 1801 offendero,

477 1824 868 1896 Moriere».
914 1824 1096 1913 Quae
1125 1847 1270 1898 non
1295 1877 1316 1912 ,
1354 1838 1439 1894 ut
1473 1821 1916 1895 delectemur
1952 1821 2233 1911 solum,
2274 1822 2515 1919 legere
2543 1839 2623 1895 et

475 1946 804 2031 spectare
853 1930 1238 2019 debemus,
1295 1931 1424 2004 sed
1477 1946 1564 2003 ut
1610 1956 1863 2004 cavere
1916 1933 2134 2004 etiam
2182 1947 2257 2004 et
2290 1931 2617 2032 effugere

478 2041 860 2116 discamus.

572 2159 666 2225 At
709 2177 797 2224 ex
849 2151 994 2224 hoc
1051 2154 1211 2251 ipso
1266 2153 1541 2224 crimen
1588 2155 1938 2224 exoritur.
1994 2151 2112 2222 Ait
2157 2153 2383 2239 enim,
2435 2151 2616 2224 dum

477 2263 789 2335 Gabinio
834 2265 1214 2363 pecuniam
1250 2268 1637 2335 Postumus
1672 2277 1964 2361 cogeret
1996 2287 2087 2335 ex
2124 2262 2449 2335 decumis
2477 2263 2617 2334 im-

477 2388 896 2473 peratorum
913 2371 969 2462 ⁵,
1015 2374 1393 2471 pecuniam
1450 2373 1588 2445 sibi
1645 2375 1981 2471 coegisse.
2028 2374 2195 2445 Non
2253 2373 2618 2471 intelligo,

477 2485 624 2557 hoc
649 2483 864 2583 quale
894 2488 987 2556 sit
1017 2512 1033 2555 :
1070 2500 1316 2555 utrum
1347 2486 1829 2556 accessionem
1857 2484 2178 2555 decumae
2190 2478 2249 2571 ⁶,
2274 2497 2359 2554 ut
2388 2486 2619 2555 nostri

479 2627 686 2676 omnino
705 2626 758 2673 h.
777 2624 818 2673 l.
845 2632 988 2673 sonat
1021 2640 1166 2687 quam
1195 2626 1250 2675 in
1279 2626 1503 2691 pulcher-

481 2707 600 2754 rime
623 2702 842 2753 Cornelii
861 2702 1022 2751 fabula
1038 2736 1054 2761 ‚
1070 2702 1138 2752 les
1162 2708 1400 2755 Hor-aces.
1429 2732 1504 2745 -—

478 2782 682 2833 Fecisset
697 2799 772 2831 cer
779 2794 840 2830 ee.
867 2782 921 2831 si
939 2782 1144 2831 honeste
1163 2784 1320 2832 facere
1337 2784 1505 2847 licui·-

478 2874 570 2913 eet.
601 2862 698 2912 Sed
723 2862 787 2911 ad
817 2863 1031 2927 priorem
1059 2862 1252 2927 culpem
1273 2863 1344 2911 rei
1365 2863 1505 2912 fami-

476 2944 612 2993 liaris
637 2954 814 2992 temere
839 2940 1096 3005 projecte,
1121 2941 1501 3006 desperationis,

479 3024 726 3087 animique
755 3020 994 3071 debilitati
1025 3031 1075 3070 et
1096 3021 1236 3070 fracti
1255 3020 1503 3070 infamiam

479 3102 768 3151 addidisset.

549 3184 640 3231 11.
687 3198 732 3229 ι.
772 3179 888 3228 Nisi
905 3176 1048 3244 forte
1090 3196 1191 3230 eos.
1231 3180 1394 3227 Locus
1440 3195 1505 3227 ex

441 3260 446 3267 ’
477 3260 840 3324 comparatione
865 3258 1056 3323 parium
1071 3294 1088 3319 ,
1127 3255 1260 3306 unde
1295 3256 1503 3307 absurda

479 3338 864 3387 adversariorum
909 3336 1118 3395 crimina¹
1150 3352 1253 3385 eene
1298 3335 1505 3386 demon-

479 3428 616 3467 sunt.

550 3513 599 3546 α.
647 3492 1022 3549 Απὶηιαᾰνοηος
1064 3505 1134 3553 ee,
1185 3491 1318 3542 dicto
1355 3510 1502 3559 pare.

477 3580 602 3625 Sunt
626 3574 850 3625 Creontis
875 3574 1020 3621 verba
1047 3574 1112 3622 ad
1143 3571 1394 3634 Medeam,
1415 3576 1501 3637 ju-

476 3656 636 3703 bentia
671 3652 804 3701 illam
841 3668 902 3700 ex
943 3652 1097 3716 ipeins
1136 3651 1324 3700 ditione
1354 3668 1503 3717 qnam

475 3734 723 3783 celerrime
743 3730 990 3780 discedere
1001 3764 1018 3791 ,
1035 3746 1196 3795 neque
1212 3732 1380 3779 conari
1397 3748 1501 3796 pre·

474 3814 615 3863 cibus
655 3806 918 3859 ducciam
965 3808 1162 3858 differre
1180 3845 1198 3868 ,
1247 3826 1400 3874 quum
1445 3810 1501 3859 id

473 3892 676 3940 lii-miter
688 3890 925 3937 sancitum
939 3888 1021 3938 sit.
1037 3890 1286 3955 lacrymis
1305 3889 1498 3937 tandem

477 3972 621 4019 unius
645 3969 742 4017 diei
765 3983 950 4016 moram
973 3968 1277 4032 impetravit,
1299 3982 1355 4015 ea
1379 3983 1501 4015 con·

475 4050 662 4097 ditione
680 4058 736 4095 ut
753 4048 1008 4111 proximus
1029 4046 1102 4093 eol
1121 4062 1212 4093 nec
1229 4045 1384 4109 ipsam
1405 4062 1497 4093 nec

473 4128 602 4179 filios
631 4128 757 4175 intra
783 4128 916 4191 mgni
942 4122 1063 4171 fines
1087 4124 1324 4189 aspiceret
1339 4158 1354 4183 ,
1375 4124 1496 4175 alio·-

1591 2627 1679 2692 qni
1694 2637 1976 2679 moreretur.
1994 2628 2137 2677 Hane
2152 2627 2439 2677 sententiam
2452 2642 2619 2675 rums

1590 2705 1799 2771 protulit
1820 2708 1992 2757 Cicero
2018 2706 2082 2755 ed
2100 2706 2322 2756 Attienm
2336 2707 2451 2753 vn.
2480 2705 2618 2753 Idem

1590 2785 1690 2833 fere
1717 2786 1851 2850 apud
1873 2786 2103 2833 Senecam
2125 2786 2363 2850 expressit
2385 2784 2547 2834 Creon
2562 2784 2619 2833 in

1589 2866 1785 2914 Medea.
1806 2864 1934 2914 Vide
1953 2864 2101 2913 Ennii
2122 2865 2390 2929 fragmenta
2416 2862 2479 2913 ab
2496 2866 2621 2912 Hes-
2704 2908 2710 2917 ,

1588 2944 1659 2992 uel
1704 2944 1940 3003 collem,
1983 2960 2095 3009 pag.
2142 2945 2242 2993 205
2259 2978 2275 3004 ,
2327 2956 2377 2992 et
2412 2942 2617 2993 Planek.

1592 3039 1720 3089 opn-
1740 3024 1794 3071 in
1816 3022 2019 3073 latinam
2032 3023 2258 3073 Medeam
2271 3060 2287 3087 ,
2307 3024 2448 3073 Gott.
2466 3024 2619 3087 1807.

1665 3104 1713 3151 3.
1747 3100 1803 3149 Sa·
1823 3102 2090 3167 quippiam·
2120 3100 2205 3151 Al.
2233 3118 2461 3167 quemn.
2489 3104 2619 3151 Hot-

1590 3192 1775 3231 tomnn.
1804 3182 2026 3245 loquare.
2052 3182 2219 3229 Davus
2242 3180 2465 3229 similiter
2480 3180 2619 3245 apud

1590 3262 1783 3308 Terent.
1820 3262 1872 3309 in
1917 3259 2075 3309 Andr.
2109 3280 2136 3303 κ
2154 3258 2374 3308 Verbum
2410 3260 2454 3307 ei
2492 3258 2619 3308 mihi

1590 3354 1742 3387 nnnm
1760 3349 1937 3403 praeter
1948 3354 2096 3403 qnam
2112 3338 2251 3403 quod
2268 3350 2317 3387 te
2335 3354 2459 3402 rogo
2476 3338 2618 3397 suin,

1592 3432 1709 3465 eave
1728 3438 1775 3467 ιο.
1811 3406 2049 3483 Euripid.⁴
2074 3416 2247 3465 Medea
2275 3432 2290 3466 ι
2329 3410 2417 3471 mii
2446 3415 2618 3487 λόγους

1588 3494 1644 3545 λέ
1706 3532 1717 3544 .

1642 3512 1711 3633 Ἶ-
1737 3572 1793 3622 Sa’
1810 3584 1857 3621 ee
1873 3574 2091 3622 seeundo
2116 3575 2313 3625 himine.
2338 3574 2447 3625 Cic.
2473 3576 2617 3641 epist.

1588 3666 1803 3703 extrema
1829 3653 1894 3702 nd
1916 3654 2067 3703 Attio.
2084 3654 2181 3705 lib.
2204 3656 2337 3701 vn:
2365 3674 2389 3697 ι
2416 3653 2619 3703 Can-rie

1586 3732 1843 3781 interdieta
1859 3766 1875 3791 ,
1915 3732 1961 3779 εἰ
2000 3743 2047 3779 te
2082 3732 2295 3780 secundo
2332 3732 2512 3781 lemniae
2540 3732 2621 3780 hie

1588 3810 1871 3877 offendero,
1900 3822 2201 3876 respuuntur
2220 3832 2262 3860 a.
2660 3808 2667 3815 ⁶

1661 3892 1711 3939 5.
1742 3892 1824 3939 Ea:
1850 3890 2063 3939 decumis
2092 3888 2459 3955 Imperatorum.
2490 3888 2618 3937 Sub-

1586 3970 1701 4018 and.
1736 3970 2050 4021 tributorum.
2080 3970 2161 4019 Al.
2190 3968 2377 4017 malunt
2404 3968 2619 4033 impera-

1586 4048 1671 4103 tis,
1703 4048 1780 4096 vel
1807 4047 2037 4113 imperati
2060 4048 2189 4097 ceris.
2224 4052 2437 4099 Frnsm.

1656 4129 1708 4175 6.
1748 4127 2087 4176 decessionem
2114 4126 2355 4175 decuma.
2379 4160 2393 4173 .
2414 4159 2427 4172 .
2456 4136 2618 4175 cente-
