2996 4694
296 497 306 508 ,
793 405 1181 477 ORATIO
1232 404 1429 472 PRO
1478 406 1558 472 L.
1601 405 1680 471 C.
1735 406 2085 474 BALBO.
2363 405 2500 502 337

368 536 547 605 viri²
583 555 665 602 ac
700 530 1137 627 gravissimi,
1172 541 1245 598 et
1278 527 1786 622 sapientissimi
1822 528 2046 612 civem,
2083 525 2270 598 hanc
2307 531 2504 604 Lati..

368 646 515 731 nis,
556 642 627 713 id
664 656 804 728 est,
838 638 1239 722 foederatis,
1285 637 1469 706 viam
1509 635 1599 706 ad
1628 638 1986 707 civitatem
2022 636 2277 734 populi
2298 639 2506 734 jussu

368 771 618 851 patere
657 752 843 851 passi
880 764 1082 836 sunt3
1126 771 1369 844 neque
1400 747 1479 816 in
1518 745 1630 816 his
1660 760 1766 816 est
1799 745 1941 816 hoc
1974 746 2500 844 reprehensum

370 864 641 935 Licinia
660 877 733 932 et
750 862 985 932 Mucia
1013 854 1232 957 lege³‚
1258 881 1490 954 quum
1520 857 1910 954 praesertim
1953 881 2182 954 genus
2224 863 2502 955 ipsum⁴

373 974 845 1046 accusationis
908 985 983 1042 et
1043 993 1313 1041 nomen
1336 1023 1355 1052 ‚
1422 966 1778 1062 ejusmodi
1835 971 2243 1064 praemium,
2305 971 2506 1066 quod

372 1109 593 1155 nemo
621 1083 906 1179 assequi
933 1077 1223 1179 posset⁵
1262 1079 1397 1150 nisi
1434 1103 1525 1149 ex
1552 1081 1902 1148 senatoris
1934 1079 2358 1168 calamitate,
2387 1107 2507 1152 ne·

372 1219 516 1291 que
554 1193 912 1280 senatori,
954 1215 1197 1286 neque
1234 1188 1437 1259 bono
1476 1189 1816 1283 cuiquam
1849 1189 2064 1259 nimis
2100 1189 2508 1284 jucundum

374 1327 527 1376 esse
572 1311 814 1401 posset
851 1329 867 1372 :
909 1298 1393 1372 dubitandum
1440 1296 1610 1385 fuit,
1655 1301 1880 1394 quin,
1938 1299 2189 1394 quoin
2247 1323 2510 1396 genere

366 1413 691 1510 judicum
730 1415 1026 1510 praemia
1061 1425 1209 1481 rata
1254 1424 1527 1498 essent,
1567 1410 1641 1478 in
1687 1407 1942 1480 eodem
1968 1407 2236 1503 judicia
2277 1412 2512 1507 impe-

372 1540 694 1596 ratorum
729 1523 1107 1594 valerent?
1142 1526 1337 1593 Num
1366 1518 1634 1590 fundos
1669 1519 1888 1616 igitur
1931 1517 2158 1590 factos
2194 1521 2509 1617 populos

370 1638 808 1711 arbitramur
845 1652 969 1708 aut
1000 1636 1293 1707 Servilia
1322 1631 1549 1731 lege⁶‚
1585 1649 1711 1726 aut
1747 1637 2040 1723 ceteriS‚
2072 1635 2341 1731 quibus
2368 1639 2508 1708 La-

370 1749 541 1819 tinis
587 1747 1010 1819 hominibus
1060 1761 1211 1817 erat
1263 1747 1724 1843 propositum
1771 1744 2012 1841 aliqua
2067 1769 2154 1816 ex
2194 1770 2274 1816 re
2323 1771 2508 1845 prae-

371 1862 607 1928 mium
642 1858 997 1930 civitatis?

468 1970 899 2064 Cognoscite
946 1990 1143 2037 nunc
1198 1965 1551 2061 judicium
1597 1980 1926 2047 senatus»,
1975 1964 2174 2061 quod
2225 1991 2512 2065 semper

373 2089 481 2148 est
525 2077 797 2170 judicio
848 2077 1103 2174 populi
1142 2074 1718 2174 comprobatum.
1760 2079 1966 2145 Sacra
2007 2077 2282 2146 Cereris
2300 2089 2355 2164 ⁷,
2391 2081 2509 2173 ju-

372 2186 603 2274 diceS‚
643 2211 921 2258 summa
977 2187 1287 2282 majores
1338 2187 1566 2256 nostri
1613 2185 1961 2280 religione
2009 2185 2268 2257 confici
2310 2191 2506 2258 caeri-

370 2300 761 2396 moniaque
805 2299 1235 2370 voluerunt:
1278 2321 1435 2392 quae
1467 2321 1698 2395 quum
1737 2309 1974 2367 essent
2010 2311 2374 2389 assumpta
2415 2297 2507 2370 de

369 2411 668 2497 Graecia,
717 2426 791 2481 et
824 2434 953 2509 per
996 2402 1329 2481 Graecas⁸
1364 2432 1654 2506 semper
1699 2422 1944 2479 curata
1978 2422 2146 2479 sunt
2183 2408 2503 2481 sacerdo-

370 2634 431 2680 ¹7
462 2632 477 2667 ε
514 2640 540 2662 ιι
562 2618 803 2683 Equidem
834 2618 1065 2667 Servilius
1090 2617 1285 2683 Caepio,
1310 2636 1385 2667 se·
1478 2640 1502 2657 ‹-
1519 2620 1690 2679 Graeea
1709 2632 1842 2665 secra
1867 2616 1985 2664 festu
2015 2617 2202 2665 Cereris
2219 2634 2282 2665 ex
2315 2620 2503 2669 Graeeie

368 2710 535 2747 nutum
578 2699 742 2747 Livius
776 2699 964 2747 Drusus
1003 2715 1213 2746 asserere
1224 2730 1375 2749 .....

1478 2696 1735 2755 translata,
1769 2712 1880 2759 qnae
1919 2696 1985 2743 ob
2021 2697 2352 2747 inventionem
2383 2701 2502 2749 Pro·
2588 2742 2598 2755 .

366 2776 559 2824 Drusus
579 2776 771 2841 plebem
795 2777 861 2825 ad
886 2794 937 2827 se
955 2777 1251 2827 Gracchanis
1270 2777 1389 2840 legi·

366 2856 463 2903 bns
476 2889 492 2913 ‚
531 2854 711 2904 eisdem
752 2857 918 2905 soeios
959 2857 1025 2905 sd
1065 2856 1261 2922 plebem
1300 2872 1387 2920 spe

363 2934 573 2982 civitatis
622 2936 777 2984 erexit
813 2957 839 2979 a·
869 2951 883 2985 ε
930 2946 1103 2983 contra
1154 2934 1389 2983 Servilius

362 3011 517 3076 legem
552 3014 667 3063 tulit
702 3015 1055 3063 eoerbissimam
1094 3013 1155 3062 de
1190 3014 1385 3063 civitate

361 3086 507 3139 sociis
531 3092 769 3156 negends.

432 3186 481 3220 α.
510 3172 755 3235 Principes
781 3171 902 3223 viri.
932 3174 1187 3221 senatores
1208 3186 1221 3219 ε
1256 3188 1383 3235 qno-

360 3266 467 3297 rnrn
488 3250 796 3301 damnatione
813 3252 1057 3301 civitatem
1082 3251 1263 3319 Latinis
1281 3250 1385 3298 dari

360 3329 563 3379 Servitia
580 3328 659 3378 lex
678 3328 900 3392 jubebat.

432 3410 485 3459 3.
524 3408 711 3457 Licinia
746 3420 797 3458 et
824 3408 994 3457 Mucia
1017 3408 1139 3474 Iege.
1166 3410 1292 3471 Quae
1321 3408 1384 3457 de

356 3488 663 3537 remittendis
682 3489 735 3536 in
758 3504 867 3536 suns
884 3489 1107 3538 civitates
1121 3489 1271 3537 sodis
1286 3488 1383 3536 Ista

274 3566 279 3573 '
356 3576 431 3615 ent
445 3603 462 3625 .
493 3578 727 3614 ‚renovate
762 3567 867 3632 lege
908 3564 1115 3616 Clsudia
1134 3601 1149 3627 ‚
1182 3567 1247 3616 de
1286 3584 1383 3631 qua

354 3646 549 3703 Livius,
572 3645 657 3693 lib.
680 3648 795 3695 xm
816 3658 867 3695 et
883 3648 1039 3694 xut.

429 3734 477 3781 4.
508 3726 669 3773 Genus
686 3724 857 3790 ι’ρειιηι.
884 3726 1141 3774 Diversum
1158 3741 1187 3771 a
1206 3726 1383 3773 ceteris

354 3804 631 3868 generibus.

427 3884 473 3932 5.
504 3882 583 3931 Al.
600 3883 775 3947 possit.
800 3886 835 3931 J
841 3886 935 3931 .V.
956 3886 1010 3932 L.

421 3963 473 4011 6.
508 3963 747 4011 Garaton-
782 3962 965 4026 probat
989 3960 1381 4011 emendationem

350 4041 559 4097 Valerii,
582 4040 799 4089 Serviliae
826 4039 939 4105 legi.
965 4042 998 4088 J
1002 4075 1015 4089 .
1034 4042 1095 4085 V.
1120 4042 1181 4087 1..

426 4136 469 4181 7.
494 4121 647 4167 Sacra
671 4118 869 4167 Cereris.
896 4122 1063 4165 Festus
1088 4118 1347 4182 Pompeium
1370 4133 1383 4167 ε

502 4206 587 4272 V.
632 4223 721 4268 Cic.
741 4237 853 4285 pars
873 4218 1091 4267 secunda.

1476 2778 1682 2840 serpinae
1721 2788 1954 2823 matronae
1991 2776 2218 2825 colebant
2243 2800 2283 2826 ι».
2323 2778 2502 2827 Noster

1476 2854 1540 2902 de
1559 2855 1789 2919 Legilms,
1805 2858 1880 2901 11:
1901 2876 1926 2895 a
1941 2855 2078 2903 Neve
2093 2872 2236 2919 quem
2257 2858 2500 2917 iumento,

1476 2935 1570 2983 nisi
1586 2969 1601 2993 ,
1623 2946 1678 2983 nt
1695 2934 1902 2995 assolet,
1919 2936 2084 2985 Cereri
2102 2939 2276 2985 Graeeo
2295 2954 2435 2986 sacro
2453 2961 2499 2989 n.

1473 3014 1666 3061 Horum
1695 3029 1942 3061 sacrorum
1983 3014 2219 3075 originem
2245 3016 2308 3063 ad
2335 3018 2499 3064 Evan-

1474 3088 1616 3137 drum
1661 3092 1806 3137 refert
1843 3089 2234 3139 Halicarnasseus
2254 3128 2271 3152 ‚
2305 3092 2396 3143 lib.
2432 3097 2495 3143 1:

1472 3190 1500 3209 α
1518 3169 1889 3217 constituerunt
1913 3180 1964 3216 et
1999 3170 2188 3220 Cereris
2233 3171 2468 3235 templum
2483 3210 2501 3235 ,

1473 3260 1524 3295 et
1557 3246 1802 3295 sacrificia·
1818 3248 1944 3312 ipsi,
1979 3264 2114 3297 more
2151 3251 2500 3312 Graeco,jejt1·

1473 3328 1650 3392 niaque
1692 3326 2018 3386 celebrarunt,
2059 3328 2112 3374 in
2153 3328 2334 3397 quibus
2374 3330 2497 3379 nihil

1472 3422 1685 3472 praesens
1712 3418 1902 3471 tempus
1927 3410 2134 3456 mutavit
2153 3432 2195 3458 ιν.
2249 3410 2339 3456 His
2365 3411 2499 3459 festis

1474 3486 1574 3535 duo
1609 3487 1840 3536 videntur
1880 3486 2027 3535 fuisse
2067 3488 2302 3537 celebrata
2319 3523 2335 3548 ,
2381 3492 2501 3539 Orci

1470 3568 1656 3630 nuptiae
1675 3598 1690 3623 ,
1723 3576 1772 3614 et
1812 3568 2034 3615 inventio
2075 3568 2398 3633 Proserpina.
2439 3573 2500 3619 lu

1470 3647 1590 3693 Orci
1617 3648 1802 3711 nuptiis
1831 3648 1950 3694 vino
1983 3645 2318 3707 sbstinebsnt‚
2345 3650 2400 3697 iu
2423 3667 2504 3697 sa-

1470 3724 1660 3775 crificio
1701 3726 1890 3775 Cereris
1919 3725 1984 3773 ob
2013 3726 2345 3776 inventionem
2372 3730 2500 3777 Pro·

1469 3804 1676 3869 serpinae
1695 3804 1833 3851 favos
1856 3805 1982 3854 lacte
2006 3816 2058 3855 et
2073 3806 2192 3855 vino
2210 3806 2477 3855 diluebant.

1547 3884 1594 3929 8.
1637 3884 1728 3929 Per
1755 3883 1968 3933 Greecas.
1999 3886 2206 3933 Senatus
2229 3886 2316 3933 lus
2343 3902 2498 3933 secet»

1471 3962 1612 4011 dotes
1639 3961 1878 4027 eligebat,
1904 3965 2042 4028 qnod
2076 3964 2252 4013 deinde
2289 3964 2502 4027 populus

1468 4040 1706 4091 sancibat.
1730 4042 1838 4089 Nec
1863 4042 1934 4091 fas
1960 4044 2142 4093 Latinis
2177 4043 2270 4089 fuit
2297 4045 2392 4092 hoc
2419 4058 2496 4089 ss-

1471 4119 1694 4171 cerdotio
1715 4120 1882 4184 potiri.

2224 4233 2306 4275 22
