2996 4694
774 412 1161 483 ORATIO
1208 410 1317 480 IN
1364 410 1444 479 L.
1480 413 1560 481 C.
1613 410 2104 483 PISONEM.
2354 412 2497 487 383

370 561 491 609 sus
515 590 535 624 ,
582 534 945 607 succensis
988 528 1279 632 ignibus
1334 544 1734 619 torreatur,
1787 530 2151 605 dicturum
2209 550 2452 609 tamen
2475 594 2495 627 ,

366 669 581 719 suave
612 645 792 716 illud
832 668 985 716 esse
1006 697 1027 732 ‚
1070 667 1296 740 seque
1332 667 1426 714 ne
1453 641 1814 715 tantulum
1841 643 2139 741 quidem
2177 668 2497 720 commo-

366 761 540 829 veri.
598 762 897 835 Tantam
950 754 1233 825 virtutis
1294 776 1449 824 esse
1507 752 1650 821 vim
1711 751 2136 842 voluerunt,
2209 770 2292 827 ut
2347 780 2500 829 non

366 881 611 967 posset
652 888 999 964 umquam
1045 887 1201 936 esse
1238 867 1351 933 vir
1394 862 1636 934 bonus
1671 888 1825 934 non
1865 860 2138 936 beatus.
2173 866 2350 956 Quae
2392 884 2502 941 est

366 976 583 1074 igitur
631 974 899 1075 poena?
949 972 1153 1072 quod
1202 972 1688 1071 supplicium?
1725 971 1849 1057 Id,
1893 998 2058 1046 mea
2105 980 2499 1069 sententia,

368 1086 569 1185 quod
618 1084 939 1158 accidere
980 1088 1256 1156 nemini
1300 1098 1575 1181 potest,
1619 1085 1758 1155 nisi
1795 1088 2124 1173 nocenti,
2168 1104 2500 1188 suscepta

366 1191 627 1287 frausss,
676 1195 1023 1295 impedita
1071 1208 1145 1266 et
1198 1218 1546 1292 oppressa
1587 1219 1794 1266 mens
1837 1197 2270 1269 conscicntia
2292 1254 2313 1286 ,
2363 1198 2500 1272 bo-

366 1332 631 1379 norum
680 1312 1007 1379 omnium
1048 1304 1300 1377 odium
1325 1359 1346 1393 ,
1378 1321 1554 1377 nota
1587 1307 1762 1402 justi
1795 1320 2084 1379 senatus
2103 1318 2171 1394 9,
2215 1312 2502 1384 amissio

365 1414 753 1513 dignitatis.
1332 1498 1337 1501 ¹

462 1531 652 1599 XIX.
704 1530 855 1599 Nec
894 1526 1081 1597 mihi
1114 1525 1237 1596 ille
1280 1528 1379 1595 M.
1428 1524 1748 1621 Regulus
1771 1537 1823 1614 ¹,
1863 1548 2082 1622 quem
2131 1528 2504 1627 Carthagi-

366 1638 689 1726 nienseS,
724 1638 1019 1709 resectis
1062 1633 1427 1733 palpebris
1452 1690 1471 1723 ,
1513 1636 1860 1733 illigatum
1899 1636 1974 1706 in
2011 1636 2380 1727 machina,
2403 1642 2504 1711 vi-

364 1747 658 1847 gilando
706 1759 1143 1818 necaverunt
1162 1798 1184 1833 ,
1239 1745 1602 1842 supplicio
1641 1742 1929 1816 videtur
1963 1742 2305 1836 affectus;
2363 1772 2502 1821 nec

366 1861 445 1930 C.
489 1858 802 1944 Mariae,
840 1878 1059 1953 quem
1112 1854 1314 1925 Italia
1356 1866 1672 1927 servata²
1729 1854 1823 1926 ab
1876 1855 2045 1943 illo,
2088 1854 2500 1931 demersum

368 1970 443 2037 in
494 1967 1109 2038 Minturnensium
1155 1961 1578 2061 paludibus,
1623 1962 1858 2035 Afrioe
1897 1963 2177 2036 devicta
2225 1966 2318 2038 ab
2371 1994 2500 2042 eo·-

367 2074 574 2161 dem,
612 2074 992 2172 expulsum
1052 2087 1126 2143 et
1176 2070 1605 2169 naufragum
1662 2072 1863 2144 vidit.
1913 2080 2248 2147 Fortunae
2303 2081 2500 2151 enim

364 2186 499 2257 ista
529 2185 669 2256 tela
694 2197 865 2257 sunt
882 2236 901 2273 ‚
938 2206 1093 2254 non
1116 2182 1384 2279 culpae3
1412 2183 1851 2280 supplicium
1875 2196 2119 2253 autem
2154 2198 2262 2254 est
2283 2210 2499 2283 poena

368 2296 661 2396 peccati.
690 2295 949 2392 quue
978 2315 1151 2364 vero
1186 2314 1322 2389 ego
1340 2346 1357 2382 ,
1392 2292 1455 2363 si
1494 2314 1845 2390 umquam
1885 2290 2095 2365 vobis
2123 2294 2311 2367 mala
2343 2319 2502 2393 pre·

366 2429 590 2495 carer,
624 2405 825 2505 quod
878 2427 1061 2502 saepe
1092 2399 1269 2475 feci-⁹·
1298 2403 1423 2496 (in
1474 2428 1626 2501 quo
1679 2401 1780 2474 dii
1831 2405 2272 2476 immortales
2305 2431 2502 2480 meas

368 2541 619 2616 preces
655 2515 1175 2608 audiverunt),
1209 2512 1593 2602 morbum,
1629 2529 1755 2585 aut
1799 2528 2144 2604 mortem,
2177 2531 2302 2588 aut
2331 2543 2496 2589 cru·

369 2630 631 2700 ciatum
665 2649 1017 2726 precarer.
1046 2624 1398 2722 Thyestea
1429 2624 1562 2694 ista
1591 2625 1984 2696 exsecratio
2015 2637 2124 2694 est
2140 2678 2160 2711 ,
2197 2641 2430 2724 poetae
2442 2629 2498 2715 ⁴,

366 2737 561 2836 vulgi
599 2737 916 2823 animm,
953 2759 1106 2805 non
1145 2739 1592 2831 sapientum,
1649 2735 2007 2806 moventis
2041 2762 2056 2804 ε

562 2899 643 2956 Ut
673 2909 735 2955 tu
764 2893 1064 2973 naufragio
1090 2891 1393 2972 expulsus,
1421 2893 1646 2973 uspiam
1670 2894 1820 2953 saxis
1846 2895 1995 2952 fixus
2024 2893 2277 2973 asperis,

564 2993 927 3052 Evisceratus
954 2989 1134 3048 latere
1161 2989 1448 3068 penderes
1471 2988 1560 3070 (ut
1577 2991 1659 3050 ait
1677 2989 1826 3072 ille),
1849 3010 1988 3050 saxa
2013 3010 2290 3069 spargens
2314 2989 2473 3064 tabo,

556 3085 757 3157 Saule,
784 3084 1061 3162 sanguine
1085 3095 1214 3140 atro
1226 3121 1564 3140 .........
1571 3135 1574 3142 .
1588 3125 2327 3142 ...................

440 3247 490 3294 8.
504 3243 911 3314 &uccpmfmun
930 3246 1026 3294 Pro
1045 3247 1195 3294 Rosc.
1214 3246 1383 3292 Amet.
1470 3235 1624 3302 Alpe·
1659 3236 1846 3300 magnis
1885 3237 2042 3301 copiis
2071 3237 2170 3298 jun
2207 3236 2496 3286 effuderant.

366 3339 489 3374 «sna
525 3341 765 3389 quemque
806 3325 938 3374 fraus
977 3334 1028 3372 et
1066 3339 1185 3372 suns
1230 3333 1386 3371 terror
1548 3318 1600 3365 3.
1627 3315 1776 3380 Quod
1783 3330 1912 3380 ιαμ
1911 3311 2502 3380 feei.Adnotandnmest

367 3404 576 3453 mxime
594 3414 735 3452 vexat
755 3425 797 3451 n.
1470 3397 1578 3456 hic,
1605 3397 1856 3444 Romanos
1899 3395 2194 3458 Graecosque
2235 3411 2502 3460 numquam

437 3499 489 3547 9.
515 3487 685 3531 Faern.
715 3483 847 3544 conj.
882 3481 1047 3530 inusta
1067 3497 1103 3528 a
1122 3491 1316 3530 senatu.
1478 3475 1758 3535 erubuisse,
1789 3474 1830 3520 si
1860 3472 2030 3520 odium
2054 3471 2389 3536 vindictaque
2419 3491 2502 3523 cn-

435 3564 582 3611 m.
616 3578 663 3609 ι.
697 3563 769 3608 Μ.
802 3559 1032 3624 Regulus.
1069 3561 1146 3608 Ex
1182 3559 1389 3607 historia
1477 3553 1699 3620 pidinein
1718 3551 1877 3617 pelam
1903 3551 2192 3614 proferrent.
2215 3552 2396 3600 Versus
2422 3569 2502 3618 se—

364 3653 555 3702 notum,
574 3639 704 3688 unde
728 3649 891 3688 ortum
918 3639 983 3688 sit
998 3648 1097 3686 tam
1112 3653 1255 3701 grave
1274 3638 1389 3687 Car·
1480 3643 1714 3698 (luentes,
1744 3641 1795 3679 et
1832 3629 1981 3678 multa
2027 3629 2144 3693 alia,
2179 3647 2290 3694 (με
2328 3633 2502 3682 Cicero

324 3703 329 3710 ’
366 3719 741 3786 maginiensium
799 3719 851 3766 in
903 3717 1144 3780 Regulum
1192 3715 1391 3777 odium
1478 3712 1562 3760 hic
1590 3710 1841 3777 protatur,
1875 3709 1928 3756 in
1973 3709 2262 3760 Τωωιιιιῑ.
2305 3727 2504 3777 qnoque

364 3802 535 3852 Cicero
556 3813 799 3862 nusquam
831 3796 961 3845 mad
994 3796 1181 3844 factum
1215 3797 1267 3843 in
1294 3794 1391 3843 dn·
1480 3801 1751 3839 venantur.
1790 3791 1970 3837 Versu·
2011 3790 2110 3839 alio
2147 3790 2298 3838 modo
2331 3791 2502 3856 scripti

364 3882 499 3931 bium
524 3877 754 3936 adducit,
786 3873 1011 3941 quamvis
1050 3874 1110 3922 de
1142 3889 1203 3922 eo
1242 3889 1386 3922 nnn·
1480 3880 1743 3935 apparent,
1771 3884 1930 3932 neque
1965 3879 2158 3919 constat
2193 3884 2290 3932 qua
2319 3870 2504 3918 ratione

363 3977 509 4026 qnam
536 3956 774 4023 Polybius
798 3953 1095 4004 mentionem
1122 3953 1313 4002 fecerit.
1481 3950 1582 3998 nint
1611 3947 1926 4014 disponendi.

436 4057 492 4091 α.
518 4037 668 4088 Italia
702 4044 897 4084 servata
937 4033 1000 4081 ab
1040 4031 1143 4080 illo.
1176 4029 1395 4079 Devictis
1553 4037 1604 4086 4.
1641 4031 1821 4078 Poeta.
1863 4027 2039 4088 Ennii,
2083 4027 2171 4090 qui
2207 4025 2496 4090 Thyestem!

364 4117 570 4168 Cimbris
611 4127 659 4166 et
704 4113 1037 4172 Teutonibm,
1082 4111 1172 4174 qui
1216 4125 1267 4157 se
1308 4125 1396 4173 per
1488 4107 1702 4155 fabulam
1726 4102 2029 4154 condiderat.
