2996 4694
515 387 645 436 112
1128 364 1227 432 Μ.
1277 365 1357 433 Τ.
1412 365 2004 436 CICERONIS

500 487 898 585 quentiori‘s
959 484 1263 583 populi,
1308 507 1530 582 quam
1575 483 1755 556 illud
1797 485 2350 584 gladiatorium3
2389 507 2634 583 neque

504 597 871 667 concionis
932 595 1187 682 ullius,
1244 617 1488 691 neque
1551 619 1724 666 vero
1781 595 2098 667 ullorum
2151 597 2631 666 comitiorum.

502 705 667 776 Haec
708 707 929 802 igitur
966 702 1516 774 innumerabilis
1553 702 1929 776 hominum
1983 703 2407 788 multitudo,
2481 704 2635 777 haec

505 815 755 914 populi
790 817 1071 886 romani
1118 827 1316 884 tanta
1368 813 1831 910 significati0‚
1869 817 2024 886 sine
2061 813 2204 885 ulla
2251 816 2636 901 varietate,

504 926 858 1013 universi,
882 947 1114 1021 quum
1149 922 1286 992 illis
1330 923 1508 1020 ipsis
1543 922 1801 994 diebus
1830 922 1923 994 de
1957 947 2076 994 me
2111 937 2344 994 actum
2391 923 2476 992 iri
2511 946 2637 1018 pu-

500 1048 777 1107 taretur
796 1087 817 1120 ,
862 1031 1042 1131 quid
1082 1029 1471 1103 declaravit
1497 1083 1519 1118 ‚
1561 1032 1697 1102 nisi
1741 1035 2184 1131 optimorum
2227 1033 2492 1103 civium
2529 1055 2638 1101 sa-

502 1147 729 1217 lutem
767 1157 843 1215 et
881 1142 1301 1238 dignitatem
1346 1141 1624 1238 populo
1651 1163 1954 1213 romano
1989 1166 2225 1213 caram
2271 1165 2424 1212 esse
2468 1141 2634 1212 uni-

504 1255 761 1326 verso?
792 1257 885 1324 At
904 1275 1082 1322 vero
1121 1264 1191 1320 et
1218 1249 1337 1322 ille
1360 1249 1700 1322 tribunus
1726 1250 2020 1351 plebis¹‚
2037 1252 2166 1348 qui
2192 1250 2280 1323 de
2303 1274 2420 1342 rue
2437 1303 2458 1337 ,
2484 1273 2636 1319 non

506 1364 765 1460 patris,
821 1361 974 1446 avi,
1035 1361 1323 1457 proavi,
1364 1361 1722 1456 majorum
1779 1361 2092 1457 denique
2135 1383 2432 1432 suorum
2477 1381 2637 1428 om-

505 1474 711 1543 nium
730 1525 751 1558 ,
788 1469 916 1541 sed
960 1467 1453 1540 Graeculorum
1509 1471 1840 1542 instituto
1865 1481 1921 1558 ²,
1954 1470 2380 1541 concionem
2415 1469 2640 1537 inter-

504 1603 761 1678 rogare
818 1577 1130 1664 solebat,
1160 1577 1489 1650 Velletne
1541 1603 1660 1650 me
1723 1578 2000 1668 redire3
2054 1594 2163 1667 et,
2207 1601 2437 1674 quum
2487 1590 2642 1647 erat

506 1688 978 1763 reclamatum
1036 1688 1393 1766 semivivis
1446 1689 2057 1759 mercenariorum
2113 1685 2451 1770 vocibus»,
2507 1707 2641 1779 po-

506 1801 763 1901 pulum
796 1823 1177 1870 romanum
1216 1821 1481 1894 negare
1523 1796 1810 1869 dicebat
1839 1824 1856 1866 =
1883 1800 1982 1886 is,
2028 1821 2258 1894 quum
2313 1793 2644 1892 quotidie

502 1909 933 2009 gladiatores
954 1920 1308 2005 spectaret
1327 1960 1348 1995 ,
1372 1931 1772 2004 numquam
1793 1922 1902 1978 est
1929 1919 2380 2003 conspectus,
2408 1926 2642 1999 quum

503 2016 855 2094 venit-est
881 2015 1311 2115 Emergebat
1354 2016 1602 2088 subito
1625 2070 1646 2104 ,
1689 2041 1921 2113 quum
1967 2013 2101 2086 sub
2147 2011 2426 2084 tabulas
2462 2009 2640 2084 sub·-

506 2147 863 2233 repserat,
883 2147 967 2203 ut
985 2185 1005 2220 ‚
1020 2159 1055 2196 α
1070 2133 1325 2220 Mater,
1340 2146 1413 2203 te
1438 2130 1733 2230 appello
1747 2129 2222 2200 ›hp-dicturus
2251 2124 2638 2197 videretur.

501 2251 755 2343 Itaque
778 2242 899 2313 illa
928 2245 1041 2312 via
1068 2240 1463 2331 latebrosa,
1498 2265 1647 2338 qua
1681 2254 2083 2338 spectatum
2119 2238 2237 2308 ille
2271 2233 2642 2321 veniebat,

498 2357 729 2456 Appia
752 2356 783 2409 4
818 2354 965 2449 jam
1008 2350 1427 2424 vocabatur.
1476 2354 1624 2442 Qui
1663 2364 1936 2433 tamen,
1973 2371 2272 2445 quoquo
2312 2362 2644 2441 tempore

500 2478 935 2562 conspectus
1000 2462 1187 2547 erat,
1250 2486 1405 2531 non
1464 2459 1690 2531 modo
1747 2458 2172 2555 gladiatores
2201 2510 2221 2545 ‚
2285 2455 2410 2527 sed
2467 2456 2642 2551 equi

498 2580 642 2674 ipsi
668 2572 699 2616 ⁵
754 2570 1237 2667 gladiatorum
1292 2571 1696 2665 repentinis
1765 2567 1986 2638 sibilis
2059 2565 2642 2637 extimescebant.

572 2747 707 2793 th.
740 2760 787 2789 ι.
813 2744 880 2789 Ee
900 2740 982 2788 ille
1008 2741 1223 2789 tribunus
1232 2739 1404 2805 plebis.
1426 2742 1534 2789 Ms-

504 2825 675 2873 nutius
700 2822 795 2868 hoc
824 2820 885 2867 de
912 2818 1088 2866 Attilio
1123 2818 1222 2865 dici
1249 2814 1534 2877 contendit,

504 2900 647 2967 quod
669 2899 873 2947 omnino
900 2896 1071 2943 salsum
1096 2906 1198 2954 est;
1221 2908 1337 2945 mm
1359 2896 1444 2945 hic
1472 2898 1536 2946 de

1695 2744 1744 2791 3.
1779 2744 1932 2803 Quum
1959 2740 2169 2789 veniret.
2199 2737 2368 2803 Neque
2395 2738 2525 2787 enim
2554 2755 2646 2803 ps·

1621 2820 1718 2868 lem
1735 2832 1816 2868 aut
1834 2836 1920 2885 per
1939 2832 2152 2885 apertam
2177 2816 2302 2866 viam
2321 2821 2415 2868 iter
2433 2818 2646 2867 habebut

1623 2899 1768 2947 ludos
1795 2910 2092 2963 spectaturus
2108 2933 2123 2956 ,
2151 2898 2394 2946 metuebat
2425 2898 2555 2945 enim
2581 2912 2646 2945 ne

506 2977 707 3035 Clodio,
724 2986 781 3023 ut
792 2975 1145 3038 supra,agitur;
1162 2976 1322 3038 itaque
1338 2987 1537 3024 coactus

508 3068 582 3106 est
608 3055 732 3102 infra
756 3063 942 3099 mutare
956 3052 1122 3117 Appia
1142 3054 1193 3100 in
1210 3054 1396 3113 Attilin,
1419 3057 1536 3119 quis

512 3148 615 3183 vox
654 3132 737 3179 ills
778 3130 976 3178 minime
1014 3146 1123 3179 cum
1158 3131 1353 3181 illorum
1390 3149 1539 3180 sensu

510 3210 832 3275 congruebat.

586 3306 636 3337 2.
665 3288 997 3335 Groeculomm
1017 3287 1255 3338 instincte.
1284 3289 1403 3336 Illos
1426 3304 1540 3337 ore·

512 3382 595 3417 tor
618 3366 805 3413 deridet
822 3398 838 3423 ,
866 3366 953 3426 qui
980 3366 1111 3411 insui
1136 3366 1381 3413 literarum
1408 3380 1539 3428 grae·

514 3458 683 3494 cerum
703 3443 903 3489 scientis.
919 3442 1031 3488 elati
1056 3458 1107 3488 se
1125 3444 1359 3506 sapientes
1378 3444 1538 3491 omni·

440 3562 445 3567 .
512 3538 585 3571 no
608 3518 992 3578 arbitrali-utun
1014 3519 1237 3583 quidam,
1262 3536 1323 3568 ex
1342 3522 1539 3584 (ἴοι-εἷο

512 3598 671 3647 veteri
707 3606 987 3659 praecepto,
1015 3596 1287 3655 adstantes,
1326 3600 1539 3647 interro-

512 3676 699 3743 gabant
716 3708 730 3730 ,
748 3674 987 3734 numquid
1012 3672 1183 3736 aliquis
1204 3688 1461 3738 quereret,
1489 3685 1542 3723 et

511 3751 753 3806 adomnia
769 3766 819 3797 se
834 3764 1151 3812 responsuros
1164 3752 1536 3815 profitebantur.

510 3836 742 3897 Quorum
778 3827 929 3889 igitur
962 3830 1357 3879 consuetudinem
1394 3832 1542 3879 tribu-

510 3926 613 3960 nus
650 3908 733 3956 hic
780 3903 935 3968 plebis
972 3907 1109 3970 sequi
1146 3908 1415 3968 videbatur,
1451 3909 1542 3973 qui

513 3992 677 4037 civem
696 3998 937 4049 quemque
958 3982 1273 4049 interrogaret
1288 4021 1304 4047 ,
1332 3987 1542 4037 velletne

516 4065 732 4114 reditum
756 4054 955 4109 meum?

1625 2978 1796 3043 populi
1820 2977 1971 3025 sibilis
1989 2979 2320 3040 excipereturz
2342 2988 2388 3024 et
2413 2978 2648 3041 subrepe-

1625 3056 1711 3103 bst
1759 3070 1846 3119 per
1886 3055 2070 3103 tabulas
2108 3072 2186 3103 ess
2226 3070 2335 3119 que
2381 3056 2648 3119 spectaculi

1621 3148 1762 3180 censs
1791 3134 2157 3181 exstruebantur
2175 3148 2190 3193 ;
2209 3144 2258 3181 et
2277 3133 2392 3181 iude
2417 3133 2564 3181 flebat
2591 3145 2646 3183 ut

1620 3228 1771 3274 quum
1815 3228 2122 3262 consessurus
2165 3225 2416 3277 appareret
2460 3216 2646 3279 optime

1629 3290 1926 3352 Polydorum
1952 3294 2252 3351 mentiretur,
2279 3295 2364 3356 qui
2390 3308 2453 3341 ex
2473 3293 2648 3341 umbre

1629 3378 1826 3430 repente
1872 3373 2099 3433 emergit,
2143 3384 2192 3419 et
2240 3388 2454 3419 sororem
2501 3388 2646 3436 quum

1629 3456 1826 3493 matrem
1844 3449 2102 3497 arbitretur
2117 3450 2192 3496 his
2211 3450 2414 3498 vocibus
2433 3454 2619 3501 excitet
2633 3488 2648 3513 ‚

1631 3544 1658 3564 σι
1675 3526 1831 3573 Mater
1853 3536 1902 3573 te
1924 3527 2120 3591 appello
2142 3548 2182 3573 ι.

1701 3608 1753 3655 4.
1773 3604 1952 3665 Appia.
1977 3605 2057 3653 Ad
2081 3606 2203 3652 viam
2224 3607 2432 3670 Appiam
2451 3610 2650 3671 alludit,

1631 3693 1774 3739 quem
1785 3695 1958 3729 censor
1967 3684 2158 3746 Appius
2171 3682 2419 3743 Claudius,
2439 3703 2567 3735 unus
2585 3706 2650 3737 ex

1629 3754 1794 3802 Clodii
1818 3761 1967 3807 atavis
1981 3794 1996 3816 ‚
2021 3762 2354 3811 exstruendum
2379 3780 2650 3817 cursverst.

1705 3833 1753 3879 5.
1805 3836 1931 3897 Equi
1967 3838 2072 3899 ipsi.
2119 3842 2227 3887 Hoc
2265 3842 2414 3890 ferme
2459 3856 2650 3894 tautum

1631 3910 1747 3956 loco
1773 3913 1929 3974 egitur
1956 3914 2016 3962 de
2044 3917 2387 3978 gladiator-Ibus
2417 3938 2480 3969 ex
2511 3926 2652 3987 equis

1631 3990 1986 4049 pugnantibusg
2005 3995 2220 4057 praefium
2239 4000 2393 4057 enim,
2417 4002 2569 4050 solito
2587 4002 2652 4051 de
2723 4018 2730 4026 ’

1633 4080 1924 4130 noma-quo
1939 4071 2044 4119 solo
2055 4072 2270 4123 intereos
2288 4079 2646 4132 conserebatur.
