2996 4694
442 367 584 440 326
1060 369 1155 438 M.
1197 370 1281 436 T.
1348 371 1934 440 CICERONIS

436 506 633 564 etum
650 489 708 577 ⁶,
732 488 933 588 quod
962 490 1115 586 lege
1142 505 1524 589 exceptum
1555 492 1940 564 vide-retur.
1978 494 2051 562 Si
2075 509 2299 582 esset3
2331 509 2568 567 tamen

440 608 513 678 in
553 604 825 676 foedere
866 603 1045 674 nihil
1086 629 1239 674 esse
1274 619 1600 692 cautum,
1640 622 1900 704 praeter
1927 631 2197 705 pacem.
2227 608 2568 682 Additum

442 721 659 792 etiam
706 741 860 790 esse
896 715 1115 804 illud,
1158 732 1243 788 ut
1274 719 1720 814 majestatem
1759 719 1860 789 ini
1904 735 2226 792 nostram
2274 747 2566 795 conser-

370 855 375 865 ·
440 855 609 902 vare
668 827 1063 900 deberent:
1114 852 1275 925 quae
1332 845 1528 900 certe
1571 832 2044 915 minueretur,
2093 832 2152 902 si
2191 847 2314 902 aut
2363 833 2570 929 adju·

438 939 721 1012 toribus
756 939 1040 1010 illorum
1074 939 1351 1012 civibus
1381 943 1488 1011 uti
1513 942 1587 1010 in
1627 939 1833 1011 benis
1875 939 2089 1012 nobis
2118 967 2266 1012 non
2297 943 2567 1033 liceret,

440 1066 567 1122 aut
610 1052 881 1149 proemii
916 1048 1283 1121 tribuendi
1324 1063 1752 1148 potestatem
1797 1050 2076 1121 nullam
2115 1049 2568 1124 haberemus.

445 1166 655 1233 Nunc
681 1185 853 1232 vero
891 1160 1063 1257 quid
1121 1185 1255 1258 ego
1296 1175 1546 1230 eontra
1579 1159 1972 1232 Gaditanos
2007 1161 2288 1259 loquar,
2339 1187 2568 1260 quum

446 1271 523 1344 id
552 1325 572 1357 ,
637 1270 837 1369 quod
902 1267 1253 1354 defende,
1321 1269 1692 1341 voluntate
1751 1295 2045 1358 eorum,
2117 1273 2571 1360 auctoritate,

447 1382 805 1479 logatione
859 1383 1059 1479 ipsa⁷
1110 1379 1672 1479 comprobetur?
1718 1383 1846 1479 qui
1885 1435 1906 1468 ,
1959 1406 2000 1452 a
2049 1384 2412 1480 principio
2463 1383 2572 1454 sui

445 1494 725 1589 generis
760 1515 844 1562 ac
879 1489 1293 1587 reipublicae
1314 1545 1335 1574 ,
1370 1489 1463 1562 ab
1497 1496 1702 1562 omni
1741 1490 1982 1563 studio
2017 1517 2386 1589 sensuque
2420 1497 2574 1562 1³oe-

444 1627 709 1672 norum
749 1615 1027 1672 mentes
1052 1625 1213 1672 suas
1247 1601 1335 1673 ad
1370 1617 1702 1673 nostrum
1745 1605 2126 1701 imperium
2159 1626 2575 1699 nomenque

446 1711 853 1782 flexerunt?
913 1736 1101 1808 quos
1130 1764 1148 1796 ,
1210 1736 1437 1808 quum
1490 1717 1797 1784 maxima
1855 1713 2044 1785 bella
2102 1713 2316 1786 nobis
2362 1713 2578 1784 infer-

446 1841 634 1913 rent,
656 1824 1023 1897 moenibus
1050 1827 1558 1897 excluserunt?
1589 1827 1930 1899 classibus
1963 1829 2330 1926 insequuti
2362 1827 2578 1900 sunt?

450 1934 911 2034 corporibus,
958 1938 1183 2034 copiis
1209 1991 1229 2026 ,
1284 1936 1550 2034 opibus
1587 1936 2077 2034 depulerunt?
2111 1940 2238 2035 qui
2275 1953 2350 2009 et
2385 1951 2578 2008 vete·

454 2071 609 2118 rem
666 2046 855 2118 illam
912 2050 1225 2146 speciem
1256 2044 1286 2090 ⁸
1331 2045 1630 2119 foederis
1674 2050 2018 2119 Marciani
2057 2073 2344 2146 semper
2377 2049 2578 2118 omni

450 2171 653 2230 arce9
683 2158 1050 2231 duxerunt
1085 2161 1554 2246 sanctiorem,
1605 2172 1674 2230 et
1713 2159 1857 2229 hoc
1905 2157 2180 2230 foedere
2211 2213 2231 2246 ,
2295 2158 2578 2246 Catuli,

452 2280 890 2367 senatusque
919 2270 1385 2358 auctoritate,
1424 2293 1500 2341 se
1539 2269 1923 2340 nobiscum
1954 2269 2580 2364 conjunctissimos
2623 2277 2629 2284 ’

450 2404 603 2451 esse
632 2380 956 2451 arbitrati
984 2367 1200 2450 sunt?
1236 2402 1552 2475 quorum
1583 2384 1848 2451 moenia
1876 2435 1895 2464 ,
1936 2378 2280 2466 delubra,
2317 2404 2526 2477 agros
2549 2434 2568 2460 ,

452 2504 535 2558 ut
596 2490 749 2587 ipse
811 2488 1153 2559 Hercules
1196 2491 1538 2562 itinerum
1597 2516 1678 2563 ac
1721 2490 2052 2562 laborum
2095 2514 2434 2579 suorum,
2480 2492 2580 2560 sic

454 2599 761 2692 majores
818 2604 1085 2683 nostri,
1132 2603 1417 2698 imperii
1470 2626 1560 2683 ac
1613 2604 1928 2673 nominis
1986 2601 2238 2699 populi
2299 2598 2582 2671 romani

454 2709 800 2779 terminos
849 2733 1000 2780 esse
1048 2712 1501 2783 voluerunt?
1547 2718 1930 2785 Testantur
1965 2726 2038 2785 et
2085 2728 2412 2784 mortuos
2452 2736 2586 2783 no·

454 2836 641 2892 stros
676 2823 1180 2920 imperatores,
1210 2851 1524 2922 quorum
1569 2829 1744 2897 vivit
1781 2827 2201 2899 immortalis
2237 2828 2584 2899 memoria

454 2946 526 3003 et
558 2931 820 3030 gloria,
849 2936 1248 3033 ScipioneS,
1276 2941 1574 3024 Brutos,
1607 2940 2040 3026 Horatios¹⁰,
2081 2939 2361 3011 Cassios
2383 2991 2402 3025 ,
2433 2938 2583 3007 Me-

528 3164 580 3213 6.
619 3164 763 3213 Nihil
790 3180 893 3213 esse
916 3179 1303 3217 sacrosanctum.
1338 3170 1477 3217 Nihil

458 3255 819 3293 nam-netum
851 3244 933 3292 lex
961 3246 1147 3312 exeipit
1160 3282 1173 3307 ,
1210 3250 1377 3313 potius
1402 3264 1477 3296 u·

458 3334 763 3371 oros-notum
784 3326 826 3372 si
852 3324 973 3387 quid
999 3338 1124 3375 esset
1141 3363 1155 3385 ,
1182 3328 1234 3375 id
1254 3328 1475 3388 sustulit,

458 3418 609 3465 quum
646 3400 845 3451 definite
876 3404 1113 3467 Pompeio
1139 3404 1381 3454 donanda
1406 3407 1477 3452 ci·

462 3481 625 3528 vitatis
664 3491 951 3543 potestatem
993 3483 1133 3542 ἰδυίῃ
1174 3484 1259 3531 sed
1306 3500 1481 3531 conce-

463 3558 621 3617 datur,
638 3558 743 3622 lege
760 3572 1016 3625 exceptum
1036 3562 1335 3626 esse,⁸iquid
1355 3572 1479 3611 esset

460 3648 815 3685 „emunctam
836 3652 848 3686 τ
877 3641 999 3704 qnid
1020 3642 1161 3688 obest
1176 3642 1273 3688 boo
1292 3641 1479 3689 Balbo?

464 3718 523 3764 In
570 3718 751 3768 foedere
798 3720 1047 3769 Gaditano
1094 3721 1303 3768 civitatis
1347 3721 1477 3770 nulla

464 3798 673 3856 :nemim
692 3798 754 3845 de
779 3814 897 3863 pace
921 3808 1107 3847 tantum
1126 3810 1319 3847 cautum
1339 3812 1426 3848 est.

536 3892 583 3937 7.
616 3876 881 3941 Legatione
899 3880 1021 3941 ipsa.
1042 3880 1247 3941 Legatos
1266 3879 1479 3943 populus

466 3956 737 4005 Gaditanus
782 3958 985 4004 Romam
1038 3956 1229 4005 miserat
1246 3993 1260 4017 ,
1310 3969 1477 4006 testem

461 4050 559 4083 aaa
590 4036 854 4084 volunt-tis
888 4052 947 4083 ac
980 4036 1237 4099 singularis
1276 4038 1480 4087 benivo-

459 4112 623 4163 lentiae
648 4130 759 4177 erga
782 4114 987 4163 Balbum
1012 4128 1302 4167 accusatum.

1637 3170 1688 3217 8.
1715 3169 1942 3233 Speciem.
1983 3170 2098 3217 Non
2141 3168 2340 3233 proprie
2385 3166 2547 3214 soedm
2563 3198 2581 3225 ,

1563 3248 1650 3296 sed
1675 3248 1884 3312 speciem
1910 3244 2142 3305 soederis'3
2179 3246 2292 3311 quia
2323 3244 2460 3294 nullo
2490 3260 2584 3309 pu·

1565 3328 1695 3375 blico
1743 3327 1942 3374 vinculo
1992 3326 2244 3391 religionis
2281 3328 2586 3385 'teneretur-3

1565 3406 1776 3470 ideoque
1802 3405 2031 3454 Gaditani
2071 3416 2184 3470 pout
2218 3404 2398 3453 multos
2433 3418 2586 3451 annos

1565 3484 1900 3535 renovandum
1939 3485 2098 3533 foedus
2139 3496 2458 3544 curaverunt,
2495 3484 2584 3529 Le-

1568 3565 1688 3629 pido
1715 3575 1765 3612 et
1800 3562 1977 3612 Catulo
2015 3580 2142 3612 00⁸⁸.
2173 3574 2230 3612 ut
2265 3562 2434 3628 paullo
2475 3572 2588 3609 ante

1568 3644 1752 3692 dictum
1779 3653 1870 3691 eut.

1637 3738 1687 3785 9.
1715 3723 1878 3779 Olim,
1909 3724 2086 3769 Marte.
2113 3720 2282 3767 anb.
2313 3722 2440 3781 conj.
2459 3734 2586 3780 ara,

1567 3802 1754 3849 Ernest.
1782 3812 1832 3849 et
1859 3800 1918 3847 al.
1948 3800 2289 3863 probantibus.
2318 3802 2368 3849 J.
2387 3804 2449 3847 V.
2475 3802 2531 3846 L.

1644 3896 1721 3930 xo.
1752 3878 1999 3928 Horatios.
2039 3880 2370 3944 Depravatum
2409 3893 2586 3926 nomen

1571 3970 1654 4007 aut
1679 3972 2088 4025 supervacaneum
2110 3974 2123 4006 ε
2155 3974 2266 4005 nam
2296 3940 2552 4006 Horatium
2569 3993 2583 4017 ,

1569 4040 1656 4103 qui
1683 4039 1865 4087 benum
1890 4040 1945 4085 in
1965 4038 2197 4101 Hispania
2223 4039 2451 4102 gesserit,
2479 4034 2591 4083 nul-

1569 4118 1669 4166 lam
1689 4118 1900 4167 invenio.
