2996 4694
515 366 656 452 434
1143 365 1242 434 Μ.
1291 365 1368 433 Τ.
1423 366 2007 436 CICERONIS

517 505 624 576 et,
669 491 787 562 cui
831 487 1018 559 bene
1060 483 1241 582 quid
1296 489 1766 583 processerit,
1809 487 2121 559 multum
2160 487 2364 558 illum
2404 493 2642 587 provi—

443 636 454 650 ·
517 601 740 690 disse3
775 601 892 670 cui
929 619 1172 681 secus,
1211 594 1392 665 nihil
1435 597 1740 667 sensisse
1760 592 1788 638 ⁵
1832 595 2174 670 dicamus.
2220 599 2294 669 Si
2336 603 2641 672 exstitis-

516 726 622 784 set
674 712 750 780 in
801 703 1016 804 rege⁶
1077 704 1298 788 fides,
1355 705 1537 776 nihil
1588 707 1983 805 sapientius
2032 713 2417 798 Postumo;
2470 717 2637 809 quia

517 819 768 894 fefellit
803 842 964 903 rex,
991 815 1172 886 nihil
1213 815 1356 886 hoc
1395 820 1755 888 amentius
1798 817 2111 890 dicitur:
2152 833 2234 890 ut
2267 821 2417 915 jam
2460 821 2637 892 nihil

513 956 666 1004 esse
699 930 1051 1014 videatur,
1095 927 1234 996 nisi
1271 925 1631 1015 divinare,
1670 929 2031 1025 sapientis.
2076 930 2215 1001 Sed
2262 945 2542 1016 tamen,
2576 933 2633 1002 si

511 1047 674 1141 quis
701 1056 836 1126 est,
864 1037 1138 1134 judices
1158 1090 1178 1124 ,
1206 1037 1334 1133 qui
1359 1036 1553 1107 illam
1582 1039 1906 1108 Postumi
1926 1040 2074 1111 sive
2096 1041 2385 1112 inanem
2410 1063 2633 1138 spem,

391 1237 404 1246 ,
509 1155 655 1225 sive
711 1149 1194 1224 inconsultam
1242 1151 1633 1233 rationem,
1684 1152 1831 1220 sive
1895 1149 2358 1246 (gravissimo
2410 1148 2633 1221 verbo

507 1267 695 1358 utar)
733 1261 1234 1346 temeritatem,
1273 1257 1820 1355 vituperandam
1858 1274 2089 1357 putet,
2122 1284 2257 1358 ego
2290 1261 2447 1357 ejus
2477 1264 2633 1360 opi-

505 1374 708 1445 nioni
736 1396 888 1443 non
913 1391 1289 1467 repugno:
1321 1367 1500 1438 illud
1538 1382 1779 1440 tamen
1816 1369 2193 1468 deprecor,
2240 1386 2357 1456 ut,
2400 1397 2627 1469 quum

502 1482 593 1554 ab
659 1485 812 1577 ipsa
874 1476 1162 1548 fortuna
1218 1475 1709 1549 crudelissime
1767 1479 1999 1552 videat
2050 1480 2269 1578 hujus
2332 1480 2629 1553 consilia

501 1615 656 1663 esse
687 1588 1015 1671 multata,
1056 1610 1150 1657 ne
1187 1585 1364 1683 quid
1408 1585 1498 1657 ad
1554 1612 1672 1659 eas
1714 1590 1995 1676 ruinas,
2032 1590 2301 1687 quibus
2342 1591 2462 1663 hic
2492 1617 2627 1690 op-

498 1723 786 1801 pressus
844 1710 994 1781 est,
1040 1695 1450 1766 addendum
1502 1696 1908 1770 acerbitatis
1972 1714 2197 1797 putet.
2245 1703 2471 1771 Satis⁷
2518 1715 2627 1772 est

496 1812 832 1883 homines
891 1806 1374 1906 imprudentia
1438 1806 1675 1904 lapsos
1740 1833 1895 1879 non
1954 1801 2316 1906 erigere83
2369 1836 2627 1910 urgere

501 1943 672 1990 vero
708 1919 1057 2013 jacentes,
1094 1928 1220 1986 aut
1249 1917 1773 2014 praecipitantes
1804 1917 2215 2016 impellere,
2268 1936 2461 1994 certe
2517 1938 2627 1994 est

500 2029 982 2102 inhumanum
1021 2053 1035 2096 ε
1065 2029 1482 2124 praesertim,
1508 2027 1811 2121 judiceS,
1840 2053 2071 2125 quum
2098 2032 2190 2100 sit
2218 2030 2359 2102 hoc
2382 2036 2623 2128 generi

497 2139 877 2212 hominum
924 2160 1154 2235 prope
1189 2151 1445 2208 natura
1481 2135 1769 2222 datum,
1806 2139 1951 2226 uti,
1989 2149 2197 2235 quasi>
2236 2141 2313 2209 in
2358 2136 2623 2212 familia

494 2251 736 2349 aliqua
771 2249 926 2320 laus
961 2244 1148 2318 forte
1183 2243 1549 2334 floruerit,
1585 2246 1773 2319 hanc
1810 2245 1997 2332 fere,
2044 2251 2174 2347 qui
2218 2265 2387 2322 sunt
2432 2251 2616 2346 ejus-

492 2360 654 2433 dem
696 2359 936 2457 stirpis
959 2366 1044 2445 ¹⁰,
1099 2357 1300 2455 quod
1345 2381 1583 2429 sermo
1624 2357 2001 2430 hominum
2060 2358 2148 2431 ad
2196 2362 2617 2431 memoriam

489 2469 1016 2571 prodendam¹¹
1061 2482 1347 2564 patrum
1379 2469 1645 2538 virtute
1676 2467 2117 2559 celebretur,
2158 2469 2619 2567 cupidissime

489 2592 1017 2679 persequantur
1078 2603 1094 2645 ε
1155 2578 1510 2675 siquidem
1582 2602 1729 2648 non
1794 2577 2011 2649 modo
2074 2581 2149 2649 in
2226 2579 2451 2675 gloria
2513 2581 2621 2651 rei

489 2689 812 2761 militaris
855 2686 1180 2766 Paullum
1247 2687 1522 2785 Scipio,
1576 2702 1705 2758 aut
1750 2690 2145 2759 Maximum
2204 2688 2433 2777 filius,
2488 2690 2617 2762 sed

493 2928 516 2949 .
537 2902 634 2953 Sed
655 2902 782 2961 hee,
805 2903 904 2965 nit,
925 2903 1162 2950 sententia
1186 2902 1256 2949 tic
1277 2912 1326 2949 et
1343 2900 1436 2962 ini,
1455 2912 1507 2950 et

483 2982 628 3033 nobit
652 2980 968 3046 probabatur,
988 2990 1044 3028 ut
1069 2996 1132 3028 ex
1149 2990 1328 3029 eventu
1346 2978 1508 3029 homi-

1640 2904 1721 3031 1:159:-
1736 2905 1797 2951 In
1816 2919 1944 2981 nge.
1978 2904 2287 2955 Alexandria
2300 2942 2317 2969 ,
2350 2907 2617 2955 Ptole-nno

1594 2982 1637 3028 A
1723 2994 1789 3031 te.

485 3079 571 3111 nea
590 3062 651 3111 de
671 3072 758 3111 tuo
777 3060 982 3110 consilio
1001 3061 1360 3109 existimaturos
1379 3060 1507 3109 vide-

485 3159 645 3191 remus
659 3176 674 3201 ,
695 3154 792 3190 etc.
813 3163 838 3183 n
860 3140 995 3189 Idem
1022 3157 1102 3207 ep.
1129 3140 1194 3188 ad
1212 3140 1364 3189 Attio.
1385 3141 1461 3187 l'x
1485 3152 1503 3189 ε

482 3244 509 3263 ι
525 3220 741 3271 Consilia
763 3236 826 3268 ex
845 3230 1023 3269 eventu
1043 3230 1148 3267 nou
1171 3236 1236 3267 ex
1252 3218 1504 3267 voluntate

481 3316 509 3347 ι
536 3300 782 3365 plerisque
807 3296 1009 3365 probari
1036 3298 1193 3346 solent
1205 3319 1248 3347 n.
1274 3298 1471 3345 Plautus
1485 3332 1503 3361 ,

479 3379 654 3429 Pseud.
703 3401 730 3421 α
766 3380 896 3427 Bene
940 3378 1028 3426 ubi
1062 3376 1200 3441 quod
1244 3377 1503 3427 confilium

480 3459 712 3507 discimus
748 3458 1006 3515 accidiae,
1044 3456 1291 3505 homine-
1336 3468 1500 3505 catum

477 3540 599 3586 Eum
626 3554 728 3585 esse
752 3535 1080 3594 declat-amun
1105 3534 1308 3582 stultum
1337 3546 1498 3583 autem

478 3618 598 3680 quoi
623 3616 768 3664 vertit
787 3616 937 3675 male,
958 3623 1053 3663 etc.
1072 3634 1099 3654 a·
1124 3612 1316 3661 Tullius
1341 3613 1393 3661 in
1421 3616 1498 3661 Pi·

471 3710 644 3743 sonem
664 3729 678 3753 ‚
723 3710 836 3759 unp.
877 3703 939 3750 μ
964 3725 979 3750 ,
1027 3705 1172 3754 snpra
1215 3705 1327 3754 pag.
1365 3692 1498 3747 425:

483 3798 506 3817 κ
535 3812 547 3823 .
564 3774 694 3824 ..eui
721 3788 912 3836 semper
931 3772 998 3818 it·
1021 3784 1300 3833 persuamm
1323 3770 1492 3829 fuerit,

477 3868 576 3901 non
593 3850 807 3908 eventis,
836 3849 924 3899 sed
951 3848 1116 3907 factis,
1143 3849 1377 3912 cujusque
1399 3849 1494 3896 sor-

473 3943 636 3981 tunam
663 3927 926 3993 ponderari
941 3962 956 3986 ,
987 3937 1080 3975 ete.
1101 3948 1127 3967 ω

540 4012 590 4059 5.
637 4006 778 4055 Nihil
809 4006 1032 4077 sensisse.
1071 4004 1328 4055 Lambinus
1369 4007 1490 4054 male

474 4084 598 4135 nihil
615 4084 809 4135 vidisse.

1666 3078 1692 3122 7
1705 3095 1719 3109 .
1738 3061 1865 3111 διώ
1882 3072 1975 3112 ese.
1994 3062 2213 3111 obtem-e
2231 3064 2444 3113 notat-C.
2460 3064 2618 3113 Mem·

1591 3140 1741 3189 mium
1760 3175 1777 3200 ,
1821 3140 1906 3205 qui
1949 3142 2233 3191 Postumum
2268 3154 2580 3192 accusaverat
2597 3178 2615 3203 ,

1591 3233 1799 3285 eumque
1816 3220 1883 3269 itu
1901 3232 2108 3269 conatur
2117 3219 2367 3282 judicibus
2385 3222 2614 3272 odiosum

1591 3297 1811 3348 reddere.

1662 3378 1711 3425 8.
1738 3378 1954 3445 Erigere.
1978 3377 2038 3427 Id
2056 3389 2131 3427 est
2144 3414 2160 3441 ,
2177 3377 2387 3427 relevare
2410 3390 2458 3427 et
2476 3382 2614 3430 teeti·

1588 3466 1742 3506 tuem·

1658 3551 1711 3597 9.
1753 3538 1876 3601 Qua
1898 3532 1948 3583 in
1960 3534 2184 3600 familia.
2207 3538 2287 3585 Al.
2313 3554 2416 3601 qua
2444 3538 2496 3585 in
2513 3538 2611 3602 fa-

1589 3613 1740 3663 milch.

1664 3710 1741 3742 ιο.
1766 3692 1995 3759 Ejusdem
2014 3692 2187 3759 stirpis.
2206 3694 2288 3744 Al.
2306 3694 2411 3761 ejus
2428 3696 2608 3760 stirpis.

1586 3772 1735 3821 Male.
1762 3800 1831 3809 —
1862 3770 2116 3821 Rabirium
2144 3772 2246 3834 jam
2280 3772 2347 3821 ob
2373 3774 2427 3823 id
2453 3792 2607 3825 exen-

1584 3850 1789 3899 nnndum
1811 3863 1993 3912 censet,
2011 3852 2148 3916 quod
2172 3853 2427 3901 temeritati
2444 3856 2609 3903 minus

1582 3946 1731 3994 quam
1780 3930 1951 3995 gentili
2005 3942 2055 3979 et
2112 3941 2321 3995 paterno
2379 3934 2607 4000 exemplo

1582 4010 1871 4072 peccaverit.
2232 4063 2237 4071 ,

1623 4150 1640 4166 x
1656 4105 1675 4135 ι
1693 4105 1737 4136 ι.
1786 4088 2113 4138 Prodendam.
2158 4090 2225 4139 Ea
2272 4104 2372 4137 vox
2416 4107 2507 4139 uec
2554 4094 2607 4141 in
