2996 4694
551 387 687 460 156
1164 391 1263 460 M.
1314 393 1393 460 T.
1444 389 2014 462 CICERONIS

534 509 765 584 sendo
798 537 815 582 ε
868 513 1034 608 quis
1090 533 1441 609 umquam
1484 513 1558 582 in
1609 511 1810 583 luctu
1873 509 2316 600 domestico,
2363 517 2532 610 quis
2591 517 2666 584 in

532 620 787 693 funere
828 621 1153 694 familiari
1188 624 1504 694 coenavit
1531 647 1698 694 cum
1735 637 1902 720 toga
1937 622 2180 718 pulla?
2215 625 2332 694 cui
2373 622 2466 695 de
2509 622 2668 694 bal·-

536 733 691 804 neis
720 736 1049 820 exeunti,
1075 747 1335 831 praeter
1370 747 1478 818 te,
1508 747 1676 829 toga
1705 733 1898 830 pulla
1933 755 2282 829 umquam
2317 732 2480 804 data
2513 733 2668 804 est?

530 866 761 938 quum
806 859 918 916 tot
956 843 1335 916 hominum
1388 844 1609 916 millia
1651 843 2200 927 accumberent,
2243 867 2472 941 quum
2513 849 2666 943 ipse

528 953 723 1050 epuli
764 953 1103 1024 dominus
1129 1009 1149 1042 ‚
1188 958 1277 1045 Q.
1314 958 1598 1038 Arrius,
1643 953 1925 1025 albatus
1973 969 2205 1042 esset3
2249 968 2332 1024 tu
2367 955 2445 1024 in
2489 967 2665 1024 tem-

528 1061 736 1156 plum
766 1067 1077 1136 Castoris
1094 1073 1125 1108 ²
1156 1079 1229 1135 te
1252 1089 1423 1135 cum
1446 1069 1526 1135 C.
1556 1061 1814 1134 Fidulo
1842 1078 2076 1134 atrato
2099 1065 2498 1160 ceterisque
2525 1064 2665 1134 tuis

528 1169 737 1242 furiis
764 1171 1134 1246 funestum
1154 1175 1481 1248 intulisti.
1508 1176 1690 1264 Quis
1713 1188 1870 1245 tum
1899 1199 2046 1244 non
2081 1175 2480 1268 ingemuit?
2505 1165 2666 1270 quis

528 1305 678 1352 non
712 1279 947 1355 doluit
974 1283 1389 1381 reipublicae
1418 1285 1705 1356 casum?
1740 1286 1905 1382 quis
1942 1307 2182 1356 sermo
2216 1282 2396 1354 alius
2427 1285 2498 1354 in
2539 1281 2666 1352 illo

530 1391 755 1488 epulo
782 1392 951 1482 fuit,
984 1397 1118 1464 nisi
1138 1447 1158 1481 ,
1190 1395 1377 1466 hanc
1405 1409 1678 1465 tautam
1707 1409 1782 1465 et
1809 1409 1956 1464 tam
1985 1417 2272 1492 gravem
2307 1393 2662 1464 civitatem

532 1500 933 1596 subjectam
958 1530 1112 1577 esse
1130 1531 1281 1576 non
1309 1506 1529 1577 modo
1557 1505 1821 1594 furori,
1847 1527 2096 1576 verum
2121 1507 2334 1575 etiam
2356 1503 2666 1573 irrisioni

532 1612 717 1680 tuae?
765 1617 977 1686 Hunc
1016 1629 1097 1685 tu
1130 1639 1409 1685 morem
1460 1615 1888 1712 ignorabas?
1929 1635 2330 1710 numquam
2363 1610 2662 1712 epulum

530 1719 849 1793 videras?
874 1744 1269 1822 numquam
1308 1747 1493 1823 puer
1527 1739 1654 1795 aut
1687 1725 2104 1796 adolescens
2129 1719 2358 1796 inter³
2387 1745 2664 1820 coquos

534 1826 813 1902 fueras?
850 1837 1131 1921 Fausti,
1164 1834 1638 1907 adolescentis
1673 1830 2095 1906 nobilissimi
2121 1837 2177 1921 ⁴,
2215 1832 2459 1930 paullo
2493 1846 2664 1903 ante

534 1967 624 2010 ex
636 1943 853 2039 epulo
872 1943 1578 2042 magnificentissimo
1601 1945 1864 2016 famem
1885 1944 2079 2016 illam
2100 1941 2448 2015 veterem⁵
2463 1958 2660 2014 tuam

540 2073 689 2122 non
726 2055 1094 2152 expleras?
1120 2060 1353 2147 Quem
1382 2053 1810 2127 accumbere
1833 2068 2143 2126 atratum
2161 2052 2438 2124 videras
2455 2049 2512 2136 ⁶,
2537 2051 2663 2122 do-

534 2163 811 2235 minum
841 2190 1007 2237 cum
1035 2180 1199 2264 toga
1214 2167 1435 2265 pulla,
1465 2182 1542 2239 et
1555 2165 1998 2260 ejusamicos
2017 2179 2186 2236 ante
2210 2163 2663 2235 convivium?

528 2276 707 2365 Quae
740 2291 813 2349 te
848 2291 1050 2349 tanta
1088 2277 1323 2349 tenuit
1368 2277 1684 2349 amentia
1704 2283 1760 2359 ⁷,
1793 2290 1876 2347 ut
1907 2287 1986 2346 tu
2013 2327 2034 2361 ‚
2072 2274 2208 2344 nisi
2241 2272 2314 2342 id
2351 2269 2661 2356 fecisses,

528 2384 731 2481 quod
768 2386 873 2459 fas
910 2413 1061 2459 non
1099 2386 1237 2459 suit
1258 2440 1277 2473 ‚
1331 2387 1471 2459 nisi
1519 2385 1856 2457 violasses
1907 2382 2260 2482 templum
2301 2382 2654 2469 CastoriS,

524 2522 793 2568 nomen
832 2498 1065 2593 epuli,
1098 2498 1349 2568 oculos
1388 2498 1650 2567 civium
1677 2550 1698 2583 ‚
1741 2518 2017 2566 morem
2057 2508 2368 2564 veterem
2393 2546 2414 2579 ,
2457 2493 2608 2587 ejus
2635 2543 2656 2578 ,

522 2607 651 2700 qui
686 2621 761 2675 te
796 2606 1135 2675 invitarat
1158 2658 1179 2689 ‚
1208 2606 1742 2688 auctoritatem,
1781 2628 2039 2702 parum
2075 2618 2366 2701 putares
2405 2598 2656 2675 testifi-

518 2728 763 2784 catum
802 2734 993 2801 esse,
1024 2716 1586 2812 supplicationes
1618 2730 1691 2786 te
1725 2714 1882 2787 illas
1904 2738 2054 2784 non
2087 2712 2392 2810 putare?

594 2962 645 2996 n.
675 2949 737 2995 In
756 2946 985 3011 templum
1012 2948 1239 3000 castor-13.
1266 2952 1548 3013 Senatores,

516 3029 850 3091 magian-ntus,
882 3028 1165 3093 equitesque
1184 3064 1202 3089 ,
1236 3031 1289 3077 iu
1328 3030 1548 3080 Castoris

522 3106 709 3171 templo
724 3104 1075 3156 accumbebant
1092 3124 1109 3171 ς
1126 3108 1259 3173 plebi
1276 3124 1394 3156 vero
1410 3124 1546 3158 men-

520 3198 591 3233 ·oe
610 3188 663 3233 in
683 3186 799 3234 foro
824 3197 961 3234 enm
982 3198 1261 3236 exstructa.

589 3266 638 3314 ³.
673 3268 809 3313 Inter
836 3280 1020 3329 coquos
1042 3266 1241 3331 sitem.
1270 3268 1540 3327 Nonnulli,

516 3344 685 3392 neseio
710 3360 807 3408 qun
844 3345 1132 3393 immutandi
1158 3346 1409 3410 prurigine
1418 3380 1435 3403 ,
1456 3346 1542 3393 hic

518 3434 765 3487 reponunt
794 3444 817 3467 e
837 3425 965 3471 inter
992 3438 1181 3471 ooaevoo
1196 3432 1249 3483 -‚'
1288 3440 1401 3487 qun
1438 3440 1538 3473 vox

514 3503 703 3550 nullum
727 3504 827 3563 iam
852 3516 1041 3550 sensum
1067 3502 1230 3549 babet.

581 3592 630 3641 4.
646 3580 978 3630 Adolesceneis
996 3580 1297 3635 nobilissimi.
1318 3584 1377 3630 L.
1388 3580 1538 3630 Sulla

508 3659 713 3724 {iniqui
726 3662 927 3708 Faustus
942 3660 1214 3719 «liceum,
1234 3660 1537 3724 sicuti-pater

510 3742 802 3805 cognomine
827 3741 994 3788 Felicis
1019 3740 1177 3787 fuerat
1204 3738 1500 3803 appellatus.

577 3822 630 3870 5.
662 3824 879 3869 Veterem
910 3830 1064 3867 mam,
1090 3814 1171 3865 Ad
1202 3818 1412 3880 primam
1436 3818 1537 3864 Va-

508 3900 615 3948 tinii
642 3898 923 3965 pauperiem
946 3895 1153 3951 alludit,
1198 3895 1285 3957 qui
1320 3908 1425 3941 uon
1463 3896 1536 3941 in·-

514 3979 727 4048 gluviem
760 3990 899 4025 sunm
936 3988 1135 4039 pascere
1170 3981 1361 4036 posset,
1384 3985 1534 4036 quum

520 4051 977 4117 deficerent‘oopioe.

574 4139 625 4185 6.
676 4137 913 4185 Acratum
961 4128 1189 4177 videras.
1238 4126 1383 4177 Certe
1430 4142 1534 4178 non

1635 2952 1760 2999 bene
1784 2966 1836 2998 se
1853 2950 2000 2998 locus
2013 2948 2098 2997 ille
2123 2947 2272 2996 habet
2293 2962 2310 2998 ε
2345 2945 2487 2996 multi
2521 2945 2660 2993 resti-

1633 3030 1871 3079 tuendum
1913 3029 2050 3077 illum
2091 3042 2350 3077 curavere:
2379 3040 2550 3074 sensus
2585 3034 2657 3072 ts-

1633 3124 1746 3157 meu
1791 3108 1931 3157 facile
1977 3108 2091 3156 uti·
2137 3102 2534 3171 deprehenditur.
2573 3104 2654 3152 Sic

1632 3198 1708 3235 est
1756 3188 1886 3237 enim
1925 3185 2294 3249 intelligendum
2330 3200 2346 3233 t
2391 3182 2655 3231 vida-ene

1635 3264 1888 3313 domiuum
1915 3263 2048 3329 epuli
2079 3274 2132 3310 et
2161 3263 2266 3323 eius
2319 3261 2504 3309 amieos
2541 3274 2652 3307 eun

1631 3353 1742 3407 tog·
1764 3342 1900 3408 pulla
1918 3351 2032 3389 aute
2051 3342 2357 3399 convivium,
2384 3340 2438 3387 id
2458 3348 2548 3397 est,
2566 3338 2653 3401 qui

1627 3437 1740 3469 eum
1765 3432 1878 3485 toga
1913 3419 2051 3484 pulla
2083 3419 2392 3469 accumberet
2427 3428 2542 3465 ante
2567 3432 2653 3465 ora

1625 3500 1866 3564 epulantis
1883 3499 2078 3564 populi.
2097 3499 2180 3546 Sic
2192 3498 2392 3561 quidem
2407 3500 2462 3547 P.
2474 3498 2652 3545 Mann-

1627 3578 1724 3627 tius
1737 3612 1752 3636 ‚
1765 3580 1849 3627 rui
1867 3576 2222 3625 amandum
2249 3575 2474 3629 arbitror.

1701 3674 1752 3719 7.
1777 3656 1949 3705 Tenuit
1974 3654 2210 3705 amentia.
2247 3654 2365 3703 Non
2403 3653 2650 3719 supplica-

1625 3739 1788 3785 tiones
1825 3736 1934 3782 illas
1970 3734 2248 3798 improbare
2289 3744 2482 3797 potens
2497 3766 2513 3794 ,
2556 3732 2651 3779 nisi

1625 3814 1884 3865 domiuum
1903 3813 2066 3878 epuli,
2091 3812 2274 3860 amieos
2303 3814 2437 3873 ejus,
2465 3820 2654 3858 totum-

1625 3909 1723 3957 que
1733 3892 1941 3957 denique
1957 3892 2196 3957 populum
2209 3890 2408 3939 hoctun
2419 3888 2654 3953 adspectu

1625 3966 1941 4019 offenderes?
1976 3971 2050 4018 Eo
2091 3971 2320 4033 gni-ius,
2357 3967 2496 4031 qnod
2535 3965 2651 4014 mli

1626 4048 1818 4114 augurii
1860 4050 1958 4097 hoc
1999 4058 2098 4096 erat
2125 4050 2246 4098 festa
2265 4048 2322 4095 iu
2345 4046 2431 4095 di·
2465 4052 2652 4094 vestem

1627 4128 1811 4194 punam
1838 4126 2056 4177 induere.
2435 4126 2446 4135 '
