2996 4694
491 330 622 415 184
1117 330 1212 397 M.
1265 330 1342 395 T.
1394 328 1956 397 CICERONIS

479 453 716 524 bonos
785 453 1022 547 specie
1085 448 1394 545 quadam
1457 449 1739 523 virtutis
1800 447 2221 520 assimulatae
2279 442 2592 516 tenebat.

478 565 733 659 Neque
785 583 1129 655 umquam
1183 584 1270 630 ex
1330 558 1454 629 illo
1506 556 1791 629 delendi
1848 558 2067 652 hujus
2126 554 2406 657 imperii
2448 568 2595 624 tam

481 669 1003 741 consceleratus
1059 674 1370 765 impetus
1427 670 1809 740 exstitisset
1832 722 1853 755 ‚
1912 666 2050 737 nisi
2100 679 2211 735 tot
2259 665 2593 734 vitiorum

483 793 678 851 tanta
731 779 1133 849 immanitas
1183 774 1615 874 quibusdam
1671 773 2021 847 facilitatis
2074 788 2145 845 et
2186 773 2593 870 patientiae⁷

481 886 845 960 radicibus
879 892 1246 958 niteretur.
1283 889 1523 977 Quare
1560 888 1695 957 ista
1737 884 2059 956 conditio
2074 880 2127 971 ⁸,
2153 882 2465 976 judiceS,
2491 904 2597 950 re.-

481 1008 805 1095 sp'uatur‚
839 1020 976 1068 nec
1006 997 1320 1069 Catilinae
1349 994 1840 1067 familiaritatis
1866 994 2136 1065 crimen
2175 990 2453 1062 haereat.
2478 993 2599 1059 Est

481 1110 673 1179 enim
710 1129 1092 1177 commune
1125 1129 1290 1177 cum
1323 1104 1601 1192 multia,
1628 1117 1703 1174 et
1728 1127 1897 1175 cum
1924 1097 2357 1200 quibusdam
2385 1098 2599 1169 etiam

357 1228 369 1239 ’
477 1213 713 1287 bonis.
757 1216 876 1285 Me
917 1213 1191 1310 ipsum,
1226 1222 1410 1300 me9,
1451 1216 1787 1309 inquam,
1831 1209 2199 1308 quondam
2238 1232 2441 1307 paene
2482 1206 2600 1277 ille

481 1323 804 1423 decepit,
842 1346 1070 1421 quum
1114 1337 1188 1394 et
1228 1322 1401 1393 civis
1438 1321 1617 1392 mihi
1656 1318 1897 1393 bonus
1924 1331 2013 1408 ¹⁰,
2058 1334 2135 1391 et
2182 1318 2436 1417 optimi
2472 1340 2601 1387 cu-

475 1437 740 1530 jusque
765 1431 1072 1530 cupidus
1092 1485 1113 1521 ,
1151 1445 1225 1504 et
1257 1430 1511 1502 firmus
1542 1432 1813 1504 amicus
1844 1456 1927 1503 ac
1958 1428 2189 1501 fidelis
2216 1428 2600 1511 videretur3

489 1543 693 1637 cujus
727 1565 864 1640 ego
892 1540 1206 1615 facinora
1241 1540 1472 1613 oculis
1502 1542 1739 1639 prius,
1778 1565 1998 1638 quam
2034 1540 2375 1637 opinione
2398 1590 2417 1623 ‚
2458 1560 2603 1606 ma—

490 1648 706 1721 nibus
758 1664 968 1737 ante,
1018 1673 1238 1747 quam
1281 1649 1727 1749 suspicione,
1776 1646 2265 1748 deprehendi:
2306 1646 2511 1740 cujus
2542 1654 2596 1688 ¹¹

486 1762 563 1830 in
605 1762 884 1857 magnis
927 1759 1227 1830 catervis
1272 1764 1705 1847 amicorum,
1751 1761 1811 1830 si
1862 1758 1999 1831 fuit
2040 1760 2251 1831 etiam
2296 1756 2603 1841 Coelius,

485 1869 710 1967 magis
735 1882 876 1957 est,
896 1882 977 1941 ut
1005 1870 1159 1968 ipse
1193 1871 1494 1941 moleste
1527 1868 1709 1943 ferat
1743 1892 2012 1941 errasse
2044 1868 2379 1957 se,sicuti
2422 1888 2605 1937 non-

488 2004 887 2078 numquam
933 1980 1010 2050 in
1051 1979 1303 2052 eodem
1341 1979 1637 2053 homine
1679 2004 1796 2051 me
1838 2004 2135 2078 quoque
2170 1978 2432 2051 erroris
2467 1977 2605 2047 mei

490 2092 836 2187 poenitet,
869 2112 1088 2186 quam
1122 2103 1204 2161 ut
1249 2090 1452 2162 istius
1480 2089 1805 2161 amicitiae
1846 2091 2117 2161 crimen
2158 2084 2600 2158 reformidet.

583 2204 734 2273 vll.
764 2204 1014 2297 Itaque
1041 2224 1083 2271 a
1119 2198 1510 2273 maledictis
1529 2209 1555 2245 ¹
1589 2198 1945 2297 pudicitiae
1970 2196 2064 2268 ad
2091 2197 2609 2293 conjurationis

1594 2377 1697 2418 tum
1746 2368 1877 2417 laune
1916 2369 2083 2417 locum
2132 2365 2367 2434 expremit
2408 2366 2612 2416 Porcina

1594 2449 1737 2496 Latro
1760 2447 1887 2498 decl.
1920 2449 1973 2496 in
1998 2446 2286 2498 Catilinam:
2312 2467 2338 2488 α
2353 2443 2534 2509 Vigent
2558 2445 2610 2492 in

561 2389 587 2432 ⁰7
597 2405 610 2418 .
633 2369 906 2421 pacificatis
923 2383 971 2420 et
985 2371 1252 2436 patienciae.
1268 2371 1509 2421 Lucianus

486 2451 544 2499 in
568 2449 943 2499 Paendomantiz
971 2471 998 2493 κ
1017 2450 1250 2514 Excogita
1275 2459 1325 2499 et
1343 2450 1507 2499 animo

488 2527 619 2592 finge
645 2528 830 2575 varium
855 2525 1102 2589 quoddam
1127 2527 1299 2574 animae
1325 2538 1508 2592 tempe-

490 2615 756 2654 ramentum
776 2641 792 2666 ‚
818 2615 868 2650 et
893 2603 1182 2662 mendaciis,
1213 2603 1368 2666 dolia,
1395 2621 1508 2670 per·

484 2684 624 2745 iuriis
637 2718 652 2743 ,
673 2683 808 2730 malis
823 2681 1008 2732 artibus
1031 2682 1316 2742 conflatum,
1338 2683 1507 2744 facile,

490 2761 676 2819 audax,
713 2764 1016 2808 temerarium
1034 2795 1049 2821 ,
1087 2760 1270 2809 laboris
1309 2778 1472 2810 amana
1494 2794 1512 2823 ‚

491 2853 550 2889 ut
575 2840 708 2905 quod
737 2837 900 2887 animo
933 2839 1242 2888 destinaverit
1273 2857 1510 2906 exaequa-

493 2931 593 2979 tur;
611 2917 748 2982 quod
760 2918 961 2966 suadere
975 2917 1168 2982 quidvis
1183 2919 1324 2968 facile
1335 2923 1511 2985 pouit,

489 2993 588 3046 fide
609 2996 810 3060 dignum
827 2995 1064 3060 inveniri,
1087 2996 1285 3046 meliora
1305 2995 1509 3062 fingere,

488 3091 548 3124 ae
583 3075 836 3137 simulare,
869 3087 920 3123 et
953 3073 1043 3133 iia,
1081 3091 1191 3140 qua
1225 3079 1508 3137 constituit,

491 3169 635 3220 quam
656 3153 860 3201 maxime
877 3155 1116 3202 contraria
1138 3169 1240 3219 pra!
1257 3173 1308 3204 ae
1325 3155 1450 3204 ferre
1463 3178 1507 3202 a.

563 3235 611 3281 8.
637 3235 802 3296 Quare
823 3233 915 3281 ista
931 3232 1164 3283 conditio.
1189 3235 1314 3297 Qun
1334 3251 1509 3300 nempe

491 3311 716 3362 omnibus
736 3310 1126 3360 adolescentibus
1150 3313 1368 3361 Catilinae
1388 3317 1505 3362 ami-

491 3391 562 3439 ci·
593 3390 874 3452 imponitur,
898 3405 1023 3453 quoa
1047 3389 1270 3454 iniquum
1297 3391 1424 3441 foret
1447 3409 1508 3441 ex

491 3467 698 3517 amicitia
717 3466 848 3515 illiue
868 3469 920 3514 in
941 3467 1068 3516 hano
1085 3469 1332 3519 infamiam
1357 3471 1511 3536 turpi-

491 3545 700 3604 tudinis,
722 3544 817 3592 alio
839 3545 974 3597 nullo
991 3559 1297 3610 argumento,
1318 3550 1505 3600 vocari.

564 3643 615 3689 9.
651 3626 733 3672 He
761 3622 951 3688 ipsum,
983 3640 1079 3675 me.
1115 3625 1320 3675 Catilina
1357 3627 1513 3677 redux

495 3724 556 3756 ex
573 3703 758 3761 Africa,
781 3701 842 3750 de
859 3704 1137 3766 repetundis
1152 3715 1403 3754 accusatus
1421 3717 1511 3766 eat,

495 3797 544 3834 et
567 3785 740 3834 Cicero
759 3781 812 3833 in
829 3781 974 3845 epist.
1003 3783 1068 3830 ad
1087 3783 1304 3831 Atticum
1329 3783 1513 3847 signifi·

503 3865 628 3913 cavit
665 3879 716 3910 ae
741 3861 794 3908 in
833 3875 894 3908 eo
931 3875 1060 3918 eoae,
1098 3873 1156 3910 nt
1183 3877 1274 3926 pro
1307 3861 1514 3912 Catilina

499 3963 526 3992 a
637 3955 673 3993 t.
721 3969 734 3976 ’

527 3961 650 4072 εἴ.
682 4025 839 4088 Quum
869 4032 915 4068 ee
939 4019 1053 4091 civis
1077 4019 1197 4070 mihi
1219 4021 1384 4070 bonus.
1409 4023 1513 4072 To·

1592 2525 1675 2574 illa
1692 2525 1829 2574 clade
1846 2542 1921 2576 rea
1938 2524 2271 2574 diveraiaaimoe
2282 2525 2479 2588 pariter,
2494 2539 2615 2572 eon·

1594 2607 1797 2654 tinentia
1829 2615 1877 2654 et
1912 2605 2097 2655 libido:
2127 2602 2249 2653 nihil
2280 2603 2367 2651 illo
2396 2618 2613 2667 peraaepe

1592 2683 1785 2732 affixiua
1802 2684 1866 2732 ad
1880 2685 2083 2733 colenda
2093 2685 2331 2734 bonorum
2346 2681 2613 2737 consol-tin

1598 2763 1717 2811 nihil
1750 2763 1974 2812 solertius
2014 2763 2079 2811 ad
2117 2763 2215 2810 illia
2254 2759 2612 2818 insidiandum3

1596 2839 1717 2888 nihil
1734 2839 1865 2889 iuius
1881 2839 2205 2889 munificentia
2226 2840 2477 2904 insignius,
2490 2838 2611 2886 nihil

1595 2918 1786 2967 avidius
1802 2920 2090 2984 rapacitate3
2106 2919 2229 2966 nihil
2243 2909 2433 2968 acn'tiua
2458 2917 2614 2965 eonsi-

1596 2998 1668 3045 lio
1684 3031 1701 3058 ,
1732 2997 1855 3046 nihil
1882 2997 2147 3046 temeritate
2185 2996 2613 3062 contemptibilius.

1592 3077 1717 3138 Qum
1744 3091 1896 3141 quum
1910 3077 1977 3124 ita
2002 3077 2129 3137 aiut,
2152 3077 2434 3142 Caepionem
2458 3074 2617 3123 admi·

1594 3155 1805 3204 rabimur
1836 3155 1891 3204 in
1928 3159 2075 3204 tantia
2113 3157 2299 3204 viarum
2332 3152 2616 3218 ambagibus

1594 3234 1858 3283 erraviaae?
1890 3235 2001 3296 Me,
2038 3251 2140 3295 me,
2174 3235 2404 3299 inquam,
2430 3233 2615 3291 fateor,

1590 3313 1805 3376 judices,
1822 3315 2143 3364 vetustissima
2173 3313 2380 3379 quadam
2416 3312 2618 3362 familia-

1595 3396 1737 3443 ritate
1764 3395 1985 3445 Catilina
2018 3396 2336 3456 conjunctum
2352 3429 2367 3454 ,
2402 3407 2617 3458 persaepe

1597 3474 1895 3536 delituisse,
1914 3473 2045 3522 miris
2058 3471 2454 3538 perplexionibus
2470 3471 2615 3529 illius,

1598 3567 1753 3617 neque
1778 3569 2005 3616 umquam
2029 3553 2149 3600 certi
2170 3550 2434 3617 quidquam
2454 3552 2505 3598 in
2528 3549 2615 3596 illo

1597 3631 1794 3694 ingenio
1808 3631 2213 3694 comprehendere
2226 3629 2444 3695 potuisse
2454 3665 2469 3688 ‚
2486 3639 2580 3676 ete.
2591 3649 2616 3671 ι·

1674 3723 1753 3758 11.
1798 3709 1985 3759 Ernest-
2028 3727 2057 3760 ο
2104 3711 2381 3771 coniectura
2403 3742 2421 3770 ,
2456 3708 2613 3772 hujus.

1598 3791 1632 3840 J
1638 3823 1651 3838 .
1671 3791 1735 3838 V.
1764 3789 1820 3837 L.

1670 3867 1788 3915 VII.
1818 3883 1864 3918 1.
1892 3869 2065 3932 Itaque
2080 3885 2115 3916 a
2132 3866 2415 3916 maledictis.
2444 3866 2504 3916 ld
2519 3878 2615 3926 eat,

1602 3955 1911 4010 posteaquam
1942 3948 2089 4010 igitur
2103 3945 2376 3994 advertistis
2407 3957 2618 3993 vestrum

1603 4023 1663 4074 de
1712 4025 2012 4090 impudicitia
2080 4024 2387 4073 maledictum
2440 4023 2621 4074 nullius
