2996 4694
859 385 1234 454 ORATIO
1282 385 1477 453 PRO
1526 387 1601 453 P.
1649 387 2064 462 ‚SEXTIQ
2389 390 2519 460 113

396 501 765 576 Videtisne
798 507 1041 604 igitur,
1084 519 1438 604 quantum
1480 506 1671 577 inter
1710 507 2062 605 populum
2102 533 2516 596 romanum,

398 631 471 686 et
527 621 951 688 concionem
1012 617 1346 694 intersit?
1424 614 1759 687 dominos
1819 620 2251 689 concionum
2315 627 2517 695 omni

398 725 569 796 odio
606 721 860 825 populi
893 725 1225 799 notari6?
1250 723 1520 824 quibus
1555 741 1799 796 autem
1829 729 2218 800 consistere
2247 733 2321 801 in
2351 758 2518 832 ope-

395 858 637 906 rarum
678 836 1151 910 concionibus
1200 860 1351 906 non
1392 834 1640 921 liceat,
1676 859 1801 907 eos
1847 838 2049 907 omni
2095 839 2348 938 populi
2396 869 2516 916 ro-

397 945 592 1014 mani
629 945 1151 1041 significatione
1186 943 1554 1016 decorari?

493 1054 639 1129 L'X.
684 1063 791 1132 Tu
825 1059 1001 1131 mihi
1031 1061 1243 1131 etiam
1266 1069 1286 1102 ¹
1334 1062 1435 1128 M.
1466 1056 1793 1128 Attilium
1823 1060 2178 1155 Regulum
2216 1087 2526 1138 comme—

396 1191 637 1240 moras
665 1225 685 1258 ‚
719 1175 848 1268 qui
882 1169 1114 1242 redire
1145 1171 1297 1267 ipse
1329 1165 1829 1265 Carthaginem
1861 1193 1989 1239 sua
2021 1171 2393 1246 voluntate
2431 1177 2522 1250 ad

395 1280 865 1379 supplicium,
908 1305 1125 1379 quam
1168 1280 1319 1350 sine
1370 1279 1457 1349 iis
1501 1279 1832 1375 captiviS,
1873 1303 1914 1349 a
1961 1279 2232 1377 quibus
2273 1281 2359 1355 ad
2406 1311 2519 1358 se-

392 1403 645 1461 natum
682 1395 941 1462 missus
982 1404 1173 1478 erat,
1212 1394 1456 1460 Romae
1501 1411 1790 1458 manere
1822 1388 2200 1461 maluerit?
2233 1408 2307 1464 et
2345 1395 2520 1467 mihi

393 1523 610 1597 negas
651 1502 1053 1601 optandum
1094 1499 1409 1572 reditum
1448 1494 1668 1570 fuisse
1702 1521 1836 1595 per
1881 1495 2180 1574 familias
2224 1527 2518 1606 compa-

389 1631 577 1690 ratas
610 1631 683 1688 et
729 1617 1060 1689 homines
1097 1612 1449 1686 armatos?

486 1728 655 1798 Vim
690 1728 957 1800 scilicet
989 1750 1124 1824 ego
1162 1723 1599 1810 desideravi,
1623 1721 1982 1818 qui,dum
2009 1728 2114 1797 vis
2134 1723 2302 1817 fuit,
2340 1729 2526 1802 nihil

388 1835 503 1930 egi
522 1845 578 1924 ²,
632 1851 706 1907 et
751 1862 1013 1935 quem,
1058 1838 1117 1907 si
1160 1835 1267 1906 vis
1314 1857 1465 1904 non
1517 1828 1800 1920 fuisset,
1855 1833 2052 1905 nulla
2105 1835 2516 1914 res³'labe·

388 1943 651 2016 factare
684 1948 1058 2042 potuisset.
1098 1948 1311 2013 Hunc
1347 1964 1481 2036 ego
1514 1941 1829 2011 reditum
1859 1944 2353 2040 repudiarem,
2389 1953 2518 2048 qui
2599 1975 2608 1982 ·

390 2058 487 2124 ita
525 2055 789 2124 florens
836 2052 1008 2140 fuit,
1052 2067 1134 2123 ut
1176 2055 1446 2138 verear,
1507 2073 1596 2118 ne
1633 2052 1799 2145 quis
1836 2074 1952 2121 me
1996 2054 2236 2125 studio
2275 2055 2516 2154 gloriae

391 2176 600 2261 putet
636 2161 905 2233 idcirco
935 2163 1159 2232 exisse
1178 2214 1199 2243 .,
1232 2173 1317 2229 ut
1344 2160 1442 2247 ita
1478 2157 1790 2229 redirem
1809 2161 1842 2229 ἱ)
1867 2162 2106 2249 Quem
2139 2169 2334 2235 enim
2365 2193 2520 2238 um·

324 2366 335 2371 -
389 2295 611 2371 quam
642 2287 929 2344 senatus
954 2271 1185 2342 civem
1203 2323 1222 2357 ‚
1252 2268 1389 2371 nisi
1416 2289 1568 2355 me,
1593 2265 2010 2339 nationibus
2036 2273 2296 2342 exteris
2328 2299 2519 2345 com-

386 2382 921 2477 mendavit?cuj
931 2406 1015 2453 us
1045 2402 1389 2477 umquam
1410 2391 1712 2474 propter
1735 2378 2032 2448 salutem
2053 2433 2074 2466 ‚
2092 2383 2226 2451 nisi
2250 2408 2478 2457 meam
2499 2442 2518 2472 ‚

384 2508 673 2567 senatus
722 2492 1009 2593 publice
1054 2492 1306 2563 sociis⁴
1364 2487 1624 2586 populi
1678 2490 1958 2558 romani
2011 2493 2268 2586 gratias
2324 2500 2518 2592 egit?

382 2608 491 2676 De
550 2630 665 2675 me
728 2628 881 2675 uno
944 2616 1184 2701 patres
1234 2597 1634 2694 conscripti·
1679 2595 2187 2688 decreverunt,
2225 2614 2344 2689 ut,
2386 2606 2516 2701 qui

382 2716 795 2811 provincias
831 2738 1001 2785 cum
1036 2706 1389 2811 imperio⁵
1435 2705 1891 2796 obtinerent,
1922 2711 2048 2805 qui
2087 2726 2477 2806 quaestores
2500 2778 2520 2809 ‚

382 2824 741 2922 legatique
758 2818 1007 2897 ‘essent
1026 2878 1045 2911 ‚
1086 2822 1387 2893 salutem
1416 2832 1490 2889 et
1519 2818 1740 2889 vitam
1771 2843 2008 2890 meam
2043 2822 2512 2895 custodirent.

382 2936 469 3005 In
504 2958 647 3006 una
685 2958 846 3005 mea
882 2958 1092 3005 causa
1127 2944 1293 3031 post
1320 2932 1625 2999 Romam
1657 2927 2021 2999 conditam
2059 2927 2329 3001 factum
2369 2947 2512 3020 est,

452 3084 503 3132 6.
532 3080 683 3131 Omni
712 3081 828 3131 odio
855 3080 1035 3147 populi
1065 3078 1248 3129 notari.
1279 3078 1395 3127 Clo·

384 3160 519 3209 dium
543 3160 754 3220 scilieet,
779 3171 827 3209 et
844 3172 1029 3209 ceteros
1046 3160 1133 3224 qui
1150 3157 1399 3208 ciceroni·
1422 3190 1437 3215 ,-

382 3239 559 3288 reditui
578 3240 883 3289 obstiterant.

451 3320 557 3367 Lx.
604 3334 653 3369 1.
708 3320 779 3366 Tu
820 3316 945 3366 milui
984 3317 1150 3366 edam.
1196 3317 1297 3380 Qui
1340 3318 1397 3364 P.

382 3397 593 3444 Sextium
612 3400 851 3445 accusavit
868 3398 1208 3446 Albinovanus
1222 3430 1237 3454 ,
1260 3398 1401 3445 Cice·-

382 3474 491 3522 roni
514 3475 721 3524 reditum
748 3476 957 3537 objecit,
985 3475 1120 3540 quod
1140 3491 1226 3539 per
1246 3490 1399 3522 arma·

376 3552 459 3603 'ton
492 3554 621 3601 civee
650 3556 703 3601 in
727 3556 931 3619 patriam
964 3555 1121 3603 suerat
1150 3568 1397 3613 πνοι-σοις

379 3631 651 3696 Regulique
675 3633 942 3696 protulerat
968 3624 1268 3696 eiemplum,
1310 3634 1399 3696 qui

380 3710 722 3774 Carthaginem
774 3710 837 3757 ad
890 3712 1185 3775 supplicium
1234 3712 1400 3775 petere

378 3790 623 3837 maluisset
652 3804 797 3853 quam
828 3792 997 3837 Romae
1027 3804 1217 3838 manere
1232 3824 1249 3849 ‚
1286 3792 1398 3855 quia

380 3882 456 3916 ree
492 3868 571 3916 iun
609 3868 759 3932 magis
787 3867 850 3915 ad
886 3862 1161 3932 reipublice
1197 3868 1399 3933 gloriam

381 3946 677 3995 conferebat.

453 4042 499 4074 a.
538 4025 675 4074 Nihil
692 4024 790 4091 egi.
814 4024 875 4072 m
905 4034 1006 4082 eet,
1034 4024 1271 4087 patienter
1290 4042 1399 4089 quae

382 4116 549 4154 contra
560 4122 637 4153 me
657 4104 963 4153 struebantur
981 4103 1175 4167 pertuli,
1190 4116 1237 4152 et
1250 4119 1401 4167 quum

526 4194 589 4257 V
598 4246 609 4259 .
652 4209 749 4254 Cic:
760 4222 871 4271 pars
890 4206 1105 4253 secunda.

1486 3077 1560 3123 vie
1573 3074 1897 3133 adhiberetur,
1911 3090 1972 3123 ne
1991 3074 2269 3140 reipublicae
2284 3092 2508 3129 nocerem

1486 3155 1701 3205 diaecesi.

1559 3236 1608 3283 3.
1651 3233 1807 3283 Nulla
1847 3248 1940 3281 res.
1979 3232 2106 3280 Nam
2147 3248 2304 3297 neque
2347 3234 2476 3301 legen
2493 3274 2508 3297 ,

1485 3330 1645 3379 neque
1662 3314 1845 3375 judicia
1861 3346 1875 3371 ‚
1899 3328 2057 3375 neque
2085 3312 2288 3361 omnino
2311 3330 2387 3363 ree
2407 3317 2506 3365 ulla

1485 3410 1590 3443 eam
1603 3394 1722 3441 mihi
1736 3392 2051 3440 calamitatem
2068 3390 2349 3453 invexisset,
2361 3410 2508 3459 quam

1484 3472 1682 3537 quidem
1703 3472 1778 3519 vie
1795 3468 1982 3517 intulit.

1558 3560 1606 3607 4.
1633 3548 1804 3597 Sociis.
1834 3548 1934 3611 Qui
1960 3562 2068 3605 me,
2097 3549 2252 3611 patria
2275 3551 2468 3614 pulsum
2496 3587 2512 3612 ,

1484 3630 1688 3679 comiter
1701 3636 2004 3691 exceperant,
2019 3624 2323 3693 benigneque
2341 3640 2509 3679 tracta—

1486 3719 1615 3757 rant.

1561 3788 1608 3837 5.
1645 3786 1763 3835 Cum
1787 3783 2004 3849 e‘mpen‘o.
2033 3785 2136 3846 Qui
2160 3786 2475 3849 proconsules
2490 3820 2505 3844 ,

1486 3878 1536 3915 et
1562 3866 1647 3931 qui
1670 3874 1993 3929 propretor-ee
2027 3874 2164 3911 erant
2186 3878 2200 3911 :
2231 3880 2342 3911 nam
2367 3879 2512 3927 qua-

1484 3956 1641 3996 atoree
1659 3954 1708 3992 et
1731 3941 1877 4005 legati
1896 3940 2155 4005 imperim
2168 3942 2219 3987 in
2239 3942 2508 4004 provinciis

1486 4042 1592 4075 non
1638 4020 1880 4071 habebant
1910 4034 1926 4068 :
1970 4021 2082 4068 ideo
2127 4034 2213 4066 eoe
2251 4022 2507 4085 separatim

1490 4106 1662 4153 Cicero
1690 4098 1926 4146 nominat.
