<?xml version="1.0" encoding="UTF-8"?>
<!DOCTYPE html PUBLIC "-//W3C//DTD XHTML 1.0 Transitional//EN"
    "http://www.w3.org/TR/xhtml1/DTD/xhtml1-transitional.dtd">
<html xmlns="http://www.w3.org/1999/xhtml" xml:lang="en" lang="en">
 <head>
  <title>
</title>
<meta http-equiv="Content-Type" content="text/html;charset=utf-8" />
  <meta name='ocr-system' content='tesseract 3.04.00' />
  <meta name='ocr-capabilities' content='ocr_page ocr_carea ocr_par ocr_line ocrx_word'/>
</head>
<body>
  <div class='ocr_page' id='page_1' title='image "./mtciceronisquae08lemagoog/mtciceronisquae08lemagoog_0462.png"; bbox 0 0 2996 4694; ppageno 0'>
   <div class='ocr_carea' id='block_1_1' title="bbox 437 355 1945 444">
    <p class='ocr_par' dir='ltr' id='par_1_1' title="bbox 437 355 1945 444">
     <span class='ocr_line' id='line_1_1' title="bbox 437 355 1945 444; baseline 0.002 -14"><span class='ocrx_word' id='word_1_1' title='bbox 437 355 585 444; x_wconf 74' lang='lat'>456</span> <span class='ocrx_word' id='word_1_2' title='bbox 1073 363 1170 432; x_wconf 90' lang='grc' dir='ltr'>Μ.</span> <span class='ocrx_word' id='word_1_3' title='bbox 1222 366 1300 433; x_wconf 92' lang='grc' dir='ltr'>Τ.</span> <span class='ocrx_word' id='word_1_4' title='bbox 1353 363 1945 434; x_wconf 88' lang='lat' dir='ltr'>CICERONIS</span> 
     </span>
    </p>
   </div>
   <div class='ocr_carea' id='block_1_2' title="bbox 435 481 2597 3445">
    <p class='ocr_par' dir='ltr' id='par_1_2' title="bbox 435 481 2583 1466">
     <span class='ocr_line' id='line_1_2' title="bbox 435 481 2571 558; baseline 0.003 -7"><span class='ocrx_word' id='word_1_5' title='bbox 435 481 614 552; x_wconf 85' lang='lat' dir='ltr'>lium</span> <span class='ocrx_word' id='word_1_6' title='bbox 681 481 1002 554; x_wconf 82' lang='lat' dir='ltr'>crimini!</span> <span class='ocrx_word' id='word_1_7' title='bbox 1079 488 1236 556; x_wconf 85' lang='lat' dir='ltr'>Jam</span> <span class='ocrx_word' id='word_1_8' title='bbox 1299 485 1531 556; x_wconf 90' lang='lat' dir='ltr'>nostis</span> <span class='ocrx_word' id='word_1_9' title='bbox 1600 484 2077 556; x_wconf 82' lang='lat' dir='ltr'>insulsitatem</span> <span class='ocrx_word' id='word_1_10' title='bbox 2136 487 2571 558; x_wconf 70' lang='lat' dir='ltr'>Graecorum.</span> 
     </span>
     <span class='ocr_line' id='line_1_3' title="bbox 441 593 2573 694; baseline 0.004 -34"><span class='ocrx_word' id='word_1_11' title='bbox 441 593 777 666; x_wconf 83' lang='lat' dir='ltr'>Humeris</span> <span class='ocrx_word' id='word_1_12' title='bbox 833 608 1115 690; x_wconf 86' lang='lat' dir='ltr'>gestum</span> <span class='ocrx_word' id='word_1_13' title='bbox 1134 607 1162 640; x_wconf 82' lang='lat'>²</span> <span class='ocrx_word' id='word_1_14' title='bbox 1219 593 1553 694; x_wconf 81' lang='lat' dir='ltr'><strong>agebant.</strong></span> <span class='ocrx_word' id='word_1_15' title='bbox 1632 598 1818 665; x_wconf 89' lang='lat' dir='ltr'>Tum</span> <span class='ocrx_word' id='word_1_16' title='bbox 1882 597 2232 692; x_wconf 89' lang='lat' dir='ltr'>temporis</span> <span class='ocrx_word' id='word_1_17' title='bbox 2249 649 2269 680; x_wconf 91' lang='lat'>,</span> <span class='ocrx_word' id='word_1_18' title='bbox 2320 595 2573 686; x_wconf 87' lang='lat' dir='ltr'>credo,</span> 
     </span>
     <span class='ocr_line' id='line_1_4' title="bbox 437 703 2575 804; baseline 0.002 -32"><span class='ocrx_word' id='word_1_19' title='bbox 437 725 650 774; x_wconf 87' lang='lat' dir='ltr'>causa</span> <span class='ocrx_word' id='word_1_20' title='bbox 684 729 702 774; x_wconf 76' lang='grc' dir='ltr'><strong><em>ε</em></strong></span> <span class='ocrx_word' id='word_1_21' title='bbox 745 727 944 775; x_wconf 85' lang='lat' dir='ltr'>nunc</span> <span class='ocrx_word' id='word_1_22' title='bbox 977 705 1246 778; x_wconf 89' lang='lat' dir='ltr'>scilicet</span> <span class='ocrx_word' id='word_1_23' title='bbox 1291 720 1581 804; x_wconf 88' lang='lat' dir='ltr'>tempus</span> <span class='ocrx_word' id='word_1_24' title='bbox 1619 704 1903 776; x_wconf 88' lang='lat' dir='ltr'>nullum</span> <span class='ocrx_word' id='word_1_25' title='bbox 1952 719 2080 776; x_wconf 90' lang='lat' dir='ltr'>est.</span> <span class='ocrx_word' id='word_1_26' title='bbox 2120 703 2315 776; x_wconf 81' lang='lat' dir='ltr'>Ubi³</span> <span class='ocrx_word' id='word_1_27' title='bbox 2352 705 2575 778; x_wconf 88' lang='lat' dir='ltr'>semel</span> 
     </span>
     <span class='ocr_line' id='line_1_5' title="bbox 437 811 2577 914; baseline 0.003 -32"><span class='ocrx_word' id='word_1_28' title='bbox 437 814 602 909; x_wconf 88' lang='lat' dir='ltr'>quis</span> <span class='ocrx_word' id='word_1_29' title='bbox 637 811 1068 910; x_wconf 82' lang='lat' dir='ltr'>pejeraverit</span> <span class='ocrx_word' id='word_1_30' title='bbox 1087 869 1108 902; x_wconf 90' lang='lat'>‚</span> <span class='ocrx_word' id='word_1_31' title='bbox 1145 817 1214 886; x_wconf 90' lang='lat' dir='ltr'>ei</span> <span class='ocrx_word' id='word_1_32' title='bbox 1263 816 1462 888; x_wconf 87' lang='lat' dir='ltr'>credi</span> <span class='ocrx_word' id='word_1_33' title='bbox 1520 830 1801 914; x_wconf 82' lang='lat' dir='ltr'>postea,</span> <span class='ocrx_word' id='word_1_34' title='bbox 1852 818 2132 887; x_wconf 87' lang='lat' dir='ltr'>etiamsi</span> <span class='ocrx_word' id='word_1_35' title='bbox 2164 839 2297 914; x_wconf 88' lang='lat' dir='ltr'>per</span> <span class='ocrx_word' id='word_1_36' title='bbox 2332 815 2577 914; x_wconf 87' lang='lat' dir='ltr'>plures</span> 
     </span>
     <span class='ocr_line' id='line_1_6' title="bbox 437 921 2575 1024; baseline 0.002 -32"><span class='ocrx_word' id='word_1_37' title='bbox 437 921 614 994; x_wconf 89' lang='lat' dir='ltr'>deos</span> <span class='ocrx_word' id='word_1_38' title='bbox 643 924 876 1016; x_wconf 87' lang='lat' dir='ltr'>juret,</span> <span class='ocrx_word' id='word_1_39' title='bbox 913 949 1065 996; x_wconf 89' lang='lat' dir='ltr'>non</span> <span class='ocrx_word' id='word_1_40' title='bbox 1103 941 1397 1024; x_wconf 87' lang='lat' dir='ltr'><strong>oportet</strong></span> <span class='ocrx_word' id='word_1_41' title='bbox 1431 954 1448 996; x_wconf 73' lang='grc' dir='ltr'><strong>ε</strong></span> <span class='ocrx_word' id='word_1_42' title='bbox 1502 927 1899 1024; x_wconf 84' lang='lat' dir='ltr'>praesertim</span> <span class='ocrx_word' id='word_1_43' title='bbox 1922 979 1941 1012; x_wconf 94' lang='lat'>,</span> <span class='ocrx_word' id='word_1_44' title='bbox 1982 925 2300 1021; x_wconf 85' lang='lat' dir='ltr'>judices,</span> <span class='ocrx_word' id='word_1_45' title='bbox 2344 949 2575 1023; x_wconf 87' lang='lat' dir='ltr'>quum</span> 
     </span>
     <span class='ocr_line' id='line_1_7' title="bbox 435 1031 2577 1134; baseline 0.003 -33"><span class='ocrx_word' id='word_1_46' title='bbox 435 1032 512 1102; x_wconf 86' lang='lat' dir='ltr'>in</span> <span class='ocrx_word' id='word_1_47' title='bbox 551 1031 665 1102; x_wconf 89' lang='lat' dir='ltr'>his</span> <span class='ocrx_word' id='word_1_48' title='bbox 695 1031 1108 1128; x_wconf 79' lang='lat' dir='ltr'>judiciis-ne</span> <span class='ocrx_word' id='word_1_49' title='bbox 1137 1035 1340 1108; x_wconf 88' lang='lat' dir='ltr'>locus</span> <span class='ocrx_word' id='word_1_50' title='bbox 1370 1034 1667 1134; x_wconf 89' lang='lat' dir='ltr'>quidem</span> <span class='ocrx_word' id='word_1_51' title='bbox 1698 1059 1893 1106; x_wconf 89' lang='lat' dir='ltr'>novo</span> <span class='ocrx_word' id='word_1_52' title='bbox 1932 1037 2097 1107; x_wconf 88' lang='lat' dir='ltr'>testi</span> <span class='ocrx_word' id='word_1_53' title='bbox 2126 1034 2354 1108; x_wconf 83' lang='lat' dir='ltr'><strong>soleat</strong></span> <span class='ocrx_word' id='word_1_54' title='bbox 2380 1059 2577 1124; x_wconf 81' lang='lat' dir='ltr'>esse3</span> 
     </span>
     <span class='ocr_line' id='line_1_8' title="bbox 441 1140 2582 1243; baseline 0.003 -31"><span class='ocrx_word' id='word_1_55' title='bbox 441 1140 544 1212; x_wconf 91' lang='lat' dir='ltr'>ob</span> <span class='ocrx_word' id='word_1_56' title='bbox 571 1165 877 1241; x_wconf 87' lang='lat' dir='ltr'>eamque</span> <span class='ocrx_word' id='word_1_57' title='bbox 905 1169 1192 1218; x_wconf 83' lang='lat' dir='ltr'>causam</span> <span class='ocrx_word' id='word_1_58' title='bbox 1219 1146 1438 1218; x_wconf 89' lang='lat' dir='ltr'>iidem</span> <span class='ocrx_word' id='word_1_59' title='bbox 1460 1144 1741 1241; x_wconf 82' lang='lat' dir='ltr'>judices</span> <span class='ocrx_word' id='word_1_60' title='bbox 1766 1146 2241 1233; x_wconf 82' lang='lat' dir='ltr'>retineantur,</span> <span class='ocrx_word' id='word_1_61' title='bbox 2273 1147 2403 1243; x_wconf 92' lang='lat' dir='ltr'>qui</span> <span class='ocrx_word' id='word_1_62' title='bbox 2426 1145 2582 1218; x_wconf 80' lang='lat' dir='ltr'>fue-</span> 
     </span>
     <span class='ocr_line' id='line_1_9' title="bbox 439 1252 2583 1355; baseline 0.002 -33"><span class='ocrx_word' id='word_1_63' title='bbox 439 1256 590 1322; x_wconf 87' lang='lat' dir='ltr'>rint</span> <span class='ocrx_word' id='word_1_64' title='bbox 619 1252 712 1326; x_wconf 89' lang='lat' dir='ltr'>de</span> <span class='ocrx_word' id='word_1_65' title='bbox 747 1278 873 1327; x_wconf 88' lang='lat' dir='ltr'>reo</span> <span class='ocrx_word' id='word_1_66' title='bbox 890 1256 947 1342; x_wconf 74' lang='lat'>⁴,</span> <span class='ocrx_word' id='word_1_67' title='bbox 983 1269 1068 1328; x_wconf 93' lang='lat' dir='ltr'>ut</span> <span class='ocrx_word' id='word_1_68' title='bbox 1095 1255 1208 1328; x_wconf 82' lang='lat' dir='ltr'>his</span> <span class='ocrx_word' id='word_1_69' title='bbox 1234 1271 1408 1328; x_wconf 87' lang='lat' dir='ltr'>nota</span> <span class='ocrx_word' id='word_1_70' title='bbox 1439 1259 1588 1328; x_wconf 89' lang='lat' dir='ltr'>sint</span> <span class='ocrx_word' id='word_1_71' title='bbox 1618 1258 1898 1347; x_wconf 85' lang='lat' dir='ltr'>omnia,</span> <span class='ocrx_word' id='word_1_72' title='bbox 1931 1281 2175 1355; x_wconf 88' lang='lat' dir='ltr'>neque</span> <span class='ocrx_word' id='word_1_73' title='bbox 2200 1255 2380 1354; x_wconf 91' lang='lat' dir='ltr'>quid</span> <span class='ocrx_word' id='word_1_74' title='bbox 2404 1253 2583 1353; x_wconf 87' lang='lat' dir='ltr'>fingi</span> 
     </span>
     <span class='ocr_line' id='line_1_10' title="bbox 444 1368 904 1466; baseline 0.004 -30"><span class='ocrx_word' id='word_1_75' title='bbox 444 1368 618 1439; x_wconf 85' lang='lat' dir='ltr'>novi</span> <span class='ocrx_word' id='word_1_76' title='bbox 659 1369 904 1466; x_wconf 87' lang='lat' dir='ltr'>possit.</span> 
     </span>
    </p>

    <p class='ocr_par' dir='ltr' id='par_1_3' title="bbox 443 1478 2597 3445">
     <span class='ocr_line' id='line_1_11' title="bbox 539 1478 2581 1567; baseline 0.001 -19"><span class='ocrx_word' id='word_1_77' title='bbox 539 1478 766 1564; x_wconf 83' lang='lat' dir='ltr'>Lites,</span> <span class='ocrx_word' id='word_1_78' title='bbox 837 1503 984 1563; x_wconf 81' lang='lat' dir='ltr'>Quo</span> <span class='ocrx_word' id='word_1_79' title='bbox 1047 1503 1137 1552; x_wconf 72' lang='lat' dir='ltr'>EA</span> <span class='ocrx_word' id='word_1_80' title='bbox 1156 1479 1186 1526; x_wconf 85' lang='lat'>⁵</span> <span class='ocrx_word' id='word_1_81' title='bbox 1251 1505 1556 1556; x_wconf 65' lang='lat' dir='ltr'>pecuum</span> <span class='ocrx_word' id='word_1_82' title='bbox 1640 1505 2079 1554; x_wconf 66' lang='lat' dir='ltr'>mannum-r</span> <span class='ocrx_word' id='word_1_83' title='bbox 2104 1534 2128 1567; x_wconf 93' lang='lat'>,</span> <span class='ocrx_word' id='word_1_84' title='bbox 2209 1503 2361 1550; x_wconf 90' lang='lat' dir='ltr'>non</span> <span class='ocrx_word' id='word_1_85' title='bbox 2434 1482 2581 1551; x_wconf 90' lang='lat' dir='ltr'>suis</span> 
     </span>
     <span class='ocr_line' id='line_1_12' title="bbox 443 1587 2585 1686; baseline 0 -29"><span class='ocrx_word' id='word_1_86' title='bbox 443 1589 758 1686; x_wconf 81' lang='lat' dir='ltr'>propriis</span> <span class='ocrx_word' id='word_1_87' title='bbox 811 1587 1132 1682; x_wconf 84' lang='lat' dir='ltr'>judiciis,</span> <span class='ocrx_word' id='word_1_88' title='bbox 1187 1591 1317 1662; x_wconf 87' lang='lat' dir='ltr'>sed</span> <span class='ocrx_word' id='word_1_89' title='bbox 1377 1593 1454 1662; x_wconf 90' lang='lat' dir='ltr'>in</span> <span class='ocrx_word' id='word_1_90' title='bbox 1523 1615 1731 1664; x_wconf 87' lang='lat' dir='ltr'>reum</span> <span class='ocrx_word' id='word_1_91' title='bbox 1790 1588 2047 1662; x_wconf 82' lang='lat' dir='ltr'>factis⁶</span> <span class='ocrx_word' id='word_1_92' title='bbox 2110 1587 2585 1661; x_wconf 81' lang='lat' dir='ltr'>condemnari</span> 
     </span>
     <span class='ocr_line' id='line_1_13' title="bbox 445 1697 2587 1800; baseline 0 -33"><span class='ocrx_word' id='word_1_93' title='bbox 445 1697 704 1768; x_wconf 86' lang='lat' dir='ltr'>solent.</span> <span class='ocrx_word' id='word_1_94' title='bbox 751 1702 1004 1796; x_wconf 88' lang='lat' dir='ltr'>Itaque</span> <span class='ocrx_word' id='word_1_95' title='bbox 1055 1703 1112 1771; x_wconf 89' lang='lat' dir='ltr'>si</span> <span class='ocrx_word' id='word_1_96' title='bbox 1165 1716 1293 1772; x_wconf 86' lang='lat' dir='ltr'>aut</span> <span class='ocrx_word' id='word_1_97' title='bbox 1344 1697 1618 1800; x_wconf 80' lang='lat' dir='ltr'>praedes</span> <span class='ocrx_word' id='word_1_98' title='bbox 1674 1700 1989 1774; x_wconf 84' lang='lat' dir='ltr'>dedisset</span> <span class='ocrx_word' id='word_1_99' title='bbox 2040 1698 2423 1785; x_wconf 85' lang='lat' dir='ltr'>Gabinius,</span> <span class='ocrx_word' id='word_1_100' title='bbox 2458 1712 2587 1770; x_wconf 86' lang='lat' dir='ltr'>aut</span> 
     </span>
     <span class='ocr_line' id='line_1_14' title="bbox 446 1809 2585 1909; baseline 0.001 -31"><span class='ocrx_word' id='word_1_101' title='bbox 446 1822 732 1878; x_wconf 85' lang='lat' dir='ltr'>tantum</span> <span class='ocrx_word' id='word_1_102' title='bbox 773 1833 862 1880; x_wconf 82' lang='lat' dir='ltr'>ex</span> <span class='ocrx_word' id='word_1_103' title='bbox 895 1810 1054 1906; x_wconf 85' lang='lat' dir='ltr'>ejus</span> <span class='ocrx_word' id='word_1_104' title='bbox 1103 1810 1357 1899; x_wconf 87' lang='lat' dir='ltr'>bonis,</span> <span class='ocrx_word' id='word_1_105' title='bbox 1399 1827 1671 1909; x_wconf 88' lang='lat' dir='ltr'>quanta</span> <span class='ocrx_word' id='word_1_106' title='bbox 1710 1835 1991 1884; x_wconf 84' lang='lat' dir='ltr'>summa</span> <span class='ocrx_word' id='word_1_107' title='bbox 2017 1810 2251 1880; x_wconf 88' lang='lat' dir='ltr'>litium</span> <span class='ocrx_word' id='word_1_108' title='bbox 2296 1809 2585 1896; x_wconf 83' lang='lat' dir='ltr'>fuisset,</span> 
     </span>
     <span class='ocr_line' id='line_1_15' title="bbox 443 1917 2583 2020; baseline 0 -30"><span class='ocrx_word' id='word_1_109' title='bbox 443 1918 762 2017; x_wconf 89' lang='lat' dir='ltr'>populus</span> <span class='ocrx_word' id='word_1_110' title='bbox 793 1922 1208 2020; x_wconf 82' lang='lat' dir='ltr'>recepisset3</span> <span class='ocrx_word' id='word_1_111' title='bbox 1249 1923 1576 2020; x_wconf 86' lang='lat' dir='ltr'>quamvis</span> <span class='ocrx_word' id='word_1_112' title='bbox 1610 1945 1873 2020; x_wconf 87' lang='lat' dir='ltr'>magna</span> <span class='ocrx_word' id='word_1_113' title='bbox 1902 1921 1996 1992; x_wconf 88' lang='lat' dir='ltr'>ad</span> <span class='ocrx_word' id='word_1_114' title='bbox 2028 1924 2453 1991; x_wconf 85' lang='lat' dir='ltr'>Postumum</span> <span class='ocrx_word' id='word_1_115' title='bbox 2486 1917 2583 1990; x_wconf 92' lang='lat' dir='ltr'>ab</span> 
     </span>
     <span class='ocr_line' id='line_1_16' title="bbox 447 2028 2589 2131; baseline -0.001 -31"><span class='ocrx_word' id='word_1_116' title='bbox 447 2053 536 2100; x_wconf 90' lang='lat' dir='ltr'>eo</span> <span class='ocrx_word' id='word_1_117' title='bbox 577 2034 886 2128; x_wconf 86' lang='lat' dir='ltr'>pecunia</span> <span class='ocrx_word' id='word_1_118' title='bbox 936 2033 1416 2131; x_wconf 87' lang='lat' dir='ltr'>pervenisset,</span> <span class='ocrx_word' id='word_1_119' title='bbox 1452 2055 1605 2104; x_wconf 91' lang='lat' dir='ltr'>non</span> <span class='ocrx_word' id='word_1_120' title='bbox 1642 2029 2091 2128; x_wconf 82' lang='lat' dir='ltr'>redigeretur</span> <span class='ocrx_word' id='word_1_121' title='bbox 2120 2055 2135 2098; x_wconf 75' lang='grc' dir='ltr'><strong><em>ε</em></strong></span> <span class='ocrx_word' id='word_1_122' title='bbox 2176 2043 2258 2099; x_wconf 89' lang='lat' dir='ltr'>ut</span> <span class='ocrx_word' id='word_1_123' title='bbox 2287 2028 2589 2125; x_wconf 86' lang='lat' dir='ltr'>intelligi</span> 
     </span>
     <span class='ocr_line' id='line_1_17' title="bbox 449 2136 2585 2239; baseline -0.001 -30"><span class='ocrx_word' id='word_1_124' title='bbox 449 2137 656 2212; x_wconf 83' lang='lat' dir='ltr'>facile</span> <span class='ocrx_word' id='word_1_125' title='bbox 698 2142 952 2239; x_wconf 85' lang='lat' dir='ltr'>possit,</span> <span class='ocrx_word' id='word_1_126' title='bbox 1008 2141 1213 2238; x_wconf 89' lang='lat' dir='ltr'>quod</span> <span class='ocrx_word' id='word_1_127' title='bbox 1265 2168 1354 2214; x_wconf 87' lang='lat' dir='ltr'>ex</span> <span class='ocrx_word' id='word_1_128' title='bbox 1407 2165 1492 2213; x_wconf 87' lang='lat' dir='ltr'>ea</span> <span class='ocrx_word' id='word_1_129' title='bbox 1530 2143 1837 2239; x_wconf 85' lang='lat' dir='ltr'>pecunia</span> <span class='ocrx_word' id='word_1_130' title='bbox 1874 2136 1965 2210; x_wconf 89' lang='lat' dir='ltr'>ad</span> <span class='ocrx_word' id='word_1_131' title='bbox 2018 2161 2239 2235; x_wconf 90' lang='lat' dir='ltr'>quem</span> <span class='ocrx_word' id='word_1_132' title='bbox 2286 2159 2539 2208; x_wconf 87' lang='lat' dir='ltr'>eorum</span> <span class='ocrx_word' id='word_1_133' title='bbox 2562 2191 2585 2224; x_wconf 89' lang='lat'>‚</span> 
     </span>
     <span class='ocr_line' id='line_1_18' title="bbox 450 2244 2587 2351; baseline -0.001 -31"><span class='ocrx_word' id='word_1_134' title='bbox 450 2251 629 2347; x_wconf 86' lang='lat' dir='ltr'>qui7</span> <span class='ocrx_word' id='word_1_135' title='bbox 666 2249 1048 2323; x_wconf 87' lang='lat' dir='ltr'>damnatus</span> <span class='ocrx_word' id='word_1_136' title='bbox 1104 2266 1249 2338; x_wconf 90' lang='lat' dir='ltr'>est,</span> <span class='ocrx_word' id='word_1_137' title='bbox 1305 2254 1713 2351; x_wconf 86' lang='lat' dir='ltr'>pervenisse</span> <span class='ocrx_word' id='word_1_138' title='bbox 1753 2253 1831 2320; x_wconf 92' lang='lat' dir='ltr'>in</span> <span class='ocrx_word' id='word_1_139' title='bbox 1870 2249 1997 2320; x_wconf 89' lang='lat' dir='ltr'>illo</span> <span class='ocrx_word' id='word_1_140' title='bbox 2040 2249 2279 2346; x_wconf 90' lang='lat' dir='ltr'>primo</span> <span class='ocrx_word' id='word_1_141' title='bbox 2310 2244 2587 2342; x_wconf 89' lang='lat' dir='ltr'>judicio</span> 
     </span>
     <span class='ocr_line' id='line_1_19' title="bbox 451 2358 2583 2459; baseline -0.001 -28"><span class='ocrx_word' id='word_1_142' title='bbox 451 2359 754 2457; x_wconf 86' lang='lat' dir='ltr'>planum</span> <span class='ocrx_word' id='word_1_143' title='bbox 784 2359 1050 2434; x_wconf 86' lang='lat' dir='ltr'>factum</span> <span class='ocrx_word' id='word_1_144' title='bbox 1077 2364 1170 2433; x_wconf 88' lang='lat' dir='ltr'>sit</span> <span class='ocrx_word' id='word_1_145' title='bbox 1190 2416 1209 2449; x_wconf 94' lang='lat'>,</span> <span class='ocrx_word' id='word_1_146' title='bbox 1239 2362 1312 2433; x_wconf 92' lang='lat' dir='ltr'>id</span> <span class='ocrx_word' id='word_1_147' title='bbox 1341 2362 1482 2433; x_wconf 85' lang='lat' dir='ltr'>hoc</span> <span class='ocrx_word' id='word_1_148' title='bbox 1509 2386 1773 2459; x_wconf 86' lang='lat' dir='ltr'>genere</span> <span class='ocrx_word' id='word_1_149' title='bbox 1795 2360 2047 2457; x_wconf 86' lang='lat' dir='ltr'>judicii</span> <span class='ocrx_word' id='word_1_150' title='bbox 2070 2358 2297 2456; x_wconf 83' lang='lat' dir='ltr'>redigi</span> <span class='ocrx_word' id='word_1_151' title='bbox 2328 2358 2583 2430; x_wconf 86' lang='lat' dir='ltr'>solere.</span> 
     </span>
     <span class='ocr_line' id='line_1_20' title="bbox 451 2467 2585 2571; baseline -0.002 -28"><span class='ocrx_word' id='word_1_152' title='bbox 451 2474 666 2544; x_wconf 88' lang='lat' dir='ltr'>Nunc</span> <span class='ocrx_word' id='word_1_153' title='bbox 710 2497 882 2569; x_wconf 84' lang='lat' dir='ltr'>vero</span> <span class='ocrx_word' id='word_1_154' title='bbox 925 2471 1106 2571; x_wconf 89' lang='lat' dir='ltr'>quid</span> <span class='ocrx_word' id='word_1_155' title='bbox 1147 2473 1426 2569; x_wconf 78' lang='lat' dir='ltr'>agitur?</span> <span class='ocrx_word' id='word_1_156' title='bbox 1467 2470 1607 2543; x_wconf 80' lang='lat' dir='ltr'>ubi</span> <span class='ocrx_word' id='word_1_157' title='bbox 1661 2486 2019 2543; x_wconf 86' lang='lat' dir='ltr'>terrarum</span> <span class='ocrx_word' id='word_1_158' title='bbox 2074 2470 2370 2541; x_wconf 83' lang='lat' dir='ltr'>sumus?</span> <span class='ocrx_word' id='word_1_159' title='bbox 2404 2467 2585 2565; x_wconf 89' lang='lat' dir='ltr'>quid</span> 
     </span>
     <span class='ocr_line' id='line_1_21' title="bbox 451 2577 2587 2681; baseline -0.002 -30"><span class='ocrx_word' id='word_1_160' title='bbox 451 2594 598 2651; x_wconf 86' lang='lat' dir='ltr'>tam</span> <span class='ocrx_word' id='word_1_161' title='bbox 635 2580 991 2670; x_wconf 76' lang='lat' dir='ltr'>insolenS,</span> <span class='ocrx_word' id='word_1_162' title='bbox 1031 2598 1180 2654; x_wconf 87' lang='lat' dir='ltr'>tam</span> <span class='ocrx_word' id='word_1_163' title='bbox 1231 2604 1659 2681; x_wconf 82' lang='lat' dir='ltr'>perversum</span> <span class='ocrx_word' id='word_1_164' title='bbox 1686 2634 1706 2669; x_wconf 92' lang='lat'>,</span> <span class='ocrx_word' id='word_1_165' title='bbox 1751 2596 2366 2680; x_wconf 82' lang='lat' dir='ltr'>praeposterumve</span> <span class='ocrx_word' id='word_1_166' title='bbox 2406 2577 2587 2664; x_wconf 90' lang='lat' dir='ltr'>dici,</span> 
     </span>
     <span class='ocr_line' id='line_1_22' title="bbox 451 2687 2586 2789; baseline 0 -30"><span class='ocrx_word' id='word_1_167' title='bbox 451 2704 575 2760; x_wconf 88' lang='lat' dir='ltr'>aut</span> <span class='ocrx_word' id='word_1_168' title='bbox 617 2692 1002 2786; x_wconf 85' lang='lat' dir='ltr'>excogitari</span> <span class='ocrx_word' id='word_1_169' title='bbox 1039 2692 1324 2789; x_wconf 80' lang='lat' dir='ltr'>potest?</span> <span class='ocrx_word' id='word_1_170' title='bbox 1356 2694 1751 2763; x_wconf 86' lang='lat' dir='ltr'>Accusatur</span> <span class='ocrx_word' id='word_1_171' title='bbox 1792 2694 1853 2763; x_wconf 88' lang='lat' dir='ltr'>is</span> <span class='ocrx_word' id='word_1_172' title='bbox 1874 2745 1895 2777; x_wconf 92' lang='lat'>,</span> <span class='ocrx_word' id='word_1_173' title='bbox 1928 2694 2057 2787; x_wconf 89' lang='lat' dir='ltr'>qui</span> <span class='ocrx_word' id='word_1_174' title='bbox 2100 2714 2257 2761; x_wconf 91' lang='lat' dir='ltr'>non</span> <span class='ocrx_word' id='word_1_175' title='bbox 2286 2687 2586 2761; x_wconf 88' lang='lat' dir='ltr'>abstulit</span> 
     </span>
     <span class='ocr_line' id='line_1_23' title="bbox 450 2804 2587 2903; baseline 0 -29"><span class='ocrx_word' id='word_1_176' title='bbox 450 2828 494 2874; x_wconf 88' lang='lat' dir='ltr'>a</span> <span class='ocrx_word' id='word_1_177' title='bbox 521 2828 690 2903; x_wconf 88' lang='lat' dir='ltr'>rege</span> <span class='ocrx_word' id='word_1_178' title='bbox 709 2858 729 2893; x_wconf 92' lang='lat'>,</span> <span class='ocrx_word' id='word_1_179' title='bbox 753 2806 940 2875; x_wconf 88' lang='lat' dir='ltr'>sicut</span> <span class='ocrx_word' id='word_1_180' title='bbox 970 2804 1323 2877; x_wconf 87' lang='lat' dir='ltr'>Gabinius</span> <span class='ocrx_word' id='word_1_181' title='bbox 1342 2805 1708 2902; x_wconf 86' lang='lat' dir='ltr'>judicatus</span> <span class='ocrx_word' id='word_1_182' title='bbox 1732 2820 1872 2893; x_wconf 88' lang='lat' dir='ltr'>est;</span> <span class='ocrx_word' id='word_1_183' title='bbox 1900 2804 2026 2877; x_wconf 92' lang='lat' dir='ltr'>sed</span> <span class='ocrx_word' id='word_1_184' title='bbox 2052 2808 2182 2903; x_wconf 93' lang='lat' dir='ltr'>qui</span> <span class='ocrx_word' id='word_1_185' title='bbox 2204 2804 2587 2876; x_wconf 83' lang='lat' dir='ltr'>maximam</span> 
     </span>
     <span class='ocr_line' id='line_1_24' title="bbox 454 2908 2590 3014; baseline 0 -31"><span class='ocrx_word' id='word_1_186' title='bbox 454 2916 606 3011; x_wconf 84' lang='lat' dir='ltr'>regi</span> <span class='ocrx_word' id='word_1_187' title='bbox 643 2916 1029 3014; x_wconf 84' lang='lat' dir='ltr'>pecuniam</span> <span class='ocrx_word' id='word_1_188' title='bbox 1067 2916 1394 2995; x_wconf 87' lang='lat' dir='ltr'>credidit.</span> <span class='ocrx_word' id='word_1_189' title='bbox 1442 2919 1633 3014; x_wconf 91' lang='lat' dir='ltr'>Ergo</span> <span class='ocrx_word' id='word_1_190' title='bbox 1670 2908 1775 2987; x_wconf 83' lang='lat' dir='ltr'>is8</span> <span class='ocrx_word' id='word_1_191' title='bbox 1819 2914 2133 2987; x_wconf 89' lang='lat' dir='ltr'>Gabinio</span> <span class='ocrx_word' id='word_1_192' title='bbox 2174 2912 2406 3001; x_wconf 85' lang='lat' dir='ltr'>dedit,</span> <span class='ocrx_word' id='word_1_193' title='bbox 2460 2918 2590 3011; x_wconf 90' lang='lat' dir='ltr'>qui</span> 
     </span>
     <span class='ocr_line' id='line_1_25' title="bbox 455 3022 2591 3124; baseline -0.001 -30"><span class='ocrx_word' id='word_1_194' title='bbox 455 3050 608 3097; x_wconf 89' lang='lat' dir='ltr'>non</span> <span class='ocrx_word' id='word_1_195' title='bbox 635 3024 807 3097; x_wconf 89' lang='lat' dir='ltr'>huic</span> <span class='ocrx_word' id='word_1_196' title='bbox 849 3026 1181 3102; x_wconf 86' lang='lat' dir='ltr'>reddidit.</span> <span class='ocrx_word' id='word_1_197' title='bbox 1220 3032 1376 3101; x_wconf 86' lang='lat' dir='ltr'>Jam</span> <span class='ocrx_word' id='word_1_198' title='bbox 1415 3026 1634 3116; x_wconf 90' lang='lat' dir='ltr'>cedo,</span> <span class='ocrx_word' id='word_1_199' title='bbox 1666 3050 1897 3124; x_wconf 89' lang='lat' dir='ltr'>quum</span> <span class='ocrx_word' id='word_1_200' title='bbox 1933 3026 2026 3110; x_wconf 75' lang='lat' dir='ltr'>is,</span> <span class='ocrx_word' id='word_1_201' title='bbox 2052 3028 2181 3121; x_wconf 91' lang='lat' dir='ltr'>qui</span> <span class='ocrx_word' id='word_1_202' title='bbox 2209 3022 2591 3123; x_wconf 85' lang='lat' dir='ltr'>pecuniam</span> 
     </span>
     <span class='ocr_line' id='line_1_26' title="bbox 454 3133 2597 3227; baseline -0.002 -21"><span class='ocrx_word' id='word_1_203' title='bbox 454 3138 804 3208; x_wconf 88' lang='lat' dir='ltr'>Postumo</span> <span class='ocrx_word' id='word_1_204' title='bbox 838 3135 1093 3209; x_wconf 85' lang='lat' dir='ltr'>debuit</span> <span class='ocrx_word' id='word_1_205' title='bbox 1109 3192 1128 3227; x_wconf 91' lang='lat'>,</span> <span class='ocrx_word' id='word_1_206' title='bbox 1153 3162 1304 3209; x_wconf 90' lang='lat' dir='ltr'>non</span> <span class='ocrx_word' id='word_1_207' title='bbox 1329 3138 1504 3217; x_wconf 89' lang='lat' dir='ltr'>huic</span> <span class='ocrx_word' id='word_1_208' title='bbox 1526 3192 1545 3226; x_wconf 90' lang='lat'>,</span> <span class='ocrx_word' id='word_1_209' title='bbox 1574 3136 1701 3207; x_wconf 91' lang='lat' dir='ltr'>sed</span> <span class='ocrx_word' id='word_1_210' title='bbox 1724 3134 2034 3206; x_wconf 86' lang='lat' dir='ltr'>Gabinio</span> <span class='ocrx_word' id='word_1_211' title='bbox 2064 3133 2347 3206; x_wconf 88' lang='lat' dir='ltr'>dederit</span> <span class='ocrx_word' id='word_1_212' title='bbox 2378 3160 2391 3202; x_wconf 90' lang='lat'>:</span> <span class='ocrx_word' id='word_1_213' title='bbox 2421 3158 2597 3206; x_wconf 89' lang='lat' dir='ltr'>con-</span> 
     </span>
     <span class='ocr_line' id='line_1_27' title="bbox 453 3240 2592 3346; baseline -0.001 -31"><span class='ocrx_word' id='word_1_214' title='bbox 453 3246 799 3319; x_wconf 86' lang='lat' dir='ltr'>demnato</span> <span class='ocrx_word' id='word_1_215' title='bbox 843 3247 1197 3337; x_wconf 86' lang='lat' dir='ltr'>Gabinio,</span> <span class='ocrx_word' id='word_1_216' title='bbox 1235 3262 1482 3319; x_wconf 86' lang='lat' dir='ltr'>utrum</span> <span class='ocrx_word' id='word_1_217' title='bbox 1527 3246 1677 3316; x_wconf 71' lang='lat' dir='ltr'>illio</span> <span class='ocrx_word' id='word_1_218' title='bbox 1719 3269 1877 3317; x_wconf 85' lang='lat' dir='ltr'>eam</span> <span class='ocrx_word' id='word_1_219' title='bbox 1914 3244 2300 3346; x_wconf 84' lang='lat' dir='ltr'>pecuniam</span> <span class='ocrx_word' id='word_1_220' title='bbox 2352 3240 2592 3317; x_wconf 88' lang='lat' dir='ltr'>reddi-</span> 
     </span>
     <span class='ocr_line' id='line_1_28' title="bbox 457 3356 1505 3445; baseline 0.002 -18"><span class='ocrx_word' id='word_1_221' title='bbox 457 3356 595 3445; x_wconf 87' lang='lat' dir='ltr'>dit,</span> <span class='ocrx_word' id='word_1_222' title='bbox 627 3382 722 3429; x_wconf 87' lang='lat' dir='ltr'>an</span> <span class='ocrx_word' id='word_1_223' title='bbox 757 3360 975 3431; x_wconf 87' lang='lat' dir='ltr'>etiam</span> <span class='ocrx_word' id='word_1_224' title='bbox 1007 3384 1206 3431; x_wconf 89' lang='lat' dir='ltr'>nunc</span> <span class='ocrx_word' id='word_1_225' title='bbox 1245 3356 1505 3429; x_wconf 84' lang='lat' dir='ltr'>debet?</span> 
     </span>
    </p>
   </div>
   <div class='ocr_carea' id='block_1_3' title="bbox 447 3564 2595 3874">
    <p class='ocr_par' dir='ltr' id='par_1_4' title="bbox 521 3564 2592 3634">
     <span class='ocr_line' id='line_1_29' title="bbox 521 3564 2592 3634; baseline -0.002 -18"><span class='ocrx_word' id='word_1_226' title='bbox 521 3584 572 3617; x_wconf 74' lang='lat' dir='ltr'>a.</span> <span class='ocrx_word' id='word_1_227' title='bbox 599 3567 818 3617; x_wconf 76' lang='lat' dir='ltr'>Humen&#39;s</span> <span class='ocrx_word' id='word_1_228' title='bbox 829 3580 1040 3634; x_wconf 70' lang='lat' dir='ltr'>gestum.</span> <span class='ocrx_word' id='word_1_229' title='bbox 1061 3567 1257 3617; x_wconf 81' lang='lat' dir='ltr'>Scilicet</span> <span class='ocrx_word' id='word_1_230' title='bbox 1273 3564 1476 3615; x_wconf 65' lang='lat' dir='ltr'>ablatis</span> <span class='ocrx_word' id='word_1_231' title='bbox 1562 3564 1677 3613; x_wconf 76' lang='lat' dir='ltr'>aud.</span> <span class='ocrx_word' id='word_1_232' title='bbox 1698 3564 1898 3627; x_wconf 76' lang='lat' dir='ltr'>indiciis</span> <span class='ocrx_word' id='word_1_233' title='bbox 1932 3564 1985 3612; x_wconf 80' lang='lat' dir='ltr'>in</span> <span class='ocrx_word' id='word_1_234' title='bbox 2014 3580 2151 3613; x_wconf 68' lang='lat' dir='ltr'>mum</span> <span class='ocrx_word' id='word_1_235' title='bbox 2186 3564 2327 3612; x_wconf 75' lang='lat' dir='ltr'>sectis</span> <span class='ocrx_word' id='word_1_236' title='bbox 2360 3564 2592 3628; x_wconf 72' lang='lat' dir='ltr'>priooem.</span> 
     </span>
    </p>

    <p class='ocr_par' dir='ltr' id='par_1_5' title="bbox 447 3640 2595 3874">
     <span class='ocr_line' id='line_1_30' title="bbox 447 3640 2595 3711; baseline -0.003 -15"><span class='ocrx_word' id='word_1_237' title='bbox 447 3659 496 3697; x_wconf 86' lang='lat' dir='ltr'>et</span> <span class='ocrx_word' id='word_1_238' title='bbox 514 3648 713 3708; x_wconf 75' lang='lat' dir='ltr'>erectis,</span> <span class='ocrx_word' id='word_1_239' title='bbox 733 3658 788 3696; x_wconf 83' lang='lat' dir='ltr'>ut</span> <span class='ocrx_word' id='word_1_240' title='bbox 805 3664 914 3698; x_wconf 73' lang='lat' dir='ltr'>mos</span> <span class='ocrx_word' id='word_1_241' title='bbox 929 3648 1064 3711; x_wconf 75' lang='lat' dir='ltr'>vulgi</span> <span class='ocrx_word' id='word_1_242' title='bbox 1081 3656 1156 3694; x_wconf 74' lang='lat' dir='ltr'>eet</span> <span class='ocrx_word' id='word_1_243' title='bbox 1173 3645 1418 3694; x_wconf 65' lang='lat' dir='ltr'>uocantis.</span> <span class='ocrx_word' id='word_1_244' title='bbox 1634 3662 1683 3706; x_wconf 80' lang='lat'>7.</span> <span class='ocrx_word' id='word_1_245' title='bbox 1719 3646 1902 3692; x_wconf 73' lang='lat' dir='ltr'>Eorum</span> <span class='ocrx_word' id='word_1_246' title='bbox 1911 3678 1929 3701; x_wconf 88' lang='lat'>,</span> <span class='ocrx_word' id='word_1_247' title='bbox 1960 3643 2067 3707; x_wconf 76' lang='lat' dir='ltr'>qui·</span> <span class='ocrx_word' id='word_1_248' title='bbox 2104 3642 2191 3693; x_wconf 75' lang='lat' dir='ltr'>Al.</span> <span class='ocrx_word' id='word_1_249' title='bbox 2226 3640 2455 3691; x_wconf 65' lang='lat' dir='ltr'>comitum</span> <span class='ocrx_word' id='word_1_250' title='bbox 2487 3640 2595 3707; x_wconf 71' lang='lat' dir='ltr'>ejus</span> 
     </span>
     <span class='ocr_line' id='line_1_31' title="bbox 519 3721 2593 3789; baseline -0.003 -14"><span class='ocrx_word' id='word_1_251' title='bbox 519 3729 568 3775; x_wconf 79' lang='lat'>3.</span> <span class='ocrx_word' id='word_1_252' title='bbox 601 3726 692 3776; x_wconf 78' lang='lat' dir='ltr'>vbi</span> <span class='ocrx_word' id='word_1_253' title='bbox 706 3728 868 3777; x_wconf 76' lang='lat' dir='ltr'>semel.</span> <span class='ocrx_word' id='word_1_254' title='bbox 895 3730 1115 3777; x_wconf 77' lang='lat' dir='ltr'>nottom.</span> <span class='ocrx_word' id='word_1_255' title='bbox 1139 3736 1196 3773; x_wconf 82' lang='lat' dir='ltr'>ae</span> <span class='ocrx_word' id='word_1_256' title='bbox 1211 3723 1295 3771; x_wconf 78' lang='lat' dir='ltr'>ubi</span> <span class='ocrx_word' id='word_1_257' title='bbox 1305 3724 1467 3773; x_wconf 78' lang='lat' dir='ltr'>semel.</span> <span class='ocrx_word' id='word_1_258' title='bbox 1561 3721 1677 3789; x_wconf 47' lang='lat' dir='ltr'>qun}</span> <span class='ocrx_word' id='word_1_259' title='bbox 1698 3723 1762 3772; x_wconf 68' lang='lat' dir='ltr'>el.</span> <span class='ocrx_word' id='word_1_260' title='bbox 1780 3722 2019 3771; x_wconf 71' lang='lat' dir='ltr'>sociorum</span> <span class='ocrx_word' id='word_1_261' title='bbox 2036 3722 2170 3789; x_wconf 75' lang='lat' dir='ltr'>ejm5</span> <span class='ocrx_word' id='word_1_262' title='bbox 2190 3721 2251 3772; x_wconf 76' lang='lat' dir='ltr'>nl.</span> <span class='ocrx_word' id='word_1_263' title='bbox 2270 3722 2427 3772; x_wconf 59' lang='lat' dir='ltr'>aliter·</span> <span class='ocrx_word' id='word_1_264' title='bbox 2448 3724 2593 3770; x_wconf 77' lang='lat' dir='ltr'>Forte</span> 
     </span>
     <span class='ocr_line' id='line_1_32' title="bbox 518 3800 1961 3874; baseline -0.003 -19"><span class='ocrx_word' id='word_1_265' title='bbox 518 3816 565 3865; x_wconf 77' lang='grc'>4.</span> <span class='ocrx_word' id='word_1_266' title='bbox 613 3807 712 3873; x_wconf 82' lang='lat' dir='ltr'>Qui</span> <span class='ocrx_word' id='word_1_267' title='bbox 727 3804 924 3874; x_wconf 73' lang='lat' dir='ltr'>fuerim</span> <span class='ocrx_word' id='word_1_268' title='bbox 956 3804 1020 3853; x_wconf 76' lang='lat' dir='ltr'>de</span> <span class='ocrx_word' id='word_1_269' title='bbox 1054 3818 1155 3853; x_wconf 75' lang='lat' dir='ltr'>reo.</span> <span class='ocrx_word' id='word_1_270' title='bbox 1189 3804 1342 3863; x_wconf 74' lang='lat' dir='ltr'>MSS,</span> <span class='ocrx_word' id='word_1_271' title='bbox 1386 3803 1473 3867; x_wconf 77' lang='lat' dir='ltr'>qui</span> <span class='ocrx_word' id='word_1_272' title='bbox 1556 3802 1628 3853; x_wconf 79' lang='lat' dir='ltr'>nil</span> <span class='ocrx_word' id='word_1_273' title='bbox 1654 3800 1961 3851; x_wconf 71' lang='lat' dir='ltr'>mutandum.</span> 
     </span>
    </p>
   </div>
   <div class='ocr_carea' id='block_1_4' title="bbox 442 3878 2590 4109">
    <p class='ocr_par' dir='ltr' id='par_1_6' title="bbox 442 3878 2590 4109">
     <span class='ocr_line' id='line_1_33' title="bbox 442 3878 2590 3946; baseline -0.004 -11"><span class='ocrx_word' id='word_1_274' title='bbox 442 3884 655 3935; x_wconf 70' lang='lat' dir='ltr'>sederim</span> <span class='ocrx_word' id='word_1_275' title='bbox 671 3886 736 3933; x_wconf 83' lang='lat' dir='ltr'>de</span> <span class='ocrx_word' id='word_1_276' title='bbox 751 3901 850 3935; x_wconf 76' lang='lat' dir='ltr'>no.</span> <span class='ocrx_word' id='word_1_277' title='bbox 1630 3882 1678 3931; x_wconf 77' lang='lat'>8.</span> <span class='ocrx_word' id='word_1_278' title='bbox 1700 3883 1836 3946; x_wconf 72' lang='lat' dir='ltr'>Ergo</span> <span class='ocrx_word' id='word_1_279' title='bbox 1852 3880 1910 3930; x_wconf 73' lang='lat' dir='ltr'>is.</span> <span class='ocrx_word' id='word_1_280' title='bbox 1932 3880 2048 3930; x_wconf 84' lang='lat' dir='ltr'>Seil.</span> <span class='ocrx_word' id='word_1_281' title='bbox 2067 3878 2371 3938; x_wconf 68' lang='lat' dir='ltr'>Ptolemae,</span> <span class='ocrx_word' id='word_1_282' title='bbox 2386 3879 2590 3944; x_wconf 82' lang='lat' dir='ltr'>quinon</span> 
     </span>
     <span class='ocr_line' id='line_1_34' title="bbox 517 3958 2234 4029; baseline -0.003 -16"><span class='ocrx_word' id='word_1_283' title='bbox 517 3965 566 4013; x_wconf 82' lang='lat'>5.</span> <span class='ocrx_word' id='word_1_284' title='bbox 607 3964 731 4013; x_wconf 74' lang='lat' dir='ltr'>Lites</span> <span class='ocrx_word' id='word_1_285' title='bbox 751 3997 768 4024; x_wconf 86' lang='lat'>,</span> <span class='ocrx_word' id='word_1_286' title='bbox 797 3980 894 4029; x_wconf 83' lang='lat' dir='ltr'>quo</span> <span class='ocrx_word' id='word_1_287' title='bbox 923 3978 1003 4012; x_wconf 76' lang='lat' dir='ltr'>ea.</span> <span class='ocrx_word' id='word_1_288' title='bbox 1028 3962 1184 4020; x_wconf 76' lang='lat' dir='ltr'>MSS,</span> <span class='ocrx_word' id='word_1_289' title='bbox 1213 3962 1318 4010; x_wconf 74' lang='lat' dir='ltr'>lites</span> <span class='ocrx_word' id='word_1_290' title='bbox 1341 3959 1467 4009; x_wconf 74' lang='lat' dir='ltr'>enim</span> <span class='ocrx_word' id='word_1_291' title='bbox 1555 3960 1767 4009; x_wconf 82' lang='lat' dir='ltr'>reddidit</span> <span class='ocrx_word' id='word_1_292' title='bbox 1785 3964 2049 4023; x_wconf 71' lang='lat' dir='ltr'>Postumo,</span> <span class='ocrx_word' id='word_1_293' title='bbox 2077 3958 2234 4008; x_wconf 85' lang='lat' dir='ltr'>dedit.</span> 
     </span>
     <span class='ocr_line' id='line_1_35' title="bbox 446 4036 2585 4109; baseline -0.004 -16"><span class='ocrx_word' id='word_1_294' title='bbox 446 4062 542 4109; x_wconf 75' lang='lat' dir='ltr'>qno</span> <span class='ocrx_word' id='word_1_295' title='bbox 564 4060 642 4095; x_wconf 83' lang='lat' dir='ltr'>ea.</span> <span class='ocrx_word' id='word_1_296' title='bbox 1626 4055 1676 4102; x_wconf 87' lang='lat'>9.</span> <span class='ocrx_word' id='word_1_297' title='bbox 1720 4042 1887 4089; x_wconf 75' lang='lat' dir='ltr'>venem</span> <span class='ocrx_word' id='word_1_298' title='bbox 1922 4039 2013 4089; x_wconf 74' lang='lat' dir='ltr'><em>illi.</em></span> <span class='ocrx_word' id='word_1_299' title='bbox 2060 4042 2313 4089; x_wconf 69' lang='lat' dir='ltr'>Postumo.</span> <span class='ocrx_word' id='word_1_300' title='bbox 2346 4036 2585 4087; x_wconf 68' lang='lat' dir='ltr'>Mutilum</span> 
     </span>
    </p>
   </div>
   <div class='ocr_carea' id='block_1_5' title="bbox 518 4119 2037 4185">
    <p class='ocr_par' dir='ltr' id='par_1_7' title="bbox 518 4119 2037 4185">
     <span class='ocr_line' id='line_1_36' title="bbox 518 4119 2037 4185; baseline 0 -16"><span class='ocrx_word' id='word_1_301' title='bbox 518 4124 568 4171; x_wconf 88' lang='grc'>6.</span> <span class='ocrx_word' id='word_1_302' title='bbox 589 4125 650 4170; x_wconf 82' lang='lat' dir='ltr'>ln</span> <span class='ocrx_word' id='word_1_303' title='bbox 672 4138 802 4171; x_wconf 67' lang='lat' dir='ltr'>neem</span> <span class='ocrx_word' id='word_1_304' title='bbox 811 4119 974 4185; x_wconf 76' lang='lat' dir='ltr'>saccis</span> <span class='ocrx_word' id='word_1_305' title='bbox 993 4120 1326 4171; x_wconf 76' lang='lat' dir='ltr'>condemnari.</span> <span class='ocrx_word' id='word_1_306' title='bbox 1345 4121 1468 4171; x_wconf 80' lang='lat' dir='ltr'>Sub·</span> <span class='ocrx_word' id='word_1_307' title='bbox 1554 4130 1727 4185; x_wconf 74' lang='lat' dir='ltr'>putant</span> <span class='ocrx_word' id='word_1_308' title='bbox 1752 4119 1847 4168; x_wconf 86' lang='lat' dir='ltr'>boc</span> <span class='ocrx_word' id='word_1_309' title='bbox 1872 4130 2037 4184; x_wconf 75' lang='lat' dir='ltr'>eaput.</span> 
     </span>
    </p>
   </div>
  </div>
 </body>
</html>
