<?xml version="1.0" encoding="UTF-8"?>
<!DOCTYPE html PUBLIC "-//W3C//DTD XHTML 1.0 Transitional//EN"
    "http://www.w3.org/TR/xhtml1/DTD/xhtml1-transitional.dtd">
<html xmlns="http://www.w3.org/1999/xhtml" xml:lang="en" lang="en">
 <head>
  <title>
</title>
<meta http-equiv="Content-Type" content="text/html;charset=utf-8" />
  <meta name='ocr-system' content='tesseract 3.04.00' />
  <meta name='ocr-capabilities' content='ocr_page ocr_carea ocr_par ocr_line ocrx_word'/>
</head>
<body>
  <div class='ocr_page' id='page_1' title='image "./mtciceronisquae08lemagoog/mtciceronisquae08lemagoog_0272.png"; bbox 0 0 2996 4694; ppageno 0'>
   <div class='ocr_carea' id='block_1_1' title="bbox 479 358 1975 445">
    <p class='ocr_par' dir='ltr' id='par_1_1' title="bbox 479 358 1975 445">
     <span class='ocr_line' id='line_1_1' title="bbox 479 358 1975 445; baseline -0.003 -14"><span class='ocrx_word' id='word_1_1' title='bbox 479 360 618 445; x_wconf 75' lang='lat'>264</span> <span class='ocrx_word' id='word_1_2' title='bbox 1119 362 1216 429; x_wconf 90' lang='lat' dir='ltr'>M.</span> <span class='ocrx_word' id='word_1_3' title='bbox 1267 360 1345 427; x_wconf 92' lang='lat' dir='ltr'>T.</span> <span class='ocrx_word' id='word_1_4' title='bbox 1399 358 1975 427; x_wconf 89' lang='lat' dir='ltr'>CICERONIS</span> 
     </span>
    </p>
   </div>
   <div class='ocr_carea' id='block_1_2' title="bbox 475 476 2691 2007">
    <p class='ocr_par' dir='ltr' id='par_1_2' title="bbox 475 476 2691 2007">
     <span class='ocr_line' id='line_1_2' title="bbox 475 476 2603 576; baseline -0.002 -23"><span class='ocrx_word' id='word_1_5' title='bbox 475 484 748 553; x_wconf 87' lang='lat' dir='ltr'>nissent</span> <span class='ocrx_word' id='word_1_6' title='bbox 785 508 800 549; x_wconf 77' lang='grc' dir='ltr'><strong>ε</strong></span> <span class='ocrx_word' id='word_1_7' title='bbox 853 502 1002 575; x_wconf 92' lang='lat' dir='ltr'>quo</span> <span class='ocrx_word' id='word_1_8' title='bbox 1051 492 1376 576; x_wconf 85' lang='lat' dir='ltr'>tempore</span> <span class='ocrx_word' id='word_1_9' title='bbox 1425 478 1482 548; x_wconf 87' lang='lat' dir='ltr'>si</span> <span class='ocrx_word' id='word_1_10' title='bbox 1536 476 1840 549; x_wconf 89' lang='lat' dir='ltr'>liberum</span> <span class='ocrx_word' id='word_1_11' title='bbox 1891 490 2207 549; x_wconf 79' lang='lat' dir='ltr'>vestrum</span> <span class='ocrx_word' id='word_1_12' title='bbox 2250 477 2603 575; x_wconf 86' lang='lat' dir='ltr'>judicium</span> 
     </span>
     <span class='ocr_line' id='line_1_3' title="bbox 479 586 2602 679; baseline -0.002 -16"><span class='ocrx_word' id='word_1_13' title='bbox 479 589 766 679; x_wconf 81' lang='lat' dir='ltr'>fuisset,</span> <span class='ocrx_word' id='word_1_14' title='bbox 792 613 928 660; x_wconf 86' lang='lat' dir='ltr'>nec</span> <span class='ocrx_word' id='word_1_15' title='bbox 963 590 1176 659; x_wconf 86' lang='lat' dir='ltr'>toties</span> <span class='ocrx_word' id='word_1_16' title='bbox 1212 587 1428 659; x_wconf 85' lang='lat' dir='ltr'>dilata</span> <span class='ocrx_word' id='word_1_17' title='bbox 1463 610 1617 673; x_wconf 75' lang='lat' dir='ltr'>reS,</span> <span class='ocrx_word' id='word_1_18' title='bbox 1653 611 1789 657; x_wconf 86' lang='lat' dir='ltr'>uec</span> <span class='ocrx_word' id='word_1_19' title='bbox 1826 586 1913 657; x_wconf 86' lang='lat' dir='ltr'>ad</span> <span class='ocrx_word' id='word_1_20' title='bbox 1944 603 2343 659; x_wconf 85' lang='lat' dir='ltr'>extremum</span> <span class='ocrx_word' id='word_1_21' title='bbox 2380 614 2421 661; x_wconf 90' lang='lat' dir='ltr'>e</span> <span class='ocrx_word' id='word_1_22' title='bbox 2448 614 2602 659; x_wconf 86' lang='lat' dir='ltr'>ma-</span> 
     </span>
     <span class='ocr_line' id='line_1_4' title="bbox 479 696 2600 823; baseline -0.001 -51"><span class='ocrx_word' id='word_1_23' title='bbox 479 700 694 773; x_wconf 88' lang='lat' dir='ltr'>nibus</span> <span class='ocrx_word' id='word_1_24' title='bbox 725 714 974 797; x_wconf 89' lang='lat' dir='ltr'>erepta</span> <span class='ocrx_word' id='word_1_25' title='bbox 1011 712 1240 785; x_wconf 81' lang='lat' dir='ltr'>esset3</span> <span class='ocrx_word' id='word_1_26' title='bbox 1277 698 1799 783; x_wconf 77' lang='lat' dir='ltr'>restituissetiS‚</span> <span class='ocrx_word' id='word_1_27' title='bbox 1839 696 1911 767; x_wconf 89' lang='lat' dir='ltr'>id</span> <span class='ocrx_word' id='word_1_28' title='bbox 1944 697 2145 795; x_wconf 92' lang='lat' dir='ltr'>quod</span> <span class='ocrx_word' id='word_1_29' title='bbox 2181 698 2600 823; x_wconf 77' lang='lat' dir='ltr'>cupiebatiS,</span> 
     </span>
     <span class='ocr_line' id='line_1_5' title="bbox 475 809 2599 906; baseline -0 -25"><span class='ocrx_word' id='word_1_30' title='bbox 475 826 782 883; x_wconf 81' lang='lat' dir='ltr'>vestram</span> <span class='ocrx_word' id='word_1_31' title='bbox 826 813 1362 895; x_wconf 85' lang='lat' dir='ltr'>auctoritatem,</span> <span class='ocrx_word' id='word_1_32' title='bbox 1405 809 1527 894; x_wconf 88' lang='lat' dir='ltr'>iis,</span> <span class='ocrx_word' id='word_1_33' title='bbox 1573 830 1701 906; x_wconf 85' lang='lat' dir='ltr'>per</span> <span class='ocrx_word' id='word_1_34' title='bbox 1736 830 1923 903; x_wconf 87' lang='lat' dir='ltr'>quos</span> <span class='ocrx_word' id='word_1_35' title='bbox 1966 824 2119 878; x_wconf 84' lang='lat' dir='ltr'>erat</span> <span class='ocrx_word' id='word_1_36' title='bbox 2150 810 2443 895; x_wconf 84' lang='lat' dir='ltr'>amissa,</span> <span class='ocrx_word' id='word_1_37' title='bbox 2486 834 2599 881; x_wconf 87' lang='lat' dir='ltr'>re-</span> 
     </span>
     <span class='ocr_line' id='line_1_6' title="bbox 475 916 2603 1043; baseline -0.001 -50"><span class='ocrx_word' id='word_1_38' title='bbox 475 922 786 1008; x_wconf 77' lang='lat' dir='ltr'>vocatiS,</span> <span class='ocrx_word' id='word_1_39' title='bbox 826 934 898 991; x_wconf 90' lang='lat' dir='ltr'>et</span> <span class='ocrx_word' id='word_1_40' title='bbox 935 918 1097 990; x_wconf 85' lang='lat' dir='ltr'>his</span> <span class='ocrx_word' id='word_1_41' title='bbox 1079 921 1252 1041; x_wconf 81' lang='lat' dir='ltr'>ipsis</span> <span class='ocrx_word' id='word_1_42' title='bbox 1288 919 1593 1043; x_wconf 85' lang='lat' dir='ltr'>praemiis</span> <span class='ocrx_word' id='word_1_43' title='bbox 1630 920 1931 989; x_wconf 82' lang='lat' dir='ltr'>extortis</span> <span class='ocrx_word' id='word_1_44' title='bbox 1946 916 2002 1007; x_wconf 74' lang='lat'>⁴,</span> <span class='ocrx_word' id='word_1_45' title='bbox 2034 942 2193 1015; x_wconf 86' lang='lat' dir='ltr'>quae</span> <span class='ocrx_word' id='word_1_46' title='bbox 2228 934 2431 991; x_wconf 86' lang='lat' dir='ltr'>erant</span> <span class='ocrx_word' id='word_1_47' title='bbox 2468 944 2603 1023; x_wconf 85' lang='lat' dir='ltr'>pro</span> 
     </span>
     <span class='ocr_line' id='line_1_7' title="bbox 478 1012 2603 1129; baseline -0.003 -24"><span class='ocrx_word' id='word_1_48' title='bbox 478 1032 747 1105; x_wconf 87' lang='lat' dir='ltr'>scelere</span> <span class='ocrx_word' id='word_1_49' title='bbox 807 1045 1026 1127; x_wconf 85' lang='lat' dir='ltr'>atque</span> <span class='ocrx_word' id='word_1_50' title='bbox 1089 1012 1458 1102; x_wconf 83' lang='lat' dir='ltr'>eversione</span> <span class='ocrx_word' id='word_1_51' title='bbox 1518 1028 1766 1129; x_wconf 86' lang='lat' dir='ltr'>patriae</span> <span class='ocrx_word' id='word_1_52' title='bbox 1820 1031 2302 1124; x_wconf 89' lang='lat' dir='ltr'>consequuti:</span> <span class='ocrx_word' id='word_1_53' title='bbox 2362 1053 2506 1124; x_wconf 84' lang='lat' dir='ltr'>qua</span> <span class='ocrx_word' id='word_1_54' title='bbox 2560 1054 2603 1099; x_wconf 91' lang='lat' dir='ltr'>e</span> 
     </span>
     <span class='ocr_line' id='line_1_8' title="bbox 475 1135 2603 1239; baseline -0.001 -27"><span class='ocrx_word' id='word_1_55' title='bbox 475 1137 740 1239; x_wconf 85' lang='lat' dir='ltr'>poena⁵</span> <span class='ocrx_word' id='word_1_56' title='bbox 787 1142 845 1210; x_wconf 96' lang='lat' dir='ltr'>si</span> <span class='ocrx_word' id='word_1_57' title='bbox 884 1153 1041 1211; x_wconf 89' lang='lat' dir='ltr'>tum</span> <span class='ocrx_word' id='word_1_58' title='bbox 1081 1140 1387 1209; x_wconf 86' lang='lat' dir='ltr'>aliorum</span> <span class='ocrx_word' id='word_1_59' title='bbox 1421 1135 1721 1235; x_wconf 86' lang='lat' dir='ltr'>opibus,</span> <span class='ocrx_word' id='word_1_60' title='bbox 1757 1160 1909 1207; x_wconf 89' lang='lat' dir='ltr'>non</span> <span class='ocrx_word' id='word_1_61' title='bbox 1936 1140 2085 1207; x_wconf 89' lang='lat' dir='ltr'>suis</span> <span class='ocrx_word' id='word_1_62' title='bbox 2108 1192 2127 1222; x_wconf 93' lang='lat'>,</span> <span class='ocrx_word' id='word_1_63' title='bbox 2164 1139 2603 1210; x_wconf 81' lang='lat' dir='ltr'>invitissimis</span> 
     </span>
     <span class='ocr_line' id='line_1_9' title="bbox 477 1247 2691 1351; baseline -0.002 -28"><span class='ocrx_word' id='word_1_64' title='bbox 477 1248 727 1351; x_wconf 79' lang='lat' dir='ltr'>vobis,</span> <span class='ocrx_word' id='word_1_65' title='bbox 787 1249 1204 1335; x_wconf 82' lang='lat' dir='ltr'>evolarunt,</span> <span class='ocrx_word' id='word_1_66' title='bbox 1255 1263 1330 1319; x_wconf 87' lang='lat' dir='ltr'>at</span> <span class='ocrx_word' id='word_1_67' title='bbox 1381 1248 1603 1319; x_wconf 74' lang='lat' dir='ltr'>aliam.</span> <span class='ocrx_word' id='word_1_68' title='bbox 1650 1247 1882 1317; x_wconf 86' lang='lat' dir='ltr'>multo</span> <span class='ocrx_word' id='word_1_69' title='bbox 1934 1249 2281 1341; x_wconf 86' lang='lat' dir='ltr'>majorem</span> <span class='ocrx_word' id='word_1_70' title='bbox 2324 1250 2603 1345; x_wconf 84' lang='lat' dir='ltr'>gravio·</span> <span class='ocrx_word' id='word_1_71' title='bbox 2687 1276 2691 1279; x_wconf 57' lang='grc'>’</span> 
     </span>
     <span class='ocr_line' id='line_1_10' title="bbox 475 1355 2607 1458; baseline -0.001 -26"><span class='ocrx_word' id='word_1_72' title='bbox 475 1385 779 1458; x_wconf 88' lang='lat' dir='ltr'>remque</span> <span class='ocrx_word' id='word_1_73' title='bbox 811 1360 1210 1431; x_wconf 88' lang='lat' dir='ltr'>subierunt.</span> <span class='ocrx_word' id='word_1_74' title='bbox 1255 1362 1434 1449; x_wconf 85' lang='lat' dir='ltr'>Quae</span> <span class='ocrx_word' id='word_1_75' title='bbox 1469 1359 1663 1428; x_wconf 90' lang='lat' dir='ltr'>enim</span> <span class='ocrx_word' id='word_1_76' title='bbox 1700 1355 2014 1443; x_wconf 82' lang='lat' dir='ltr'>homini,</span> <span class='ocrx_word' id='word_1_77' title='bbox 2050 1358 2121 1426; x_wconf 86' lang='lat' dir='ltr'>in</span> <span class='ocrx_word' id='word_1_78' title='bbox 2161 1381 2309 1453; x_wconf 92' lang='lat' dir='ltr'>quo</span> <span class='ocrx_word' id='word_1_79' title='bbox 2350 1358 2607 1454; x_wconf 85' lang='lat' dir='ltr'>aliquis</span> 
     </span>
     <span class='ocr_line' id='line_1_11' title="bbox 481 1464 2608 1566; baseline -0.002 -25"><span class='ocrx_word' id='word_1_80' title='bbox 481 1475 542 1542; x_wconf 90' lang='lat' dir='ltr'>si</span> <span class='ocrx_word' id='word_1_81' title='bbox 591 1495 742 1541; x_wconf 88' lang='lat' dir='ltr'>non</span> <span class='ocrx_word' id='word_1_82' title='bbox 799 1468 1004 1540; x_wconf 85' lang='lat' dir='ltr'>famae</span> <span class='ocrx_word' id='word_1_83' title='bbox 1055 1468 1329 1566; x_wconf 89' lang='lat' dir='ltr'>pudor,</span> <span class='ocrx_word' id='word_1_84' title='bbox 1371 1480 1443 1537; x_wconf 88' lang='lat' dir='ltr'>at</span> <span class='ocrx_word' id='word_1_85' title='bbox 1483 1464 1820 1562; x_wconf 88' lang='lat' dir='ltr'>supplicii</span> <span class='ocrx_word' id='word_1_86' title='bbox 1862 1467 2079 1537; x_wconf 89' lang='lat' dir='ltr'>timor</span> <span class='ocrx_word' id='word_1_87' title='bbox 2124 1481 2271 1552; x_wconf 88' lang='lat' dir='ltr'>est,</span> <span class='ocrx_word' id='word_1_88' title='bbox 2324 1470 2608 1564; x_wconf 84' lang='lat' dir='ltr'>gravior</span> 
     </span>
     <span class='ocr_line' id='line_1_12' title="bbox 480 1576 2609 1679; baseline -0.002 -27"><span class='ocrx_word' id='word_1_89' title='bbox 480 1604 698 1679; x_wconf 82' lang='lat' dir='ltr'>poena</span> <span class='ocrx_word' id='word_1_90' title='bbox 739 1579 1062 1651; x_wconf 86' lang='lat' dir='ltr'>accidere</span> <span class='ocrx_word' id='word_1_91' title='bbox 1111 1579 1388 1677; x_wconf 90' lang='lat' dir='ltr'>potuit,</span> <span class='ocrx_word' id='word_1_92' title='bbox 1441 1598 1662 1673; x_wconf 88' lang='lat' dir='ltr'>quam</span> <span class='ocrx_word' id='word_1_93' title='bbox 1722 1600 1875 1647; x_wconf 89' lang='lat' dir='ltr'>non</span> <span class='ocrx_word' id='word_1_94' title='bbox 1929 1576 2125 1649; x_wconf 89' lang='lat' dir='ltr'>credi</span> <span class='ocrx_word' id='word_1_95' title='bbox 2186 1579 2409 1649; x_wconf 89' lang='lat' dir='ltr'>literis</span> <span class='ocrx_word' id='word_1_96' title='bbox 2461 1576 2609 1661; x_wconf 84' lang='lat' dir='ltr'>his,</span> 
     </span>
     <span class='ocr_line' id='line_1_13' title="bbox 483 1684 2610 1787; baseline -0.002 -26"><span class='ocrx_word' id='word_1_97' title='bbox 483 1716 642 1787; x_wconf 80' lang='lat' dir='ltr'>quae</span> <span class='ocrx_word' id='word_1_98' title='bbox 683 1714 839 1762; x_wconf 89' lang='lat' dir='ltr'>rem</span> <span class='ocrx_word' id='word_1_99' title='bbox 879 1688 1068 1761; x_wconf 89' lang='lat' dir='ltr'>bene</span> <span class='ocrx_word' id='word_1_100' title='bbox 1104 1704 1372 1787; x_wconf 84' lang='lat' dir='ltr'>gestam</span> <span class='ocrx_word' id='word_1_101' title='bbox 1415 1690 1492 1757; x_wconf 92' lang='lat' dir='ltr'>in</span> <span class='ocrx_word' id='word_1_102' title='bbox 1532 1684 1729 1756; x_wconf 88' lang='lat' dir='ltr'>bello</span> <span class='ocrx_word' id='word_1_103' title='bbox 1772 1688 2237 1758; x_wconf 82' lang='lat' dir='ltr'>nuntiarent?</span> <span class='ocrx_word' id='word_1_104' title='bbox 2278 1692 2434 1759; x_wconf 89' lang='lat' dir='ltr'>Hoc</span> <span class='ocrx_word' id='word_1_105' title='bbox 2466 1703 2610 1758; x_wconf 86' lang='lat' dir='ltr'>sta-</span> 
     </span>
     <span class='ocr_line' id='line_1_14' title="bbox 481 1766 2611 1896; baseline -0.001 -24"><span class='ocrx_word' id='word_1_106' title='bbox 481 1804 622 1873; x_wconf 89' lang='lat' dir='ltr'>tuit</span> <span class='ocrx_word' id='word_1_107' title='bbox 651 1814 939 1871; x_wconf 86' lang='lat' dir='ltr'>senatus</span> <span class='ocrx_word' id='word_1_108' title='bbox 955 1798 1014 1887; x_wconf 78' lang='lat'>⁶,</span> <span class='ocrx_word' id='word_1_109' title='bbox 1045 1824 1272 1896; x_wconf 90' lang='lat' dir='ltr'>quum</span> <span class='ocrx_word' id='word_1_110' title='bbox 1301 1796 1647 1892; x_wconf 83' lang='lat' dir='ltr'>frequens</span> <span class='ocrx_word' id='word_1_111' title='bbox 1674 1766 2289 1894; x_wconf 84' lang='lat' dir='ltr'>supplicationem</span> <span class='ocrx_word' id='word_1_112' title='bbox 2297 1797 2611 1869; x_wconf 88' lang='lat' dir='ltr'>Gabinio</span> 
     </span>
     <span class='ocr_line' id='line_1_15' title="bbox 483 1905 2613 2007; baseline -0 -28"><span class='ocrx_word' id='word_1_113' title='bbox 483 1908 907 2007; x_wconf 86' lang='lat' dir='ltr'>denegavit:</span> <span class='ocrx_word' id='word_1_114' title='bbox 942 1914 1296 2007; x_wconf 87' lang='lat' dir='ltr'>primum,</span> <span class='ocrx_word' id='word_1_115' title='bbox 1331 1905 1613 1977; x_wconf 89' lang='lat' dir='ltr'>homini</span> <span class='ocrx_word' id='word_1_116' title='bbox 1652 1905 2081 1996; x_wconf 66' lang='lat' dir='ltr'>sceleribus»,</span> <span class='ocrx_word' id='word_1_117' title='bbox 2122 1906 2407 2004; x_wconf 85' lang='lat' dir='ltr'>flagitiis</span> <span class='ocrx_word' id='word_1_118' title='bbox 2447 1932 2613 1979; x_wconf 87' lang='lat' dir='ltr'>con-</span> 
     </span>
    </p>
   </div>
   <div class='ocr_carea' id='block_1_3' title="bbox 397 2059 1506 2127">
    <p class='ocr_par' dir='ltr' id='par_1_3' title="bbox 397 2059 1506 2127">
     <span class='ocr_line' id='line_1_16' title="bbox 397 2059 1506 2127; baseline -0.005 -16"><span class='ocrx_word' id='word_1_119' title='bbox 397 2068 408 2079; x_wconf 65' lang='lat'><em>*</em></span> <span class='ocrx_word' id='word_1_120' title='bbox 486 2062 659 2127; x_wconf 84' lang='lat' dir='ltr'>pronia</span> <span class='ocrx_word' id='word_1_121' title='bbox 679 2095 697 2123; x_wconf 89' lang='lat'>,</span> <span class='ocrx_word' id='word_1_122' title='bbox 730 2060 818 2111; x_wconf 85' lang='lat' dir='ltr'>sed</span> <span class='ocrx_word' id='word_1_123' title='bbox 845 2062 953 2126; x_wconf 80' lang='lat' dir='ltr'>lege</span> <span class='ocrx_word' id='word_1_124' title='bbox 987 2060 1159 2111; x_wconf 84' lang='lat' dir='ltr'>Clodia</span> <span class='ocrx_word' id='word_1_125' title='bbox 1197 2076 1284 2125; x_wconf 85' lang='lat' dir='ltr'>per</span> <span class='ocrx_word' id='word_1_126' title='bbox 1321 2059 1422 2107; x_wconf 79' lang='lat' dir='ltr'>vim</span> <span class='ocrx_word' id='word_1_127' title='bbox 1455 2068 1506 2105; x_wconf 85' lang='lat' dir='ltr'>et</span> 
     </span>
    </p>
   </div>
   <div class='ocr_carea' id='block_1_4' title="bbox 485 2136 1516 4186">
    <p class='ocr_par' dir='ltr' id='par_1_4' title="bbox 487 2136 1515 3458">
     <span class='ocr_line' id='line_1_17' title="bbox 489 2136 1507 2205; baseline -0.005 -15"><span class='ocrx_word' id='word_1_128' title='bbox 489 2141 776 2190; x_wconf 73' lang='lat' dir='ltr'>seditionem</span> <span class='ocrx_word' id='word_1_129' title='bbox 815 2152 1127 2205; x_wconf 72' lang='lat' dir='ltr'>occuparant.</span> <span class='ocrx_word' id='word_1_130' title='bbox 1169 2136 1399 2197; x_wconf 80' lang='lat' dir='ltr'>Senatus,</span> <span class='ocrx_word' id='word_1_131' title='bbox 1448 2148 1507 2186; x_wconf 88' lang='lat' dir='ltr'>ut</span> 
     </span>
     <span class='ocr_line' id='line_1_18' title="bbox 487 2219 1507 2287; baseline -0.006 -17"><span class='ocrx_word' id='word_1_132' title='bbox 487 2222 752 2287; x_wconf 83' lang='lat' dir='ltr'>superioris</span> <span class='ocrx_word' id='word_1_133' title='bbox 777 2222 892 2269; x_wconf 81' lang='lat' dir='ltr'>anni</span> <span class='ocrx_word' id='word_1_134' title='bbox 917 2220 1198 2268; x_wconf 80' lang='lat' dir='ltr'>vulneribus</span> <span class='ocrx_word' id='word_1_135' title='bbox 1219 2219 1507 2275; x_wconf 74' lang='lat' dir='ltr'>mederetur,</span> 
     </span>
     <span class='ocr_line' id='line_1_19' title="bbox 487 2296 1509 2367; baseline -0.007 -17"><span class='ocrx_word' id='word_1_136' title='bbox 487 2300 696 2367; x_wconf 87' lang='lat' dir='ltr'>primum</span> <span class='ocrx_word' id='word_1_137' title='bbox 717 2302 936 2350; x_wconf 82' lang='lat' dir='ltr'>omnium</span> <span class='ocrx_word' id='word_1_138' title='bbox 954 2298 1237 2350; x_wconf 80' lang='lat' dir='ltr'>Ciceronem</span> <span class='ocrx_word' id='word_1_139' title='bbox 1255 2297 1317 2345; x_wconf 87' lang='lat' dir='ltr'>ab</span> <span class='ocrx_word' id='word_1_140' title='bbox 1334 2296 1509 2346; x_wconf 83' lang='lat' dir='ltr'>exsilio</span> 
     </span>
     <span class='ocr_line' id='line_1_20' title="bbox 489 2377 1511 2447; baseline -0.004 -19"><span class='ocrx_word' id='word_1_141' title='bbox 489 2382 767 2440; x_wconf 78' lang='lat' dir='ltr'>revocavit,</span> <span class='ocrx_word' id='word_1_142' title='bbox 795 2379 972 2428; x_wconf 85' lang='lat' dir='ltr'>deiude</span> <span class='ocrx_word' id='word_1_143' title='bbox 997 2377 1282 2447; x_wconf 75' lang='lat' dir='ltr'>deliberavit</span> <span class='ocrx_word' id='word_1_144' title='bbox 1313 2377 1372 2425; x_wconf 87' lang='lat' dir='ltr'>de</span> <span class='ocrx_word' id='word_1_145' title='bbox 1400 2377 1511 2424; x_wconf 88' lang='lat' dir='ltr'>uni-</span> 
     </span>
     <span class='ocr_line' id='line_1_21' title="bbox 491 2455 1511 2524; baseline -0.007 -15"><span class='ocrx_word' id='word_1_146' title='bbox 491 2477 627 2509; x_wconf 77' lang='lat' dir='ltr'>versa</span> <span class='ocrx_word' id='word_1_147' title='bbox 637 2459 902 2524; x_wconf 71' lang='lat' dir='ltr'>republica.</span> <span class='ocrx_word' id='word_1_148' title='bbox 905 2460 1176 2510; x_wconf 79' lang='lat' dir='ltr'>censebant</span> <span class='ocrx_word' id='word_1_149' title='bbox 1189 2455 1329 2506; x_wconf 87' lang='lat' dir='ltr'>multi</span> <span class='ocrx_word' id='word_1_150' title='bbox 1343 2455 1511 2503; x_wconf 79' lang='lat' dir='ltr'>omnes</span> 
     </span>
     <span class='ocr_line' id='line_1_22' title="bbox 489 2535 1513 2604; baseline -0.009 -14"><span class='ocrx_word' id='word_1_151' title='bbox 489 2542 622 2604; x_wconf 75' lang='lat' dir='ltr'>leges</span> <span class='ocrx_word' id='word_1_152' title='bbox 639 2539 800 2590; x_wconf 90' lang='lat' dir='ltr'>Clodii</span> <span class='ocrx_word' id='word_1_153' title='bbox 817 2556 905 2604; x_wconf 83' lang='lat' dir='ltr'>per</span> <span class='ocrx_word' id='word_1_154' title='bbox 925 2539 1028 2586; x_wconf 76' lang='lat' dir='ltr'>vim·</span> <span class='ocrx_word' id='word_1_155' title='bbox 1044 2549 1093 2586; x_wconf 91' lang='lat' dir='ltr'>et</span> <span class='ocrx_word' id='word_1_156' title='bbox 1109 2549 1278 2585; x_wconf 85' lang='lat' dir='ltr'>contra</span> <span class='ocrx_word' id='word_1_157' title='bbox 1297 2535 1513 2599; x_wconf 86' lang='lat' dir='ltr'>auspicia</span> 
     </span>
     <span class='ocr_line' id='line_1_23' title="bbox 490 2603 1515 2680; baseline -0.006 -13"><span class='ocrx_word' id='word_1_158' title='bbox 490 2619 610 2668; x_wconf 83' lang='lat' dir='ltr'>latas</span> <span class='ocrx_word' id='word_1_159' title='bbox 636 2635 738 2666; x_wconf 85' lang='lat' dir='ltr'>esse</span> <span class='ocrx_word' id='word_1_160' title='bbox 764 2603 1093 2680; x_wconf 77' lang='lat' dir='ltr'>abrogandas,</span> <span class='ocrx_word' id='word_1_161' title='bbox 1118 2627 1262 2680; x_wconf 84' lang='lat' dir='ltr'>atque</span> <span class='ocrx_word' id='word_1_162' title='bbox 1288 2615 1416 2663; x_wconf 86' lang='lat' dir='ltr'>inter</span> <span class='ocrx_word' id='word_1_163' title='bbox 1435 2631 1515 2662; x_wconf 85' lang='lat' dir='ltr'>ce-</span> 
     </span>
     <span class='ocr_line' id='line_1_24' title="bbox 493 2693 1509 2760; baseline -0.004 -15"><span class='ocrx_word' id='word_1_164' title='bbox 493 2709 620 2746; x_wconf 85' lang='lat' dir='ltr'>teras</span> <span class='ocrx_word' id='word_1_165' title='bbox 648 2713 786 2754; x_wconf 65' lang='lat' dir='ltr'>mm,</span> <span class='ocrx_word' id='word_1_166' title='bbox 820 2712 915 2760; x_wconf 79' lang='lat' dir='ltr'>qua</span> <span class='ocrx_word' id='word_1_167' title='bbox 945 2693 1116 2744; x_wconf 80' lang='lat' dir='ltr'>Pisou&#39;i</span> <span class='ocrx_word' id='word_1_168' title='bbox 1141 2693 1477 2742; x_wconf 80' lang='lat' dir='ltr'>Macedoniam</span> <span class='ocrx_word' id='word_1_169' title='bbox 1491 2727 1509 2755; x_wconf 87' lang='lat'>,</span> 
     </span>
     <span class='ocr_line' id='line_1_25' title="bbox 495 2773 1514 2839; baseline -0.004 -14"><span class='ocrx_word' id='word_1_170' title='bbox 495 2775 708 2825; x_wconf 87' lang='lat' dir='ltr'>Gabinio</span> <span class='ocrx_word' id='word_1_171' title='bbox 726 2775 913 2839; x_wconf 75' lang='lat' dir='ltr'>Syriam</span> <span class='ocrx_word' id='word_1_172' title='bbox 935 2774 1238 2832; x_wconf 84' lang='lat' dir='ltr'>decreverat;</span> <span class='ocrx_word' id='word_1_173' title='bbox 1257 2773 1342 2821; x_wconf 84' lang='lat' dir='ltr'>sed</span> <span class='ocrx_word' id='word_1_174' title='bbox 1360 2789 1514 2837; x_wconf 88' lang='lat' dir='ltr'>quum</span> 
     </span>
     <span class='ocr_line' id='line_1_26' title="bbox 493 2855 1515 2919; baseline -0.002 -15"><span class='ocrx_word' id='word_1_175' title='bbox 493 2857 622 2904; x_wconf 81' lang='lat' dir='ltr'>inter</span> <span class='ocrx_word' id='word_1_176' title='bbox 643 2871 723 2903; x_wconf 80' lang='lat' dir='ltr'>eas</span> <span class='ocrx_word' id='word_1_177' title='bbox 748 2871 846 2903; x_wconf 84' lang='lat' dir='ltr'>una</span> <span class='ocrx_word' id='word_1_178' title='bbox 872 2865 996 2902; x_wconf 85' lang='lat' dir='ltr'>esset</span> <span class='ocrx_word' id='word_1_179' title='bbox 1013 2855 1222 2902; x_wconf 85' lang='lat' dir='ltr'>maxime</span> <span class='ocrx_word' id='word_1_180' title='bbox 1239 2855 1515 2919; x_wconf 83' lang='lat' dir='ltr'>popularis,</span> 
     </span>
     <span class='ocr_line' id='line_1_27' title="bbox 495 2933 1515 3001; baseline 0 -18"><span class='ocrx_word' id='word_1_181' title='bbox 495 2951 590 3001; x_wconf 85' lang='lat' dir='ltr'>qua</span> <span class='ocrx_word' id='word_1_182' title='bbox 626 2935 833 2982; x_wconf 83' lang='lat' dir='ltr'>remissis</span> <span class='ocrx_word' id='word_1_183' title='bbox 864 2933 1140 2982; x_wconf 75' lang='lat' dir='ltr'>semissibus</span> <span class='ocrx_word' id='word_1_184' title='bbox 1173 2945 1222 2998; x_wconf 75' lang='lat' dir='ltr'>et</span> <span class='ocrx_word' id='word_1_185' title='bbox 1261 2935 1515 2983; x_wconf 77' lang='lat' dir='ltr'>trientibus</span> 
     </span>
     <span class='ocr_line' id='line_1_28' title="bbox 493 3011 1515 3076; baseline -0.001 -14"><span class='ocrx_word' id='word_1_186' title='bbox 493 3015 787 3062; x_wconf 73' lang='lat' dir='ltr'>frwnentum</span> <span class='ocrx_word' id='word_1_187' title='bbox 814 3013 876 3060; x_wconf 85' lang='lat' dir='ltr'>de</span> <span class='ocrx_word' id='word_1_188' title='bbox 901 3011 1100 3075; x_wconf 88' lang='lat' dir='ltr'>publico</span> <span class='ocrx_word' id='word_1_189' title='bbox 1130 3012 1260 3076; x_wconf 88' lang='lat' dir='ltr'>plebi</span> <span class='ocrx_word' id='word_1_190' title='bbox 1290 3013 1515 3074; x_wconf 83' lang='lat' dir='ltr'>dabatur,</span> 
     </span>
     <span class='ocr_line' id='line_1_29' title="bbox 496 3092 1515 3160; baseline 0.001 -18"><span class='ocrx_word' id='word_1_191' title='bbox 496 3093 683 3142; x_wconf 83' lang='lat' dir='ltr'>senatui</span> <span class='ocrx_word' id='word_1_192' title='bbox 701 3092 906 3140; x_wconf 87' lang='lat' dir='ltr'>liberum</span> <span class='ocrx_word' id='word_1_193' title='bbox 931 3108 1032 3139; x_wconf 89' lang='lat' dir='ltr'>non</span> <span class='ocrx_word' id='word_1_194' title='bbox 1053 3092 1170 3150; x_wconf 81' lang='lat' dir='ltr'>fuit,</span> <span class='ocrx_word' id='word_1_195' title='bbox 1192 3093 1328 3157; x_wconf 87' lang='lat' dir='ltr'>quod</span> <span class='ocrx_word' id='word_1_196' title='bbox 1346 3096 1515 3160; x_wconf 88' lang='lat' dir='ltr'>cupie-</span> 
     </span>
     <span class='ocr_line' id='line_1_30' title="bbox 491 3175 1514 3239; baseline 0.001 -15"><span class='ocrx_word' id='word_1_197' title='bbox 491 3175 580 3224; x_wconf 80' lang='lat' dir='ltr'>bat</span> <span class='ocrx_word' id='word_1_198' title='bbox 621 3175 876 3224; x_wconf 77' lang='lat' dir='ltr'>deoernere</span> <span class='ocrx_word' id='word_1_199' title='bbox 891 3211 907 3236; x_wconf 89' lang='lat'>‚</span> <span class='ocrx_word' id='word_1_200' title='bbox 948 3191 1098 3238; x_wconf 89' lang='lat' dir='ltr'>quum</span> <span class='ocrx_word' id='word_1_201' title='bbox 1140 3175 1403 3239; x_wconf 71' lang='lat' dir='ltr'>praesertim</span> <span class='ocrx_word' id='word_1_202' title='bbox 1452 3191 1514 3225; x_wconf 84' lang='lat' dir='ltr'>eo</span> 
     </span>
     <span class='ocr_line' id='line_1_31' title="bbox 496 3254 1515 3320; baseline -0.001 -18"><span class='ocrx_word' id='word_1_203' title='bbox 496 3265 714 3320; x_wconf 85' lang='lat' dir='ltr'>tempore</span> <span class='ocrx_word' id='word_1_204' title='bbox 741 3255 914 3303; x_wconf 80' lang='lat' dir='ltr'>samem</span> <span class='ocrx_word' id='word_1_205' title='bbox 941 3265 1142 3319; x_wconf 86' lang='lat' dir='ltr'>propter</span> <span class='ocrx_word' id='word_1_206' title='bbox 1166 3254 1342 3302; x_wconf 79' lang='lat' dir='ltr'>seditio</span> <span class='ocrx_word' id='word_1_207' title='bbox 1371 3255 1515 3302; x_wconf 87' lang='lat' dir='ltr'>time-</span> 
     </span>
     <span class='ocr_line' id='line_1_32' title="bbox 496 3325 1514 3396; baseline 0 -19"><span class='ocrx_word' id='word_1_208' title='bbox 496 3340 646 3392; x_wconf 80' lang='lat' dir='ltr'>retur,</span> <span class='ocrx_word' id='word_1_209' title='bbox 657 3325 747 3379; x_wconf 81' lang='lat' dir='ltr'>nec</span> <span class='ocrx_word' id='word_1_210' title='bbox 759 3331 903 3392; x_wconf 81' lang='lat' dir='ltr'>hujus</span> <span class='ocrx_word' id='word_1_211' title='bbox 915 3330 1034 3395; x_wconf 82' lang='lat' dir='ltr'>legis</span> <span class='ocrx_word' id='word_1_212' title='bbox 1047 3329 1360 3396; x_wconf 68' lang='lat' dir='ltr'>abrogatione</span> <span class='ocrx_word' id='word_1_213' title='bbox 1373 3329 1514 3395; x_wconf 83' lang='lat' dir='ltr'>plebs</span> 
     </span>
     <span class='ocr_line' id='line_1_33' title="bbox 497 3408 1106 3458; baseline 0 0"><span class='ocrx_word' id='word_1_214' title='bbox 497 3408 824 3458; x_wconf 76' lang='lat' dir='ltr'>exnoerbmdn</span> <span class='ocrx_word' id='word_1_215' title='bbox 843 3409 1106 3458; x_wconf 80' lang='lat' dir='ltr'>videretur.</span> 
     </span>
    </p>

    <p class='ocr_par' dir='ltr' id='par_1_5' title="bbox 485 3485 1516 3871">
     <span class='ocr_line' id='line_1_34' title="bbox 571 3485 1515 3551; baseline -0.002 -15"><span class='ocrx_word' id='word_1_216' title='bbox 571 3497 620 3544; x_wconf 76' lang='grc'>4.</span> <span class='ocrx_word' id='word_1_217' title='bbox 647 3489 898 3536; x_wconf 63' lang='lat' dir='ltr'>&amp;vocatis</span> <span class='ocrx_word' id='word_1_218' title='bbox 916 3521 931 3547; x_wconf 85' lang='lat'>,</span> <span class='ocrx_word' id='word_1_219' title='bbox 964 3499 1014 3536; x_wconf 83' lang='lat' dir='ltr'>et</span> <span class='ocrx_word' id='word_1_220' title='bbox 1049 3487 1123 3535; x_wconf 73' lang='lat' dir='ltr'>lais</span> <span class='ocrx_word' id='word_1_221' title='bbox 1159 3486 1270 3551; x_wconf 75' lang='lat' dir='ltr'>ipsis</span> <span class='ocrx_word' id='word_1_222' title='bbox 1297 3485 1515 3550; x_wconf 77' lang='lat' dir='ltr'>proemiis</span> 
     </span>
     <span class='ocr_line' id='line_1_35' title="bbox 497 3565 1515 3631; baseline 0.001 -19"><span class='ocrx_word' id='word_1_223' title='bbox 497 3565 718 3615; x_wconf 53' lang='lat' dir='ltr'>extortis.</span> <span class='ocrx_word' id='word_1_224' title='bbox 771 3570 1051 3616; x_wconf 77' lang='lat' dir='ltr'>Provincias</span> <span class='ocrx_word' id='word_1_225' title='bbox 1109 3568 1306 3631; x_wconf 68' lang='lat' dir='ltr'>premia</span> <span class='ocrx_word' id='word_1_226' title='bbox 1371 3577 1515 3613; x_wconf 78' lang='lat' dir='ltr'>vocat</span> 
     </span>
     <span class='ocr_line' id='line_1_36' title="bbox 495 3645 1516 3710; baseline -0.002 -16"><span class='ocrx_word' id='word_1_227' title='bbox 495 3645 731 3694; x_wconf 81' lang='lat' dir='ltr'>seelemm</span> <span class='ocrx_word' id='word_1_228' title='bbox 749 3683 763 3706; x_wconf 89' lang='lat'>,</span> <span class='ocrx_word' id='word_1_229' title='bbox 789 3647 902 3710; x_wconf 85' lang='lat' dir='ltr'>quia</span> <span class='ocrx_word' id='word_1_230' title='bbox 939 3645 1144 3696; x_wconf 78' lang='lat' dir='ltr'>Clodius</span> <span class='ocrx_word' id='word_1_231' title='bbox 1184 3662 1263 3693; x_wconf 79' lang='lat' dir='ltr'>eas</span> <span class='ocrx_word' id='word_1_232' title='bbox 1300 3645 1516 3692; x_wconf 82' lang='lat' dir='ltr'>decrevit</span> 
     </span>
     <span class='ocr_line' id='line_1_37' title="bbox 494 3725 1514 3789; baseline -0.001 -16"><span class='ocrx_word' id='word_1_233' title='bbox 494 3726 776 3774; x_wconf 82' lang='lat' dir='ltr'>consulibus</span> <span class='ocrx_word' id='word_1_234' title='bbox 789 3725 923 3789; x_wconf 88' lang='lat' dir='ltr'>quod</span> <span class='ocrx_word' id='word_1_235' title='bbox 937 3726 1221 3774; x_wconf 85' lang='lat' dir='ltr'>Ciceronem</span> <span class='ocrx_word' id='word_1_236' title='bbox 1241 3735 1290 3771; x_wconf 91' lang='lat' dir='ltr'>et</span> <span class='ocrx_word' id='word_1_237' title='bbox 1308 3725 1514 3789; x_wconf 78' lang='lat' dir='ltr'>patriam</span> 
     </span>
     <span class='ocr_line' id='line_1_38' title="bbox 485 3805 842 3871; baseline -0.003 -19"><span class='ocrx_word' id='word_1_238' title='bbox 485 3805 842 3871; x_wconf 77' lang='lat' dir='ltr'>prodidissent.</span> 
     </span>
    </p>

    <p class='ocr_par' dir='ltr' id='par_1_6' title="bbox 489 3883 1515 4186">
     <span class='ocr_line' id='line_1_39' title="bbox 567 3883 1513 3947; baseline 0.003 -18"><span class='ocrx_word' id='word_1_239' title='bbox 567 3886 616 3934; x_wconf 83' lang='lat'>5.</span> <span class='ocrx_word' id='word_1_240' title='bbox 647 3885 755 3947; x_wconf 82' lang='lat' dir='ltr'>Qua</span> <span class='ocrx_word' id='word_1_241' title='bbox 779 3899 806 3930; x_wconf 81' lang='lat' dir='ltr'>e</span> <span class='ocrx_word' id='word_1_242' title='bbox 825 3898 991 3946; x_wconf 80' lang='lat' dir='ltr'>poena.</span> <span class='ocrx_word' id='word_1_243' title='bbox 1027 3883 1107 3929; x_wconf 77' lang='lat' dir='ltr'>Al.</span> <span class='ocrx_word' id='word_1_244' title='bbox 1133 3899 1282 3946; x_wconf 76' lang='lat' dir='ltr'>quam</span> <span class='ocrx_word' id='word_1_245' title='bbox 1294 3901 1513 3946; x_wconf 76' lang='lat' dir='ltr'>poenam.</span> 
     </span>
     <span class='ocr_line' id='line_1_40' title="bbox 491 3959 1515 4025; baseline -0.001 -13"><span class='ocrx_word' id='word_1_246' title='bbox 491 3962 689 4012; x_wconf 77' lang='lat' dir='ltr'>Etiamsi</span> <span class='ocrx_word' id='word_1_247' title='bbox 705 3959 833 4010; x_wconf 83' lang='lat' dir='ltr'>hauc</span> <span class='ocrx_word' id='word_1_248' title='bbox 849 3971 1043 4008; x_wconf 78' lang='lat' dir='ltr'>senatus</span> <span class='ocrx_word' id='word_1_249' title='bbox 1062 3962 1377 4025; x_wconf 78' lang='lat' dir='ltr'>ignominiam</span> <span class='ocrx_word' id='word_1_250' title='bbox 1398 3967 1515 4012; x_wconf 74' lang='lat' dir='ltr'>vita-</span> 
     </span>
     <span class='ocr_line' id='line_1_41' title="bbox 489 4040 1512 4105; baseline 0.005 -17"><span class='ocrx_word' id='word_1_251' title='bbox 489 4043 675 4104; x_wconf 82' lang='lat' dir='ltr'>verint,</span> <span class='ocrx_word' id='word_1_252' title='bbox 700 4055 804 4089; x_wconf 85' lang='lat' dir='ltr'>uon</span> <span class='ocrx_word' id='word_1_253' title='bbox 828 4040 979 4103; x_wconf 77' lang='lat' dir='ltr'>gratia</span> <span class='ocrx_word' id='word_1_254' title='bbox 1003 4055 1088 4088; x_wconf 78' lang='lat' dir='ltr'>sua</span> <span class='ocrx_word' id='word_1_255' title='bbox 1115 4051 1166 4089; x_wconf 89' lang='lat' dir='ltr'>et</span> <span class='ocrx_word' id='word_1_256' title='bbox 1189 4044 1476 4093; x_wconf 80' lang='lat' dir='ltr'>auctoritate</span> <span class='ocrx_word' id='word_1_257' title='bbox 1493 4079 1512 4105; x_wconf 91' lang='lat'>,</span> 
     </span>
     <span class='ocr_line' id='line_1_42' title="bbox 491 4118 1510 4186; baseline 0.005 -20"><span class='ocrx_word' id='word_1_258' title='bbox 491 4119 574 4167; x_wconf 76' lang='lat' dir='ltr'>sed</span> <span class='ocrx_word' id='word_1_259' title='bbox 617 4118 794 4183; x_wconf 79' lang='lat' dir='ltr'>opibus</span> <span class='ocrx_word' id='word_1_260' title='bbox 841 4127 889 4166; x_wconf 86' lang='lat' dir='ltr'>et</span> <span class='ocrx_word' id='word_1_261' title='bbox 934 4119 1083 4182; x_wconf 80' lang='lat' dir='ltr'>gratia</span> <span class='ocrx_word' id='word_1_262' title='bbox 1127 4120 1380 4186; x_wconf 84' lang='lat' dir='ltr'>Pompeii,</span> <span class='ocrx_word' id='word_1_263' title='bbox 1423 4125 1510 4185; x_wconf 86' lang='lat' dir='ltr'>qui</span> 
     </span>
    </p>
   </div>
   <div class='ocr_carea' id='block_1_5' title="bbox 1591 2045 2625 3791">
    <p class='ocr_par' dir='ltr' id='par_1_7' title="bbox 1591 2045 2624 2760">
     <span class='ocr_line' id='line_1_43' title="bbox 1592 2045 2624 2126; baseline 0.007 -22"><span class='ocrx_word' id='word_1_264' title='bbox 1592 2057 1855 2107; x_wconf 86' lang='lat' dir='ltr'>Gabinium</span> <span class='ocrx_word' id='word_1_265' title='bbox 1884 2059 2197 2121; x_wconf 76' lang='lat' dir='ltr'>defendebat,</span> <span class='ocrx_word' id='word_1_266' title='bbox 2226 2073 2274 2109; x_wconf 85' lang='lat' dir='ltr'>et</span> <span class='ocrx_word' id='word_1_267' title='bbox 2300 2062 2500 2111; x_wconf 70' lang='lat' dir='ltr'>eamn·-</span> <span class='ocrx_word' id='word_1_268' title='bbox 2525 2045 2624 2126; x_wconf 36' lang='lat' dir='ltr'>qui.</span> 
     </span>
     <span class='ocr_line' id='line_1_44' title="bbox 1591 2138 2613 2205; baseline 0.002 -18"><span class='ocrx_word' id='word_1_269' title='bbox 1591 2138 1785 2187; x_wconf 84' lang='lat' dir='ltr'>Pisonis</span> <span class='ocrx_word' id='word_1_270' title='bbox 1817 2153 1963 2203; x_wconf 81' lang='lat' dir='ltr'>gener</span> <span class='ocrx_word' id='word_1_271' title='bbox 1988 2140 2082 2189; x_wconf 80' lang='lat' dir='ltr'>fuit</span> <span class='ocrx_word' id='word_1_272' title='bbox 2096 2176 2111 2199; x_wconf 93' lang='lat'>,</span> <span class='ocrx_word' id='word_1_273' title='bbox 2151 2142 2419 2205; x_wconf 81' lang='lat' dir='ltr'>graviorem</span> <span class='ocrx_word' id='word_1_274' title='bbox 2452 2153 2613 2191; x_wconf 81' lang='lat' dir='ltr'>tamen</span> 
     </span>
     <span class='ocr_line' id='line_1_45' title="bbox 1592 2217 2608 2278; baseline 0.002 -13"><span class='ocrx_word' id='word_1_275' title='bbox 1592 2217 1836 2265; x_wconf 75' lang='lat' dir='ltr'>infamiam</span> <span class='ocrx_word' id='word_1_276' title='bbox 1861 2218 2187 2268; x_wconf 85' lang='lat' dir='ltr'>incurrerunt.</span> <span class='ocrx_word' id='word_1_277' title='bbox 2214 2247 2285 2257; x_wconf 90' lang='lat'>——</span> <span class='ocrx_word' id='word_1_278' title='bbox 2312 2221 2608 2278; x_wconf 73' lang='lat' dir='ltr'>Evolat-une,</span> 
     </span>
     <span class='ocr_line' id='line_1_46' title="bbox 1593 2296 2614 2364; baseline 0.006 -19"><span class='ocrx_word' id='word_1_279' title='bbox 1593 2296 1846 2345; x_wconf 71' lang='lat' dir='ltr'>translatio</span> <span class='ocrx_word' id='word_1_280' title='bbox 1864 2298 1925 2345; x_wconf 81' lang='lat' dir='ltr'>ab</span> <span class='ocrx_word' id='word_1_281' title='bbox 1946 2298 2140 2359; x_wconf 85' lang='lat' dir='ltr'>avibus,</span> <span class='ocrx_word' id='word_1_282' title='bbox 2168 2316 2277 2364; x_wconf 73' lang='lat' dir='ltr'>qnae</span> <span class='ocrx_word' id='word_1_283' title='bbox 2304 2317 2355 2349; x_wconf 86' lang='lat' dir='ltr'>se</span> <span class='ocrx_word' id='word_1_284' title='bbox 2374 2302 2614 2350; x_wconf 69' lang='lat' dir='ltr'>extr-icant</span> 
     </span>
     <span class='ocr_line' id='line_1_47' title="bbox 1598 2378 2614 2443; baseline 0.004 -19"><span class='ocrx_word' id='word_1_285' title='bbox 1598 2378 1885 2438; x_wconf 70' lang='lat' dir='ltr'>tendiculis,</span> <span class='ocrx_word' id='word_1_286' title='bbox 1914 2389 1999 2426; x_wconf 81' lang='lat' dir='ltr'>aut</span> <span class='ocrx_word' id='word_1_287' title='bbox 2027 2395 2089 2427; x_wconf 83' lang='lat' dir='ltr'>ex</span> <span class='ocrx_word' id='word_1_288' title='bbox 2120 2396 2364 2443; x_wconf 83' lang='lat' dir='ltr'>aucupum</span> <span class='ocrx_word' id='word_1_289' title='bbox 2392 2381 2614 2429; x_wconf 80' lang='lat' dir='ltr'>manibus</span> 
     </span>
     <span class='ocr_line' id='line_1_48' title="bbox 1595 2456 2614 2523; baseline 0.003 -19"><span class='ocrx_word' id='word_1_290' title='bbox 1595 2456 1867 2505; x_wconf 87' lang='lat' dir='ltr'>elabuntur.</span> <span class='ocrx_word' id='word_1_291' title='bbox 1895 2459 1955 2504; x_wconf 89' lang='lat' dir='ltr'>In</span> <span class='ocrx_word' id='word_1_292' title='bbox 1976 2459 2177 2506; x_wconf 80' lang='lat' dir='ltr'>Verrem</span> <span class='ocrx_word' id='word_1_293' title='bbox 2210 2458 2270 2506; x_wconf 86' lang='lat' dir='ltr'>de</span> <span class='ocrx_word' id='word_1_294' title='bbox 2296 2470 2535 2523; x_wconf 64' lang='lat' dir='ltr'>questura</span> <span class='ocrx_word' id='word_1_295' title='bbox 2564 2471 2614 2508; x_wconf 89' lang='lat' dir='ltr'>et</span> 
     </span>
     <span class='ocr_line' id='line_1_49' title="bbox 1595 2537 2612 2601; baseline 0.002 -17"><span class='ocrx_word' id='word_1_296' title='bbox 1595 2549 1804 2601; x_wconf 68' lang='lat' dir='ltr'>pretura</span> <span class='ocrx_word' id='word_1_297' title='bbox 1832 2537 2049 2586; x_wconf 82' lang='lat' dir='ltr'>urbana:</span> <span class='ocrx_word' id='word_1_298' title='bbox 2076 2561 2101 2580; x_wconf 78' lang='grc' dir='ltr'>σι</span> <span class='ocrx_word' id='word_1_299' title='bbox 2118 2539 2215 2587; x_wconf 80' lang='lat' dir='ltr'>Hic</span> <span class='ocrx_word' id='word_1_300' title='bbox 2240 2540 2485 2586; x_wconf 81' lang='lat' dir='ltr'>sociorum</span> <span class='ocrx_word' id='word_1_301' title='bbox 2510 2556 2612 2587; x_wconf 82' lang='lat' dir='ltr'>am-</span> 
     </span>
     <span class='ocr_line' id='line_1_50' title="bbox 1597 2615 2615 2677; baseline 0.002 -13"><span class='ocrx_word' id='word_1_302' title='bbox 1597 2615 1767 2664; x_wconf 82' lang='lat' dir='ltr'>bustus</span> <span class='ocrx_word' id='word_1_303' title='bbox 1786 2616 2041 2676; x_wconf 84' lang='lat' dir='ltr'>incendio,</span> <span class='ocrx_word' id='word_1_304' title='bbox 2059 2629 2219 2666; x_wconf 84' lang='lat' dir='ltr'>tamen</span> <span class='ocrx_word' id='word_1_305' title='bbox 2232 2634 2295 2666; x_wconf 82' lang='lat' dir='ltr'>ex</span> <span class='ocrx_word' id='word_1_306' title='bbox 2306 2617 2389 2667; x_wconf 81' lang='lat' dir='ltr'>illa</span> <span class='ocrx_word' id='word_1_307' title='bbox 2407 2617 2615 2677; x_wconf 72' lang='lat' dir='ltr'>flamma,</span> 
     </span>
     <span class='ocr_line' id='line_1_51' title="bbox 1598 2695 2201 2760; baseline 0.002 -17"><span class='ocrx_word' id='word_1_308' title='bbox 1598 2695 1914 2760; x_wconf 82' lang='lat' dir='ltr'>periculoque</span> <span class='ocrx_word' id='word_1_309' title='bbox 1931 2696 2141 2744; x_wconf 86' lang='lat' dir='ltr'>evolavit</span> <span class='ocrx_word' id='word_1_310' title='bbox 2158 2719 2201 2744; x_wconf 66' lang='lat' dir='ltr'>a.</span> 
     </span>
    </p>

    <p class='ocr_par' dir='ltr' id='par_1_8' title="bbox 1593 2773 2625 3791">
     <span class='ocr_line' id='line_1_52' title="bbox 1671 2773 2615 2846; baseline 0 -23"><span class='ocrx_word' id='word_1_311' title='bbox 1671 2773 1724 2846; x_wconf 55' lang='lat'>6..</span> <span class='ocrx_word' id='word_1_312' title='bbox 1764 2776 1870 2821; x_wconf 82' lang='lat' dir='ltr'>Hoc</span> <span class='ocrx_word' id='word_1_313' title='bbox 1899 2776 2066 2822; x_wconf 77' lang='lat' dir='ltr'>statuit</span> <span class='ocrx_word' id='word_1_314' title='bbox 2091 2785 2303 2825; x_wconf 79' lang='lat' dir='ltr'>senatus.</span> <span class='ocrx_word' id='word_1_315' title='bbox 2335 2774 2443 2823; x_wconf 89' lang='lat' dir='ltr'>Lib.</span> <span class='ocrx_word' id='word_1_316' title='bbox 2477 2777 2525 2823; x_wconf 89' lang='lat'>11</span> <span class='ocrx_word' id='word_1_317' title='bbox 2551 2776 2615 2823; x_wconf 86' lang='lat' dir='ltr'>ad</span> 
     </span>
     <span class='ocr_line' id='line_1_53' title="bbox 1600 2851 2617 2918; baseline 0.004 -19"><span class='ocrx_word' id='word_1_318' title='bbox 1600 2853 1663 2914; x_wconf 91' lang='lat' dir='ltr'>Q.</span> <span class='ocrx_word' id='word_1_319' title='bbox 1697 2851 1917 2911; x_wconf 84' lang='lat' dir='ltr'>fratrem,</span> <span class='ocrx_word' id='word_1_320' title='bbox 1945 2871 2025 2918; x_wconf 87' lang='lat' dir='ltr'>ep.</span> <span class='ocrx_word' id='word_1_321' title='bbox 2056 2871 2081 2914; x_wconf 77' lang='lat'>⁰7</span> <span class='ocrx_word' id='word_1_322' title='bbox 2108 2868 2122 2902; x_wconf 94' lang='lat'><strong>:</strong></span> <span class='ocrx_word' id='word_1_323' title='bbox 2152 2875 2176 2896; x_wconf 77' lang='grc' dir='ltr'>ιι</span> <span class='ocrx_word' id='word_1_324' title='bbox 2196 2853 2366 2902; x_wconf 87' lang='lat' dir='ltr'>Idibus</span> <span class='ocrx_word' id='word_1_325' title='bbox 2383 2855 2520 2902; x_wconf 82' lang='lat' dir='ltr'>maiis</span> <span class='ocrx_word' id='word_1_326' title='bbox 2542 2871 2617 2903; x_wconf 82' lang='lat' dir='ltr'>se·</span> 
     </span>
     <span class='ocr_line' id='line_1_54' title="bbox 1598 2931 2618 2999; baseline 0.003 -20"><span class='ocrx_word' id='word_1_327' title='bbox 1598 2943 1741 2980; x_wconf 85' lang='lat' dir='ltr'>natus</span> <span class='ocrx_word' id='word_1_328' title='bbox 1768 2933 1993 2996; x_wconf 78' lang='lat' dir='ltr'>frequens</span> <span class='ocrx_word' id='word_1_329' title='bbox 2016 2931 2211 2980; x_wconf 86' lang='lat' dir='ltr'>divinus</span> <span class='ocrx_word' id='word_1_330' title='bbox 2234 2933 2327 2982; x_wconf 80' lang='lat' dir='ltr'>fuit</span> <span class='ocrx_word' id='word_1_331' title='bbox 2350 2935 2404 2982; x_wconf 87' lang='lat' dir='ltr'>in</span> <span class='ocrx_word' id='word_1_332' title='bbox 2425 2935 2618 2999; x_wconf 87' lang='lat' dir='ltr'>suppli-</span> 
     </span>
     <span class='ocr_line' id='line_1_55' title="bbox 1598 3011 2618 3076; baseline 0.005 -18"><span class='ocrx_word' id='word_1_333' title='bbox 1598 3011 1790 3059; x_wconf 78' lang='lat' dir='ltr'>catione</span> <span class='ocrx_word' id='word_1_334' title='bbox 1827 3011 2040 3061; x_wconf 83' lang='lat' dir='ltr'>Gabiuio</span> <span class='ocrx_word' id='word_1_335' title='bbox 2067 3012 2364 3076; x_wconf 81' lang='lat' dir='ltr'>deneganda.</span> <span class='ocrx_word' id='word_1_336' title='bbox 2407 3014 2618 3074; x_wconf 74' lang='lat' dir='ltr'>Adjurat</span> 
     </span>
     <span class='ocr_line' id='line_1_56' title="bbox 1600 3091 2617 3152; baseline 0.003 -15"><span class='ocrx_word' id='word_1_337' title='bbox 1600 3091 1835 3139; x_wconf 79' lang='lat' dir='ltr'>Procilius</span> <span class='ocrx_word' id='word_1_338' title='bbox 1867 3091 1963 3140; x_wconf 87' lang='lat' dir='ltr'>hoc</span> <span class='ocrx_word' id='word_1_339' title='bbox 1996 3093 2177 3140; x_wconf 87' lang='lat' dir='ltr'>nemini</span> <span class='ocrx_word' id='word_1_340' title='bbox 2212 3093 2471 3152; x_wconf 77' lang='lat' dir='ltr'>accidisse3</span> <span class='ocrx_word' id='word_1_341' title='bbox 2499 3094 2617 3141; x_wconf 76' lang='lat' dir='ltr'>foris</span> 
     </span>
     <span class='ocr_line' id='line_1_57' title="bbox 1599 3168 2617 3237; baseline 0.003 -20"><span class='ocrx_word' id='word_1_342' title='bbox 1599 3169 1740 3237; x_wconf 76' lang='lat' dir='ltr'>valde</span> <span class='ocrx_word' id='word_1_343' title='bbox 1755 3168 2018 3234; x_wconf 81' lang='lat' dir='ltr'>plauditur,</span> <span class='ocrx_word' id='word_1_344' title='bbox 2036 3171 2156 3218; x_wconf 84' lang='lat' dir='ltr'>mibi</span> <span class='ocrx_word' id='word_1_345' title='bbox 2169 3187 2321 3236; x_wconf 86' lang='lat' dir='ltr'>quum</span> <span class='ocrx_word' id='word_1_346' title='bbox 2337 3187 2421 3220; x_wconf 82' lang='lat' dir='ltr'>sua</span> <span class='ocrx_word' id='word_1_347' title='bbox 2438 3183 2617 3236; x_wconf 85' lang='lat' dir='ltr'>sponte</span> 
     </span>
     <span class='ocr_line' id='line_1_58' title="bbox 1593 3249 2619 3315; baseline 0.002 -19"><span class='ocrx_word' id='word_1_348' title='bbox 1593 3249 1895 3310; x_wconf 79' lang='lat' dir='ltr'>jucundum,</span> <span class='ocrx_word' id='word_1_349' title='bbox 1926 3259 2029 3297; x_wconf 88' lang='lat' dir='ltr'>tum</span> <span class='ocrx_word' id='word_1_350' title='bbox 2051 3249 2317 3311; x_wconf 80' lang='lat' dir='ltr'>jucundius</span> <span class='ocrx_word' id='word_1_351' title='bbox 2334 3285 2349 3310; x_wconf 92' lang='lat'>,</span> <span class='ocrx_word' id='word_1_352' title='bbox 2374 3251 2511 3315; x_wconf 89' lang='lat' dir='ltr'>quod</span> <span class='ocrx_word' id='word_1_353' title='bbox 2542 3268 2619 3299; x_wconf 87' lang='lat' dir='ltr'>me</span> 
     </span>
     <span class='ocr_line' id='line_1_59' title="bbox 1598 3330 2619 3395; baseline 0.004 -19"><span class='ocrx_word' id='word_1_354' title='bbox 1598 3330 1795 3378; x_wconf 79' lang='lat' dir='ltr'>absente</span> <span class='ocrx_word' id='word_1_355' title='bbox 1815 3331 1919 3378; x_wconf 80' lang='lat' dir='ltr'>sine</span> <span class='ocrx_word' id='word_1_356' title='bbox 1939 3330 2325 3394; x_wconf 80' lang='lat' dir='ltr'>oppugnatione,</span> <span class='ocrx_word' id='word_1_357' title='bbox 2346 3331 2449 3378; x_wconf 84' lang='lat' dir='ltr'>sive</span> <span class='ocrx_word' id='word_1_358' title='bbox 2467 3332 2619 3395; x_wconf 82' lang='lat' dir='ltr'>gratia</span> 
     </span>
     <span class='ocr_line' id='line_1_60' title="bbox 1599 3407 2618 3476; baseline 0.002 -20"><span class='ocrx_word' id='word_1_359' title='bbox 1599 3421 1763 3458; x_wconf 86' lang='lat' dir='ltr'>nostra</span> <span class='ocrx_word' id='word_1_360' title='bbox 1784 3430 1831 3458; x_wconf 68' lang='lat' dir='ltr'>a.</span> <span class='ocrx_word' id='word_1_361' title='bbox 1853 3407 1981 3456; x_wconf 75' lang='lat' dir='ltr'>Vide</span> <span class='ocrx_word' id='word_1_362' title='bbox 2020 3409 2325 3457; x_wconf 79' lang='lat' dir='ltr'>Pisonianam</span> <span class='ocrx_word' id='word_1_363' title='bbox 2344 3443 2359 3469; x_wconf 85' lang='lat'>,</span> <span class='ocrx_word' id='word_1_364' title='bbox 2394 3427 2502 3476; x_wconf 80' lang='lat' dir='ltr'>cap.</span> <span class='ocrx_word' id='word_1_365' title='bbox 2529 3427 2618 3475; x_wconf 77' lang='lat'>193</span> 
     </span>
     <span class='ocr_line' id='line_1_61' title="bbox 1598 3487 2621 3554; baseline 0 -18"><span class='ocrx_word' id='word_1_366' title='bbox 1598 3487 1915 3553; x_wconf 81' lang='lat' dir='ltr'>Philippicam</span> <span class='ocrx_word' id='word_1_367' title='bbox 1946 3487 2089 3548; x_wconf 77' lang='lat' dir='ltr'>xlv,</span> <span class='ocrx_word' id='word_1_368' title='bbox 2115 3503 2221 3554; x_wconf 80' lang='lat' dir='ltr'>cap.</span> <span class='ocrx_word' id='word_1_369' title='bbox 2239 3491 2290 3536; x_wconf 84' lang='lat'>8.</span> <span class='ocrx_word' id='word_1_370' title='bbox 2316 3489 2471 3538; x_wconf 83' lang='lat' dir='ltr'>Moris</span> <span class='ocrx_word' id='word_1_371' title='bbox 2510 3491 2621 3546; x_wconf 82' lang='lat' dir='ltr'>fuit,</span> 
     </span>
     <span class='ocr_line' id='line_1_62' title="bbox 1599 3567 2621 3632; baseline 0.001 -18"><span class='ocrx_word' id='word_1_372' title='bbox 1599 3584 1751 3632; x_wconf 79' lang='lat' dir='ltr'>quum</span> <span class='ocrx_word' id='word_1_373' title='bbox 1784 3567 2093 3631; x_wconf 81' lang='lat' dir='ltr'>imperatores</span> <span class='ocrx_word' id='word_1_374' title='bbox 2127 3567 2325 3631; x_wconf 84' lang='lat' dir='ltr'>publice</span> <span class='ocrx_word' id='word_1_375' title='bbox 2359 3567 2521 3617; x_wconf 80' lang='lat' dir='ltr'>literas</span> <span class='ocrx_word' id='word_1_376' title='bbox 2558 3568 2621 3616; x_wconf 90' lang='lat' dir='ltr'>ad</span> 
     </span>
     <span class='ocr_line' id='line_1_63' title="bbox 1600 3645 2623 3710; baseline 0.002 -16"><span class='ocrx_word' id='word_1_377' title='bbox 1600 3657 1818 3694; x_wconf 83' lang='lat' dir='ltr'>senatum</span> <span class='ocrx_word' id='word_1_378' title='bbox 1852 3646 1913 3693; x_wconf 88' lang='lat' dir='ltr'>de</span> <span class='ocrx_word' id='word_1_379' title='bbox 1950 3662 2001 3694; x_wconf 88' lang='lat' dir='ltr'>re</span> <span class='ocrx_word' id='word_1_380' title='bbox 2038 3645 2162 3693; x_wconf 85' lang='lat' dir='ltr'>bene</span> <span class='ocrx_word' id='word_1_381' title='bbox 2199 3659 2359 3710; x_wconf 80' lang='lat' dir='ltr'>gesta,</span> <span class='ocrx_word' id='word_1_382' title='bbox 2396 3659 2445 3696; x_wconf 88' lang='lat' dir='ltr'>et</span> <span class='ocrx_word' id='word_1_383' title='bbox 2486 3649 2623 3696; x_wconf 78' lang='lat' dir='ltr'>caesis</span> 
     </span>
     <span class='ocr_line' id='line_1_64' title="bbox 1600 3724 2625 3791; baseline 0.002 -19"><span class='ocrx_word' id='word_1_384' title='bbox 1600 3725 1823 3774; x_wconf 84' lang='lat' dir='ltr'>hostibus</span> <span class='ocrx_word' id='word_1_385' title='bbox 1847 3724 2094 3773; x_wconf 84' lang='lat' dir='ltr'>dedissent</span> <span class='ocrx_word' id='word_1_386' title='bbox 2108 3759 2123 3782; x_wconf 90' lang='lat'>,</span> <span class='ocrx_word' id='word_1_387' title='bbox 2148 3737 2205 3774; x_wconf 90' lang='lat' dir='ltr'>ut</span> <span class='ocrx_word' id='word_1_388' title='bbox 2228 3739 2421 3776; x_wconf 82' lang='lat' dir='ltr'>senatus</span> <span class='ocrx_word' id='word_1_389' title='bbox 2445 3727 2625 3791; x_wconf 77' lang='lat' dir='ltr'>suppli-</span> 
     </span>
    </p>
   </div>
   <div class='ocr_carea' id='block_1_6' title="bbox 1538 3803 2623 3867">
    <p class='ocr_par' dir='ltr' id='par_1_9' title="bbox 1538 3803 2623 3867">
     <span class='ocr_line' id='line_1_65' title="bbox 1538 3803 2623 3867; baseline 0.001 -14"><span class='ocrx_word' id='word_1_390' title='bbox 1538 3851 1556 3864; x_wconf 70' lang='lat'><em>„</em></span> <span class='ocrx_word' id='word_1_391' title='bbox 1600 3803 1843 3862; x_wconf 78' lang='lat' dir='ltr'>cationes,</span> <span class='ocrx_word' id='word_1_392' title='bbox 1883 3803 1936 3851; x_wconf 86' lang='lat' dir='ltr'>id</span> <span class='ocrx_word' id='word_1_393' title='bbox 1973 3814 2075 3862; x_wconf 87' lang='lat' dir='ltr'>cst,</span> <span class='ocrx_word' id='word_1_394' title='bbox 2114 3804 2373 3867; x_wconf 81' lang='lat' dir='ltr'>gratiarum</span> <span class='ocrx_word' id='word_1_395' title='bbox 2406 3807 2623 3854; x_wconf 78' lang='lat' dir='ltr'>actiones</span> 
     </span>
    </p>
   </div>
   <div class='ocr_carea' id='block_1_7' title="bbox 1596 3883 2625 4186">
    <p class='ocr_par' dir='ltr' id='par_1_10' title="bbox 1596 3883 2625 4186">
     <span class='ocr_line' id='line_1_66' title="bbox 1602 3883 2625 3950; baseline 0.001 -18"><span class='ocrx_word' id='word_1_396' title='bbox 1602 3883 1693 3932; x_wconf 86' lang='lat' dir='ltr'>diis</span> <span class='ocrx_word' id='word_1_397' title='bbox 1716 3883 2019 3939; x_wconf 85' lang='lat' dir='ltr'>decerneret,</span> <span class='ocrx_word' id='word_1_398' title='bbox 2048 3898 2158 3947; x_wconf 75' lang='lat' dir='ltr'>quae</span> <span class='ocrx_word' id='word_1_399' title='bbox 2180 3899 2349 3947; x_wconf 78' lang='lat' dir='ltr'>magna</span> <span class='ocrx_word' id='word_1_400' title='bbox 2374 3899 2555 3950; x_wconf 87' lang='lat' dir='ltr'>pompa</span> <span class='ocrx_word' id='word_1_401' title='bbox 2575 3897 2625 3933; x_wconf 90' lang='lat' dir='ltr'>et</span> 
     </span>
     <span class='ocr_line' id='line_1_67' title="bbox 1600 3963 2623 4027; baseline 0.002 -17"><span class='ocrx_word' id='word_1_402' title='bbox 1600 3963 1877 4012; x_wconf 75' lang='lat' dir='ltr'>celebritate</span> <span class='ocrx_word' id='word_1_403' title='bbox 1899 3981 1992 4026; x_wconf 74' lang='lat' dir='ltr'>pro</span> <span class='ocrx_word' id='word_1_404' title='bbox 2018 3963 2209 4027; x_wconf 83' lang='lat' dir='ltr'>templis</span> <span class='ocrx_word' id='word_1_405' title='bbox 2228 3963 2453 4012; x_wconf 84' lang='lat' dir='ltr'>omnibus</span> <span class='ocrx_word' id='word_1_406' title='bbox 2478 3964 2623 4012; x_wconf 82' lang='lat' dir='ltr'>vieti-</span> 
     </span>
     <span class='ocr_line' id='line_1_68' title="bbox 1598 4040 2623 4106; baseline 0 -16"><span class='ocrx_word' id='word_1_407' title='bbox 1598 4044 1689 4090; x_wconf 80' lang='lat' dir='ltr'>mia</span> <span class='ocrx_word' id='word_1_408' title='bbox 1714 4040 1925 4103; x_wconf 76' lang='lat' dir='ltr'>fiebant3</span> <span class='ocrx_word' id='word_1_409' title='bbox 1955 4044 2116 4106; x_wconf 82' lang='lat' dir='ltr'>itaque</span> <span class='ocrx_word' id='word_1_410' title='bbox 2145 4041 2317 4091; x_wconf 83' lang='lat' dir='ltr'>diebus</span> <span class='ocrx_word' id='word_1_411' title='bbox 2342 4043 2439 4092; x_wconf 82' lang='lat' dir='ltr'>illis</span> <span class='ocrx_word' id='word_1_412' title='bbox 2462 4043 2623 4092; x_wconf 82' lang='lat' dir='ltr'>feriari</span> 
     </span>
     <span class='ocr_line' id='line_1_69' title="bbox 1596 4120 2040 4186; baseline 0.002 -16"><span class='ocrx_word' id='word_1_413' title='bbox 1596 4123 1813 4186; x_wconf 83' lang='lat' dir='ltr'>populus</span> <span class='ocrx_word' id='word_1_414' title='bbox 1834 4120 2040 4171; x_wconf 82' lang='lat' dir='ltr'>solebat.</span> 
     </span>
    </p>
   </div>
  </div>
 </body>
</html>
