2996 4694
761 411 1145 482 ORATIO
1195 411 1394 479 PRo
1446 373 1523 478 ὸ.
1570 413 1653 478 R.
1710 407 2236 478 POSTUMO.

2418 405 2563 492 443

431 559 759 620 monere,
811 548 930 622 ut,
981 557 1208 632 quum
1267 531 1378 603 lex
1426 532 1667 629 aliqua
1702 533 2127 603 recitaretur
2140 527 2196 620 ⁶,
2244 531 2560 628 primum

427 669 718 716 versum
753 641 1158 714 attenderet
1194 669 1210 712 t
1248 645 1308 712 si
1337 654 1527 712 esset
1552 641 1900 742 dictator,
1936 641 2228 730 consul,
2268 655 2564 739 praetor,

433 757 770 852 magister
823 755 1183 850 equitum,
1249 775 1344 822 ne
1398 750 1788 836 laboraret3
1842 752 2057 822 sciret
2112 750 2293 822 nihil
2342 751 2433 824 ad
2488 775 2565 823 se

433 866 830 962 pertinere3
867 851 1289 948 sinautem,
1333 887 1765 947 chuMsz
1807 889 1981 934 rosr
2016 887 2215 934 nme
2252 887 2489 934 mom
2506 875 2564 948 ⁷,

434 973 732 1062 videret,
761 999 856 1046 ne
885 997 1030 1070 qua
1062 994 1246 1043 nova
1269 975 1671 1069 quaestione
1700 973 2131 1069 alligaretur.
2162 976 2378 1044 Nunc
2404 971 2566 1061 ὐοε,

329 1146 336 1154 .
435 1086 714 1182 equites
767 1086 1085 1168 romani,
1126 1081 1384 1154 videte.
1443 1085 1683 1170 Scitis,
1736 1107 1854 1155 me
1905 1074 2193 1154 ortum⁸
2235 1107 2277 1156 e
2315 1081 2567 1170 vobis;

437 1198 680 1266 omnia
715 1217 1002 1291 semper
1037 1193 1382 1263 sensisses>
1426 1217 1565 1290 pro
1601 1192 1809 1264 vobis
1842 1221 1857 1264 :
1894 1193 2076 1264 nihil
2108 1193 2375 1265 horum
2415 1194 2569 1264 sine

439 1328 693 1402 magna
735 1327 904 1376 cura
941 1317 1014 1374 et
1058 1326 1341 1374 summa
1389 1304 1683 1376 caritate
1725 1307 1939 1374 vestri
1970 1303 2245 1376 ordinis
2280 1304 2567 1402 loquor.

435 1539 654 1590 Glaucia.
682 1541 732 1586 Is
753 1537 846 1586 fuit
872 1553 972 1603 qno
995 1539 1282 1587 Saturninus
1301 1539 1454 1586 mexi-

433 1637 510 1668 me
535 1635 650 1666 usus
679 1629 754 1666 est
779 1619 832 1667 in
863 1618 1103 1667 seditione
1129 1619 1212 1668 illa
1235 1619 1420 1667 nefaris
1435 1651 1453 1676 ,

435 1698 500 1746 ob
550 1714 698 1762 quam
749 1713 864 1746 cum
920 1699 1184 1758 conjuratis
1227 1697 1454 1745 omnibus

433 1777 576 1824 Marii
605 1793 710 1826 cos.
735 1793 884 1843 opera
902 1776 1185 1825 interfectus
1207 1788 1296 1825 est.
1328 1777 1452 1825 Eum

435 1857 608 1907 Cicero
631 1857 717 1912 lib.
754 1857 816 1905 de
837 1857 1044 1904 Oratore
1081 1857 1182 1914 111,
1209 1871 1297 1920 per
1319 1855 1454 1908 simi-

436 1935 689 1984 litudinem
701 1948 882 1986 stereus
898 1935 1056 1983 Curiae
1067 1934 1302 1999 appellari
1315 1949 1458 1999 posse

436 2014 671 2075 affirmet,
694 2015 788 2062 nisi
816 2015 1048 2063 deformis
1071 2025 1196 2062 esset
1224 2012 1460 2078 cogitatio

436 2093 782 2143 similitudinis.
805 2097 862 2143 In
893 2093 1020 2141 libro
1048 2096 1134 2157 qui
1164 2095 1343 2141 Brutus
1373 2107 1460 2155 ap·

437 2173 658 2237 pellatur,
685 2193 714 2217 nr
731 2173 879 2237 longe
903 2184 1090 2230 sutem,
1125 2172 1312 2236 inquit,
1346 2180 1462 2236 post

437 2262 580 2300 natos
601 2252 826 2302 homines
845 2249 1232 2314 improbissimus
1259 2251 1319 2298 C.
1346 2250 1460 2298 Ser-

439 2332 582 2381 vilius
631 2332 832 2381 Glauci·
846 2367 863 2393 ,
885 2329 972 2380 sed
999 2341 1258 2397 peracutus
1292 2340 1340 2378 et
1361 2329 1461 2378 eal-

437 2410 568 2460 lidus
582 2448 599 2472 ,
626 2411 1004 2475 compr-inique
1032 2409 1296 2468 ridiculus,
1330 2411 1373 2458 is
1398 2426 1463 2459 ex

437 2490 638 2539 summis
675 2502 727 2541 et
761 2491 971 2539 fortune
1000 2500 1050 2538 et
1083 2489 1199 2539 vita
1235 2489 1461 2539 sordibus

359 2610 362 2615 .
435 2586 498 2619 ex
518 2582 727 2635 praetura
756 2570 927 2618 consul
957 2570 1114 2618 sactus
1136 2578 1287 2626 esset,
1319 2570 1362 2617 si
1385 2586 1462 2617 re-

437 2650 618 2697 tiouem
657 2650 760 2710 ejus
792 2648 962 2697 baberi
1005 2648 1151 2696 licere
1186 2648 1460 2711 iudicatum

434 2738 575 2778 esset.
591 2728 718 2777 Nam
735 2738 784 2776 et
801 2728 995 2793 plebem
1009 2727 1207 2776 tenebat
1217 2762 1232 2787 ,
1248 2738 1298 2776 et
1309 2742 1460 2792 eque-

435 2819 582 2857 strem
608 2806 830 2856 ordinem
865 2804 1107 2857 beneficio
1139 2806 1260 2871 legis
1292 2807 1462 2855 devin-

439 2900 574 2935 xerat
599 2907 645 2936 υ.

507 2968 562 3014 6.
604 2967 762 3029 Quum
799 2967 884 3015 lex
919 2966 1222 3015 recitaretur.
1268 2965 1464 3013 Solebat

439 3047 568 3093 enim
603 3045 892 3095 trinuudino
921 3044 1220 3110 promulgari
1248 3044 1330 3092 lex
1347 3080 1364 3107 ,
1404 3053 1463 3092 ut

439 3124 523 3188 qui
547 3124 694 3173 vellet
715 3123 1038 3174 intercederet
1051 3158 1066 3182 ,
1093 3133 1141 3171 et
1162 3124 1356 3173 nemine
1381 3124 1461 3171 in-

439 3202 714 3252 tercedente
729 3203 793 3252 ed
813 3202 1057 3268 populum
1074 3203 1295 3253 ferretur.

515 3299 565 3343 ¹7.
621 3282 920 3347 Quieumque
957 3294 1072 3346 post
1111 3282 1242 3331 banc
1285 3282 1459 3348 legem.

438 3361 599 3409 Verba
618 3362 697 3409 illa
721 3362 909 3428 populo
931 3362 984 3409 in
1010 3362 1208 3428 primis,
1229 3374 1285 3411 ut
1312 3362 1462 3411 Glau-

441 3443 514 3489 cie
544 3441 856 3504 praecipiebnt
871 3476 886 3501 ,
911 3441 1170 3506 spectanda
1198 3451 1464 3490 occurrunt

441 3521 493 3567 iu
504 3520 610 3584 lege
622 3537 650 3568 s
665 3523 898 3569 Frontino
917 3532 1118 3570 servate.
1133 3524 1250 3584 Ejus
1269 3522 1464 3570 initium

439 3599 572 3664 apud
612 3600 912 3649 Brissonium
956 3600 1020 3650 de
1054 3600 1277 3649 formulis
1310 3600 1346 3648 Ι.
1381 3602 1460 3661 11,

441 3696 490 3743 p.
521 3686 636 3738 141,
660 3681 730 3727 sie
749 3696 1026 3744 expressum
1043 3680 1224 3744 legitur
1244 3698 1256 3724 ε
1285 3699 1306 3723 α
1325 3679 1466 3727 Titus

440 3758 653 3820 Quintus
679 3758 935 3823 Crispinus
969 3774 1068 3807 eos.
1097 3758 1336 3823 populum
1356 3758 1466 3817 jure

443 3838 654 3901 rogavit,
675 3837 990 3901 populusque
1001 3839 1110 3899 jure
1122 3838 1265 3885 seivit
1285 3836 1334 3882 iu
1356 3836 1466 3882 foro

443 3931 534 3981 pro
558 3917 750 3964 Rostris
778 3918 841 3965 A.
872 3917 938 3965 D.
965 3918 1020 3963 P.
1045 3916 1110 3965 R.
1141 3916 1208 3962 lt.
1237 3918 1281 3963 1.
1312 3912 1466 3961 tribus

443 3997 604 4059 Sergia
624 3995 922 4060 principium
944 3994 1065 4053 fuit3
1095 4009 1189 4057 pro
1209 3991 1340 4039 tribu
1357 3994 1466 4042 Sex.

445 4075 502 4120 L.
553 4078 601 4123 F.
639 4074 812 4121 Varro.
850 4074 1160 4137 Quicumque
1195 4080 1307 4134 post
1343 4070 1468 4119 bene

445 4152 600 4215 legem
619 4164 840 4217 rogatam
855 4152 1010 4217 rivos,
1025 4164 1218 4217 specus,
1233 4148 1466 4221 fornices,

1542 1537 1729 1587 fistulas
1741 1575 1759 1599 ‚
1780 1538 1973 1588 castelle
1984 1574 1999 1600 ,
2024 1537 2227 1589 tubulos
2238 1575 2253 1600 ,
2270 1540 2406 1588 heus
2423 1553 2569 1606 equa-

1542 1635 1651 1667 rum
1687 1617 1993 1682 publicarum
2008 1653 2024 1678 ,
2051 1633 2164 1682 qun
2188 1617 2252 1668 sd
2274 1619 2447 1668 urbem
2473 1621 2567 1670 du-

1542 1708 1750 1757 cuntur,
1783 1714 2009 1747 earumve
2043 1714 2220 1764 quem,
2255 1699 2413 1748 sciens
2446 1699 2566 1764 dolo

1540 1777 1671 1824 malo
1690 1777 1934 1837 for-verit,
1949 1779 2150 1842 ruperit,
2160 1779 2333 1839 forare,
2348 1795 2571 1844 rumpere

1544 1855 1787 1904 curaverit
1804 1892 1819 1914 ,
1850 1857 2165 1921 pejoremque
2196 1858 2386 1906 feeerit.
2408 1894 2421 1907 .
2442 1893 2459 1908 .
2478 1893 2492 1907 .
2528 1860 2571 1907 is

1546 1951 1671 2000 pop.
1704 1950 1831 1985 rom.
1874 1937 1917 1985 C
1968 1936 2123 1984 millis
2165 1936 2279 1984 dere
2318 1936 2575 1988 damnatus

1549 2025 1653 2061 08ῑο
1673 2036 1716 2063 ¹·-

1621 2093 1670 2140 8.
1714 2091 1887 2151 Scitis,
1924 2109 2002 2140 nse
2039 2105 2220 2142 ortum.
2248 2093 2465 2155 Plinius,
2484 2095 2573 2144 lib.

1547 2174 1807 2230 xxxm,
1846 2189 1953 2238 cap.
1993 2188 2096 2222 22:
2130 2173 2371 2222 «Marcus
2400 2175 2574 2223 Goero

1549 2251 1742 2301 demum
1775 2251 2010 2300 stabilivit
2042 2263 2264 2316 equestre
2302 2268 2483 2301 nomen
2520 2254 2575 2302 iu

1548 2331 1807 2381 consulatu
1825 2345 1945 2393 suo,
1970 2331 2014 2380 ei
2036 2342 2261 2379 sensnum
2282 2331 2574 2394 concilians,

1548 2428 1612 2460 ex
1634 2427 1695 2461 eo
1720 2426 1773 2459 se
1798 2410 1973 2459 ordine
1998 2422 2288 2477 proveetum
2314 2426 2417 2460 esse
2442 2412 2571 2461 eele-

1546 2490 1693 2540 brsus
1705 2526 1721 2551 ‚
1742 2491 1943 2555 eiusque
1964 2491 2091 2539 vires
2110 2490 2341 2555 peculiari
2368 2492 2575 2557 popule-

1548 2570 1687 2618 ritate
1712 2586 1933 2634 quaereus
1948 2592 1993 2618 a.

1619 2663 1672 2714 9.
1726 2647 1905 2697 Omnia
1936 2664 2127 2713 semper
2156 2648 2373 2698 sensisse.
2412 2649 2575 2699 Mults

1548 2739 1687 2777 eraut
1712 2728 1966 2778 Ciceronis
1994 2728 2051 2775 in
2080 2730 2269 2792 equites
2300 2726 2569 2791 beneficis,

1546 2824 1659 2872 quae
1682 2817 1850 2855 notare
1878 2807 2077 2867 meluit,
2102 2824 2248 2872 quam
2272 2824 2570 2857 eommemo-

1548 2886 1702 2935 rsndo
1716 2886 2081 2950 quodammodo
2090 2887 2390 2952 exprobrare
2402 2886 2574 2935 videri.

1546 2966 1641 3016 Sed
1685 2966 1740 3014 iu
1781 2979 1950 3030 quarte
2002 2968 2299 3016 catilinariu-
2330 2966 2483 3013 fusius
2519 2980 2573 3012 en

1547 3056 1927 3097 commemoret:
1955 3068 1981 3088 α
1999 3045 2135 3107 Quid
2162 3061 2255 3110 ego
2279 3044 2362 3092 hic
2387 3044 2576 3107 equites

1546 3140 1776 3173 romanos
1798 3140 2170 3173 commemorem
2186 3126 2209 3171 Ρ
2230 3124 2317 3190 qui
2344 3124 2487 3172 vobis
2508 3124 2575 3173 ite

1547 3218 1785 3251 summam
1828 3202 2019 3251 ordinis
2058 3202 2349 3266 consiliique
2400 3218 2577 3252 conee-

1549 3282 1675 3330 duut
1688 3317 1703 3341 ,
1728 3294 1783 3330 ut
1804 3281 2058 3329 vobiscum
2082 3280 2143 3329 de
2160 3296 2324 3329 amore
2344 3280 2575 3347 reipubli-

1547 3378 1620 3410 ce
1648 3371 1861 3420 certent3
1887 3376 2014 3425 quos
2044 3376 2103 3410 ex
2128 3360 2396 3410 multorum
2421 3378 2579 3411 enno-

1546 3457 1657 3490 rum
1707 3440 2003 3489 dissensione
2040 3440 2187 3503 hujus
2234 3440 2422 3491 ordinis
2442 3479 2461 3505 ‚
2513 3442 2577 3490 ad

1549 3521 1830 3571 societatem
1871 3520 2285 3585 concordiamque
2322 3532 2579 3571 revocatos

1548 3587 1818 3649 hodiernus
1844 3600 1949 3647 dies
1977 3600 2261 3660 vobiscum,
2299 3612 2445 3666 atque
2470 3601 2575 3651 bec

1549 3695 1693 3727 causa
1712 3679 1997 3743 conjungit3
2013 3694 2160 3741 quam
2182 3680 2575 3741 conjunctionem

1550 3758 1593 3805 si
1612 3759 1663 3806 in
1684 3758 1939 3805 consulatu
1964 3756 2297 3806 confirmatam
2320 3775 2455 3819 meo,
2474 3774 2581 3823 per·

1551 3850 1745 3901 petuam
1769 3837 1821 3885 in
1842 3836 2093 3901 republica
2113 3838 2409 3886 tenuerimus
2427 3872 2443 3897 ‚
2464 3853 2585 3886 con-

1553 3914 1696 3965 firmo
1731 3917 1872 3965 vobis
1903 3916 2109 3982 posthac
2139 3918 2321 3965 melum
2356 3916 2497 3964 civile
2523 3932 2581 3965 ec

1554 3996 1874 4045 domesticum
1893 3997 1957 4044 ad
1974 3996 2157 4045 nullum
2180 3994 2459 4062 reipublice
2478 4012 2581 4043 esse

1555 4086 1816 4124 venturum
1848 4084 2037 4138 partem
2054 4097 2096 4124 n.
2128 4076 2190 4122 Et
2229 4075 2311 4122 elii
2350 4074 2581 4139 permulti

1556 4154 1655 4202 loci
1688 4162 1969 4201 occurrunt.
