2996 4694
463 370 594 456 148
1080 367 1176 435 Μ.
1227 364 1305 432 Τ.
1357 360 1942 433 CICERONIS

451 498 719 593 pieras,
747 476 978 585 augur
1007 485 1238 559 factus
1255 508 1476 571 esses;
1512 485 1591 555 in
1614 506 1761 581 qua
1794 496 1919 553 tua
1942 484 2377 579 cogitatione
2402 508 2569 575 nOS,

456 609 584 704 qui
636 620 704 677 te
737 602 1158 688 oderamus,
1200 602 1318 670 vix
1365 598 1693 671 dolorem
1742 594 2232 686 ferebamus⁶;
2290 598 2393 669 illi
2442 623 2570 671 au-

455 731 600 789 tem
621 768 644 802 ,
684 713 952 812 quibus
985 736 1141 783 eras
1167 712 1246 781 in
1275 707 1583 795 deliciis,
1612 709 1727 777 vix
1752 708 1973 777 risum
1998 705 2385 779 tenebant⁷
2409 736 2426 778 :
2446 708 2574 781 sed

455 850 703 924 quaero
722 878 741 913 ,
777 825 838 895 si
885 821 976 893 ad
1017 835 1254 893 cetera
1290 817 1624 903 vulnera,
1664 814 1931 913 quibus
1973 816 2241 912 putasti
2286 840 2573 915 rempu-

449 936 716 1009 blicam
765 932 1031 1020 deleri‚
1095 929 1282 1001 hauc
1332 950 1631 1025 quoque
1667 922 2107 997 mortiferam
2148 924 2425 1022 plagam
2463 928 2574 995 in-

455 1046 752 1117 flixisses
801 1053 1192 1139 auguratus
1236 1039 1385 1122 tui,
1422 1052 1665 1107 utrum
1710 1033 2133 1107 decreturus
2180 1032 2401 1107 fueris
2452 1035 2529 1107 id
2550 1090 2573 1124 ,

455 1154 659 1253 quod
701 1174 1008 1251 augures
1049 1172 1302 1221 omnes
1339 1170 1575 1243 usque
1616 1170 1659 1216 a
1700 1143 2011 1216 Romulo
2066 1142 2577 1231 decreverunt,

452 1270 626 1335 Jove
661 1261 982 1359 fulgente
997 1256 1052 1347 ⁸,
1093 1280 1261 1329 cum
1303 1253 1581 1354 populo
1618 1254 1732 1349 agi
1770 1252 1971 1325 nefas
2014 1278 2167 1325 esse
2186 1307 2205 1342 ,
2244 1278 2372 1342 au,
2408 1257 2577 1353 quia

456 1389 540 1444 tu
597 1395 882 1469 semper
929 1371 1030 1439 sic
1085 1368 1381 1463 egisses,
1434 1364 1750 1462 auspicia
1808 1360 2031 1436 fueris
2087 1388 2317 1462 augur
2355 1363 2581 1437 disso-

458 1480 744 1552 luturus
761 1488 794 1537 9
817 1479 848 1547 ?

553 1594 676 1661 IX.
737 1592 838 1659 Ac
863 1640 882 1675 ,
918 1612 1014 1659 ne
1048 1587 1322 1677 diutius
1362 1586 1619 1684 loquar
1649 1585 1741 1659 de
1778 1601 2135 1685 auguratu
2172 1602 2345 1674 tuo;
2380 1586 2581 1684 quod

460 1700 726 1769 invitus
764 1696 987 1784 facin,
1027 1712 1112 1768 ut
1144 1694 1488 1768 recorder
1546 1697 1793 1767 ruinas
1834 1695 2247 1794 reipublicae
2298 1696 2583 1794 (neque

461 1811 654 1881 enim
685 1824 766 1879 tu
793 1830 1166 1903 umquam,
1191 1822 1422 1879 stante
1449 1832 1601 1878 non
1624 1806 1839 1878 modo
1860 1806 2255 1902 majestate¹
2288 1806 2585 1895 horum,

463 1916 592 1989 sed
645 1918 861 1989 etiam
903 1916 1116 2006 urbe,
1153 1932 1226 1989 te
1269 1940 1637 2013 augurem·
1656 1914 1812 1987 fore
1848 1920 2147 2014 putasti)
2180 1942 2197 1987 :
2230 1933 2587 1990 verumta-

462 2052 670 2116 men,
707 2043 792 2099 ut
829 2028 1108 2099 somnia
1144 2042 1271 2099 tua
1303 2026 1747 2123 relinquam,
1791 2025 1879 2097 ad
1920 2027 2231 2099 scelera²
2266 2030 2581 2115 veniam;

463 2137 632 2210 volo
669 2139 778 2211 uti
810 2136 986 2207 mihi
1023 2135 1460 2234 respondeas
1494 2161 1510 2204 :
1548 2159 1777 2233 quum
1810 2140 1907 2207 M.
1940 2133 2275 2208 Bibulum
2326 2162 2587 2210 consu-

465 2248 608 2322 lem
629 2302 648 2336 ‚
709 2272 858 2319 non
897 2246 1128 2319 dicam
1169 2246 1360 2319 bene
1407 2244 1498 2316 de
1543 2243 1911 2341 republica
1952 2246 2373 2318 sentientem
2406 2300 2427 2335 ,
2494 2272 2589 2319 ne

467 2377 550 2434 tu
579 2355 757 2432 mihi
789 2357 1012 2430 homo
1045 2371 1302 2455 potens
1335 2357 1639 2428 irascare
1665 2353 1721 2442 ³,
1752 2356 1884 2453 qui
1908 2355 2001 2427 ab
2032 2381 2123 2428 eo
2158 2353 2589 2444 dissensisti;

469 2469 597 2543 sed
633 2465 1001 2540 hominem
1029 2479 1224 2538 certe
1246 2489 1609 2562 nusquam
1645 2465 2225 2563 progredientem
2246 2521 2266 2554 ,
2304 2467 2482 2538 nihil
2512 2469 2592 2538 in

470 2577 844 2676 republica
901 2573 1318 2646 molientem
1345 2629 1366 2660 ,
1428 2590 1711 2646 tantum
1757 2578 2001 2648 animo
2054 2576 2145 2649 ab
2190 2576 2597 2652 actionibus

473 2690 612 2760 tuis
643 2683 1180 2757 dissentientem
1215 2711 1232 2754 τ
1273 2707 1505 2780 quum
1542 2707 1706 2754 eum
1748 2699 1825 2756 tu
1860 2687 2225 2758 consulem
2260 2689 2337 2758 in
2366 2687 2598 2760 vincla

477 2797 813 2884 duceres,
867 2808 940 2866 et
975 2817 1018 2864 a
1057 2792 1300 2866 tabula
1333 2794 1653 2866 Valeria⁴
1698 2794 1987 2894 collegae
2017 2800 2123 2869 tui
2162 2799 2349 2869 mitti
2381 2798 2596 2896 jube·

511 2952 514 2960 Ι
548 2974 601 3022 6.
619 2971 852 3020 Dolorem
863 2967 1171 3038 ferebamus.
1193 2971 1343 3035 Quod
1361 2982 1498 3020 tunm

481 3052 790 3120 propositum
823 3051 1108 3117 gravissimo
1151 3066 1244 3100 noa
1295 3052 1501 3116 angebat

1660 2988 1713 3034 9.
1772 2977 1948 3038 Augur
1998 2973 2333 3025 dissoluturus.
2376 2977 2601 3027 Vatinius

1586 3053 1717 3102 enim
1734 3053 1939 3102 omnino
1956 3055 2198 3118 praeterita
2216 3057 2391 3120 agendi
2412 3058 2601 3108 ratione

482 3132 656 3183 dolore
674 3167 689 3192 ,
723 3147 878 3197 quum
903 3129 1264 3196 prelibaremua
1291 3143 1415 3194 quot
1449 3141 1501 3178 et

483 3223 664 3278 quanta
689 3210 867 3276 flagitia
889 3211 1014 3260 hanc
1038 3225 1218 3258 novam
1242 3221 1374 3260 tuam
1403 3225 1497 3276 po-

481 3302 700 3342 teutatem
726 3301 884 3338 eaaent
911 3299 1290 3354 prosequutura.

556 3388 603 3431 7.
635 3369 737 3418 Vix
755 3368 902 3418 risum
929 3367 1175 3418 tenebam.
1200 3367 1502 3418 Dementiam

485 3449 670 3498 Vatinii
709 3449 806 3498 hoc
849 3448 1054 3496 maxime
1092 3447 1280 3496 indicat
1299 3483 1314 3506 ,
1365 3445 1498 3510 quod

485 3529 645 3578 Cant·
670 3537 720 3576 et
747 3528 1007 3590 Pompeius
1043 3527 1130 3591 qui
1166 3528 1340 3590 coeptia
1370 3525 1503 3573 fave·

483 3609 635 3668 bant,
659 3623 721 3654 ne
756 3605 855 3654 risu
901 3605 1142 3654 abstinere
1177 3603 1374 3668 quidem
1411 3619 1502 3668 po-

484 3688 692 3746 tuerint,
743 3700 894 3749 quum
929 3685 991 3733 ad
1051 3685 1104 3732 id
1139 3683 1352 3732 audacie
1391 3699 1502 3730 eum

485 3778 776 3832 provectum
795 3763 1064 3822 sentirent,
1095 3774 1152 3812 ut
1181 3771 1497 3824 auguratum,

482 3847 562 3896 cui
624 3842 900 3893 exercendo
969 3842 1091 3892 adeo
1147 3841 1302 3904 impar
1357 3851 1458 3888 erat
1481 3875 1498 3901 ,

477 3925 765 3989 postularet.

551 4005 580 4052 8
591 4037 604 4050 .
626 4006 742 4050 Jove
741 4000 986 4065 fulgente.
1001 3998 1066 4047 Η.
1081 4013 1126 4046 e.
1146 4012 1298 4060 quum
1311 3997 1496 4048 fulmen

474 4082 598 4128 calo
633 4087 918 4143 erumperet.

1586 3131 1757 3180 fuisset
1804 3132 2051 3184 irretitus:
2090 3149 2202 3182 uam
2238 3137 2601 3199 quonammodo

1586 3211 1913 3275 auspiciorum
1934 3229 2098 3262 curam
2128 3214 2304 3263 habere
2328 3216 2599 3280 potuisset,

1588 3290 1630 3338 is
1670 3291 1755 3353 qui
1789 3292 2003 3356 anapicia
2030 3293 2186 3358 palam
2212 3304 2263 3342 et
2294 3295 2493 3358 publice
2514 3296 2599 3346 de·

1586 3367 1775 3418 ridebat
1788 3371 1811 3416 i*

1656 3449 1751 3498 IX.
1782 3464 1829 3497 1.
1856 3450 2113 3516 Hajemtte
2147 3449 2338 3503 horum.
2366 3454 2479 3502 Boo
2496 3465 2598 3516 eat,

1586 3526 1767 3574 civium
1784 3528 1871 3592 qni
1888 3530 2015 3576 eirca
2034 3529 2245 3578 tribunal
2264 3529 2390 3579 mad
2411 3532 2597 3582 sedent.

1660 3619 1707 3654 2.
1737 3607 1923 3656 Erueat.
1950 3609 2079 3670 conj.
2090 3607 2351 3674 facinora.

1663 3685 1713 3734 3.
1739 3687 1891 3734 Homo
1912 3698 2083 3750 potens
2102 3686 2335 3738 irascare.
2358 3691 2476 3738 Non
2499 3701 2597 3738 tam

1588 3763 1759 3814 odium
1792 3764 1977 3813 Vatinii
2014 3765 2093 3813 hia
2128 3767 2289 3816 verbis
2344 3785 2599 3832 praeoccu-

1586 3854 1703 3908 pat,
1738 3857 1883 3906 quam
1928 3845 2125 3894 Cetaria
2180 3863 2269 3911 per
2309 3863 2455 3910 quem
2492 3849 2597 3898 hnc

1586 3921 1751 3970 omnia
1768 3921 1955 3970 fuerant
1976 3935 2179 3987 patrata.

1658 4007 1707 4058 4.
1739 4001 1927 4050 Tabula
1962 4003 2176 4055 Valeria.
2197 4006 2357 4053 Locus
2386 4005 2439 4053 in
2462 4005 2599 4069 foro,

1585 4078 1675 4130 ubi
1693 4081 1955 4130 convenire
1970 4076 2195 4132 aolebaut
2214 4083 2395 4132 tribuni
2418 4085 2596 4149 plebia.
