2996 4694
493 350 639 449 378
1140 357 1239 425 M.
1288 358 1369 425 Τ.
1418 356 2008 425 CICERONIS

491 500 607 563 cs,
638 472 979 547 orbatum
1006 476 1273 573 patria,
1306 474 1437 547 sed
1459 532 1481 565 ,
1509 491 1596 549 ut
1627 490 1920 549 senatus
1949 476 2074 549 illo
2103 476 2266 573 ipso
2297 492 2626 578 tempore

488 585 875 685 appellavit
890 640 911 675 ‚
980 588 1209 659 civem
1258 602 1840 663 conservatorem
1899 586 2316 684 reipublioee
2334 643 2357 676 ,
2423 615 2623 663 com·

488 694 875 767 mendavit.
924 696 1031 767 Ad
1066 721 1301 770 meam
1337 699 1554 770 unius
1597 698 1904 769 salutem
1945 712 2236 771 senatus
2275 700 2622 773 auxilium

488 808 817 879 omnium
860 810 1127 880 civium
1176 824 1439 882 cuncta
1490 834 1580 881 ex
1631 809 1868 895 Italia,
1919 810 2050 906 qui
2097 808 2622 907 rempublicam

486 918 755 989 salvam
804 942 961 991 esse
1006 917 1277 991 vellent
1296 972 1322 1006 ,
1358 920 1678 991 consulis
1724 943 1904 991 voce
1951 934 2028 991 et
2077 918 2302 991 literis
2357 921 2620 1020 implo-

486 1028 797 1101 randum
844 1032 1141 1127 putavit.
1194 1032 1339 1103 Mei
1382 1032 1638 1129 capitis
1679 1029 2010 1103 servandi
2061 1054 2274 1103 causa
2315 1036 2618 1103 Romam

484 1162 639 1209 uno
674 1152 1043 1238 tempore,
1086 1142 1295 1239 quasi
1336 1145 1548 1239 signo
1585 1140 1794 1227 dato,
1833 1140 2036 1215 Italia
2072 1155 2220 1213 tota
2257 1145 2618 1215 convenit.

484 1249 597 1318 De
640 1272 799 1321 mea
832 1250 1099 1336 salute,
1129 1256 1207 1323 P.
1250 1250 1576 1339 Lentuli,
1605 1252 2170 1349 praestantissimi
2195 1252 2330 1322 viri
2349 1306 2372 1339 ,
2399 1266 2620 1349 atque

486 1358 743 1455 optimi
782 1360 1101 1431 consulis
1124 1414 1145 1448 ,
1194 1363 1329 1433 Cn.
1372 1362 1742 1458 Pompeii,
1778 1360 2150 1433 clarissimi
2183 1375 2402 1459 atque
2435 1362 2620 1431 invi-

488 1468 803 1567 ctissimi·
820 1470 1029 1554 civis,
1057 1486 1616 1568 ceterorumque
1653 1472 2066 1569 principum
2090 1523 2111 1554 ,
2141 1470 2620 1543 celeberrimae

486 1590 563 1647 et
618 1578 1033 1674 gratissimae
1074 1582 1463 1652 conciones
1503 1578 1822 1653 fuerunt.
1869 1586 1982 1653 De
2021 1606 2142 1653 me
2187 1596 2480 1653 senatus
2521 1581 2620 1651 ita

486 1685 803 1783 decrevit
817 1742 839 1775 ,
862 1692 993 1760 Cn.
1021 1694 1371 1789 Pompeio
1394 1706 1690 1764 auctore
1715 1746 1736 1778 ,
1758 1706 1834 1763 et
1856 1692 2014 1787 ejus
2031 1692 2404 1765 sentenn‘ae
2427 1692 2620 1788 prin·

484 1798 681 1893 cipe,
702 1811 823 1886 ut,
852 1802 913 1869 si
940 1802 1107 1897 quis
1130 1802 1547 1900 impedisset
1563 1800 1878 1873 reditum
1903 1826 2144 1874 meum
2160 1857 2181 1889 ,
2203 1803 2282 1873 in
2301 1800 2618 1873 hostium

486 1930 793 1979 numero
832 1909 1256 2008 putaretur⁴
1294 1939 1311 1981 ε
1354 1912 1588 2009 iisque
1639 1910 1876 1983 verbis
1915 1936 2000 1985 ea
2047 1913 2140 1984 de
2175 1937 2294 1983 me
2327 1926 2620 1983 senatus

483 2021 871 2093 auctoritas
900 2018 1253 2093 declarata
1270 2036 1411 2109 est,
1436 2036 1524 2093 ut
1543 2023 1816 2093 nemini
1843 2026 1936 2094 sit
1957 2022 2370 2121 triumphus
2387 2021 2614 2094 hono-

488 2128 919 2217 rificentius,
956 2156 1177 2229 quam
1214 2132 1393 2203 mihi
1426 2130 1620 2225 salus
1659 2134 2170 2229 restitutioque
2197 2135 2614 2232 perscripta.

486 2242 597 2311 De
650 2266 807 2330 me,
874 2267 1104 2340 quum
1164 2266 1421 2315 omnes
1479 2246 1934 2339 magistratus
1995 2242 2572 2340 promulgassent
2594 2293 2615 2325 ,

482 2367 745 2450 praeter
788 2378 1023 2425 unum
1062 2369 1439 2452 praetorem
1464 2340 1522 2439 ⁵,
1571 2377 1616 2424 a
1665 2377 1816 2450 quo
1857 2377 2006 2426 non
2055 2351 2194 2424 fuit
2249 2352 2614 2451 postulan-

484 2461 661 2534 dum
680 2517 699 2548 ,
733 2462 1027 2536 fratrem
1056 2464 1333 2536 inimici
1366 2465 1544 2547 mei,
1584 2477 1990 2562 praeterque
2027 2461 2214 2534 duos
2248 2462 2339 2533 de
2381 2460 2617 2559 lapide

485 2585 771 2670 emptos
794 2571 829 2618 ⁶
878 2573 1213 2646 tribunos
1246 2573 1473 2673 plebis
1494 2628 1516 2660 ,
1575 2573 1806 2670 legem
1851 2574 2164 2645 comitiis
2201 2574 2617 2645 centuriatis

484 2683 651 2754 tulit
685 2688 763 2755 P.
794 2684 1147 2756 Lentulus
1174 2683 1427 2756 consul
1470 2681 1564 2755 de
1593 2682 1886 2780 collegae
1910 2687 1996 2774 Q.
2029 2681 2300 2754 Metelli
2333 2695 2620 2752 senten-

484 2795 623 2864 tia:
653 2819 873 2891 quem
892 2819 1178 2866 mecum
1203 2793 1451 2866 eadem
1478 2792 1921 2892 respublica,
1947 2819 2112 2891 quae
2135 2795 2212 2864 in
2243 2791 2614 2864 tribunatu

480 2909 681 3002 ejus7
715 2904 1162 2999 disjunxerat
1183 2959 1203 2992 ,
1240 2907 1317 2975 in
1356 2904 1768 2993 consulatu,
1805 2906 2071 2976 virtute
2099 2905 2358 3002 optimi
2393 2928 2476 2975 ac
2503 2903 2616 2998 ju-

482 3019 774 3092 stissimi
815 3020 984 3104 viri,
1022 3015 1977 3116 sapientiaque,conjunxit.
2005 3019 2184 3108 Quae
2206 3014 2318 3085 lex
2359 3037 2616 3111 quem-

482 3127 876 3201 admodum
938 3142 1229 3224 accepta
1280 3130 1409 3214 sit,
1463 3125 1643 3224 quid
1697 3151 1811 3199 me
1873 3127 2130 3198 attinet
2185 3123 2470 3195 dicere?
2525 3146 2614 3195 ex

480 3304 645 3369 alpina
660 3304 935 3369 profectus.
962 3302 1253 3352 Placentiam
1272 3302 1510 3352 Ins-abde
1595 3312 1732 3350 erant
1757 3301 1934 3352 Sextus
1951 3299 2156 3350 attilius
2181 3297 2418 3346 Serranus
2441 3309 2492 3346 et
2511 3299 2616 3347 Nu-

482 3383 651 3431 nrbem
674 3395 898 3440 venenu
926 3381 1040 3431 inde
1063 3383 1289 3430 Pisonem
1315 3381 1397 3430 hie
1417 3397 1504 3430 vo·
1593 3382 1774 3430 merim
1801 3380 2038 3444 Quintus.
2071 3377 2256 3442 lapide
2289 3377 2446 3441 empti
2483 3376 2615 3424 dice-

481 3462 623 3510 cibns
642 3461 857 3527 appellat
874 3473 1059 3518 orator.
1074 3473 1127 3508 eu
1146 3459 1365 3510 Insuber.
1591 3459 1774 3508 bantur
1788 3459 1936 3522 nervi,
1951 3457 2040 3524 qni
2060 3457 2154 3506 tub
2173 3457 2311 3504 hasta
2328 3471 2434 3504 non
2450 3456 2612 3503 venie-

557 3551 607 3599 4.
645 3541 707 3590 In
747 3542 953 3591 leucium
988 3555 1185 3589 numero
1219 3547 1504 3604 putaretur.
1591 3539 1732 3588 bont.
1761 3541 1869 3588 110·
1897 3553 2062 3603 preco
2077 3535 2350 3595 vendebat,
2377 3546 2437 3583 nt
2457 3551 2522 3584 ex
2541 3535 2615 3582 his

479 3621 687 3670 sen-tna
710 3621 995 3685 plerumque
1014 3621 1093 3668 hi·
1120 3618 1283 3667 verbio
1308 3635 1395 3666 ona
1425 3616 1506 3667 do-
1593 3619 1752 3668 Planti
1799 3617 2024 3667 venibat
2069 3626 2202 3681 patet
2237 3630 2254 3666 ε
2301 3635 2324 3658 ι
2343 3615 2390 3662 0
2437 3614 2584 3663 stulte
2601 3649 2618 3674 ,

482 3713 617 3750 creta
632 3702 883 3750 muniebat
897 3735 915 3762 ,
940 3711 999 3748 nt
1014 3699 1103 3762 qni
1118 3713 1257 3746 mus
1276 3697 1467 3746 fecisset
1482 3729 1504 3758 ,
1591 3696 1740 3746 stulte
1771 3697 1931 3746 neecis
1967 3711 2100 3744 nnnc
2134 3697 2304 3744 venire
2341 3706 2390 3743 te
2403 3730 2418 3753 ‚
2459 3697 2520 3742 ln
2553 3710 2614 3742 eo

484 3783 529 3831 is
546 3782 627 3830 vel
648 3791 819 3830 contin
840 3779 1187 3844 rempublicam
1208 3777 1361 3840 egisse
1376 3813 1393 3838 ,
1426 3777 1502 3826 vel
1590 3775 1702 3840 ipso
1717 3787 1816 3825 am
1829 3774 2012 3840 lapide,
2026 3774 2114 3824 nbi
2135 3791 2300 3838 preco
2319 3773 2550 3838 predicet
2569 3793 2615 3819 ι.

482 3863 535 3910 in
581 3861 799 3910 hostium
846 3873 1051 3908 numero
1096 3855 1349 3905 habendus
1398 3871 1503 3904 eene
1663 3871 1714 3916 7.
1743 3858 1802 3902 In
1823 3855 2070 3902 tribunatu
2087 3853 2206 3916 ejus.
2225 3855 2402 3916 'anm
2425 3855 2492 3915 Q.
2505 3855 2614 3900 Me-

484 3940 741 3990 diceremr.
1591 3934 1736 3984 tellus
1765 3934 2052 3984 Ciceronem
2099 3933 2352 3982 consulem
2395 3945 2613 3982 exn-emo

554 4021 603 4068 5.
625 4022 783 4067 Umsm
792 4025 1075 4081 pra-eorem.
1092 4013 1316 4075 Appium,
1324 4011 1477 4060 scilic.
1590 4013 1883 4063 consulatus·
1921 4011 2003 4061 (lie
2067 4011 2322 4062 concionis
2377 4010 2614 4060 habenda

556 4101 606 4146 6.
630 4100 703 4146 De
718 4095 884 4160 lapide
898 4103 1097 4157 mpm.
1118 4092 1183 4141 ui
1198 4091 1299 4142 duo
1318 4091 1500 4142 tribuni
1591 4102 1834 4156 potestate
1857 4091 2084 4156 privavit.
