2996 4694
762 385 1150 453 ORATIO
1196 386 1402 453 PRO
1450 386 1527 452 T.
1576 386 1657 453 A.
1714 385 2155 456 MILONE.
2388 384 2524 483 527

389 530 582 578 mam
625 504 918 579 adducti
959 530 1241 593 sumus,
1291 506 1490 577 hunc
1534 507 1772 604 ipsum
1810 530 2123 597 annum,
2171 511 2314 583 hoc
2362 514 2525 608 ipso

389 639 677 687 summo
735 617 888 686 viro
943 617 1278 701 consule,
1321 640 1731 714 compressa
1770 616 2156 691 hominum
2203 623 2523 709 licentia,

339 812 346 821 ,
387 726 903 824 cupiditatibus
940 724 1178 799 fractis
1203 737 1288 811 ¹²,
1323 724 1601 822 legibus
1636 741 1709 800 et
1747 727 2037 822 judiciis
2069 733 2520 820 constitutis,

385 836 770 909 salutarem
817 838 1084 909 civitati
1119 835 1295 907 fore.
1350 840 1545 909 Num
1584 842 1747 934 quis
1787 838 2007 935 igitur
2054 856 2163 913 est
2204 856 2351 913 tam
2389 842 2517 916 de-

387 966 632 1033 menS,
677 947 804 1043 qui
849 945 1030 1033 hoc,
1081 951 1150 1017 P.
1202 944 1456 1017 Clodio
1503 949 1701 1033 vivo,
1739 952 2159 1047 contingere
2197 959 2518 1051 potuisse

384 1053 816 1128 arbitretur?
846 1056 1088 1148 Quid?
1127 1082 1250 1142 ea,
1285 1081 1446 1154 quae
1471 1058 1779 1143 tenetis,
1818 1060 2089 1155 privata
2136 1075 2355 1158 atque
2397 1087 2517 1134 ve-

383 1180 566 1256 stra,
605 1168 1024 1241 dominante
1060 1168 1358 1241 homine
1401 1168 1715 1259 furioso,
1756 1169 1956 1266 quod
1991 1172 2113 1267 jus
2148 1188 2515 1271 perpetuae

383 1281 854 1375 possessionis
897 1278 1165 1353 habere
1181 1296 1186 1303 '
1201 1282 1609 1378 potuissent
1626 1280 1656 1350 ἱ)

480 1392 736 1459 XXIX.
777 1395 940 1464 Non
980 1395 1276 1475 timeo¹‚
1308 1390 1586 1487 judices
1608 1446 1629 1475 ‚
1666 1414 1757 1461 ne
1782 1390 1955 1462 odio
1984 1392 2513 1465 inimicitiarum

381 1520 704 1571 mearum
750 1500 1274 1589 inflammatus„
1319 1501 1710 1573 libentius²
1760 1500 1907 1573 haec
1964 1505 2039 1573 in
2092 1500 2299 1573 illum
2344 1528 2511 1575 evo·

381 1631 579 1679 mere
630 1611 894 1697 videar,
951 1636 1170 1707 quam
1227 1613 1486 1683 verius.
1543 1614 1829 1683 Etenim
1884 1614 2019 1685 etsi
2071 1616 2513 1712 praecipuum

383 1740 534 1805 esse
568 1717 878 1791 debebat
900 1718 956 1807 ³,
992 1736 1232 1791 tamen
1270 1721 1368 1791 ita
1393 1723 1803 1793 communis
1832 1738 1991 1795 erat
2030 1730 2361 1796 omnium
2395 1725 2513 1797 ille

381 1824 643 1918 hostis,
683 1844 762 1900 ut
801 1832 877 1901 in
911 1835 1283 1903 communi
1333 1829 1507 1903 odio
1543 1858 1747 1929 paene
1784 1833 2158 1929 aequaliter
2191 1860 2511 1909 versare-

380 1950 500 2007 tur
533 1938 782 2010 odium
825 1966 1090 2012 meum.
1143 1946 1306 2013 Non
1360 1956 1605 2037 potest
1635 1941 1773 2013 dici
1832 1947 2037 2029 satiS‚
2080 1967 2174 2013 ne
2216 1947 2511 2041 cogitari

380 2046 710 2141 quidem,
743 2066 1102 2149 quantum
1131 2054 1206 2121 in
1237 2052 1362 2123 illo
1391 2051 1711 2138 sceleris,
1750 2067 2107 2148 quantum
2134 2056 2332 2124 exitii
2356 2054 2513 2127 fue-

377 2158 490 2227 rit.
516 2160 716 2250 Quin
735 2166 836 2234 sic
859 2163 1238 2250 attendite,
1255 2161 1556 2259 judices.
1582 2165 1863 2259 Nempe
1895 2162 2047 2234 haec
2071 2178 2179 2235 est
2206 2168 2509 2261 quaestio

378 2263 469 2339 de
523 2271 823 2343 interitu
864 2277 938 2345 P.
995 2272 1251 2345 Clodii.
1317 2274 1597 2371 Fingite
1626 2274 1904 2344 'animis
1952 2299 1969 2341 ε
2018 2272 2260 2344 liberae
2311 2276 2505 2345 enim

377 2395 549 2451 sunt
589 2384 1062 2481 cogitationes
1100 2398 1401 2471 nostrae3
1445 2399 1523 2456 et
1556 2409 1720 2482 quae
1754 2381 2179 2470 volunt‚'sic
2215 2386 2505 2456 intuen-

377 2503 519 2580 tur,
579 2509 659 2566 ut
711 2520 796 2567 ea
847 2499 1460 2594 cerniinus‚·quae
1512 2494 1883 2568 videmus⁴
1929 2521 1945 2564 z
1989 2493 2239 2592 fingite
2289 2497 2507 2594 igitur

375 2606 808 2700 cogitatione
841 2608 1226 2705 imaginem
1258 2606 1382 2702 huj
1395 2632 1478 2678 us
1522 2604 1957 2678 conditionis
1994 2629 2169 2677 meae
2191 2659 2211 2692 ‚
2252 2605 2309 2674 si
2335 2628 2504 2702 pos-

373 2713 508 2784 sim
537 2713 862 2804 efficere‚
901 2733 982 2788 ut
1007 2717 1356 2790 Milonem
1383 2715 1769 2789 absolvatis
1788 2771 1809 2800 ‚
1842 2716 1965 2788 sed
1990 2719 2119 2802 ita,
2152 2717 2213 2788 si
2236 2721 2311 2788 P.
2339 2716 2507 2789 Clo-

375 2823 536 2897 dius
607 2830 944 2901 revixerit
961 2827 1016 2898 5.
1096 2829 1290 2921 Quid
1361 2828 1568 2900 vultu
1644 2828 2114 2899 extimuistis?
2181 2852 2503 2925 quonam

449 3033 526 3066 ia.
544 3019 888 3083 cupiditatibus
897 3021 1091 3082 fractis.
1110 3022 1393 3083 Avaritiam,
1557 3021 1605 3067 3.
1652 3020 1771 3066 Esse
1806 3018 2028 3066 debebat.
2064 3019 2190 3080 Quia
2232 3033 2309 3064 me
2346 3017 2528 3066 modia.

366 3094 622 3146 libidinem
644 3135 660 3160 ,
713 3111 763 3150 et
809 3102 1052 3150 honorum
1105 3101 1388 3150 effrenatam
1481 3097 1711 3148 omnibus
1734 3097 1953 3156 vexavit,
1973 3113 2000 3144 e
2020 3098 2173 3161 patria
2196 3097 2362 3157 ejecit3
2391 3098 2506 3162 quia

369 3177 686 3241 cupiditatem
705 3180 956 3244 intelligit,
981 3179 1160 3244 quibua
1183 3181 1392 3230 maxime
1475 3177 1609 3226 bona
1636 3191 1741 3224 mea
1770 3175 2067 3240 publicavit,
2096 3175 2393 3240 domumque
2424 3179 2505 3226 in-

367 3267 488 3330 ²⁸⁰⁰.
529 3261 762 3324 temporis
807 3258 1082 3324 respublica
1116 3259 1388 3312 laborabat.
1477 3257 1643 3306 cendit
1668 3271 1843 3304 meam.

367 3335 626 3399 Pompeius
651 3350 814 3387 autem
831 3374 845 3397 ‚
869 3355 896 3386 a
931 3339 1174 3404 principio
1209 3355 1386 3388 conau-
1550 3345 1596 3390 4.
1627 3338 1750 3399 Qua·
1772 3332 2012 3382 videmus.
2036 3333 2286 3398 Cogitatio
2310 3346 2507 3400 nostra,

364 3411 519 3475 latua,
551 3427 722 3464 eontra
745 3417 1030 3466 ambitioaoa
1048 3452 1065 3478 ‚
1102 3431 1154 3466 et
1172 3417 1386 3478 judicio·
1473 3415 1714 3480 quidquid
1733 3416 1973 3468 volumus,
1994 3413 2155 3480 fingit,
2173 3425 2221 3463 et
2247 3433 2499 3480 quaecnm-

363 3507 474 3540 rum
509 3505 849 3560 corruptor-ea,
875 3496 1004 3560 leges
1039 3496 1216 3546 tulerat
1247 3513 1386 3546 acer·
1473 3511 1569 3559 que
1614 3505 1775 3544 mente
1826 3495 2136 3566 pratoipimua
2155 3529 2171 3554 ,
2220 3505 2318 3543 tam
2367 3497 2496 3545 clare

364 3570 522 3620 rinae.
1470 3584 1736 3639 apparent,
1762 3591 1907 3638 quam
1928 3591 2039 3638 quoe
2066 3573 2223 3623 oculis
2252 3576 2500 3626 intuemur

432 3649 631 3699 1111.
657 3665 703 3698 t.
733 3652 850 3698 Non
873 3651 1034 3704 timeo.
1060 3655 1138 3703 Ne
1161 3653 1384 3704 videatur
1472 3664 1522 3702 et
1539 3654 1685 3719 plane
1706 3653 1964 3703 cernimus.

362 3727 622 3777 violentius
647 3727 702 3778 in
727 3732 788 3779 P.
809 3729 1036 3780 Clodium
1058 3735 1302 3800 erupisse,
1329 3751 1380 3784 ae
1541 3733 1595 3782 5.
1648 3735 1708 3780 P.
1768 3733 1961 3782 Clodius
2014 3731 2259 3782 miserit.
2308 3733 2494 3783 callido

361 3824 421 3856 eo
439 3807 555 3856 odio
577 3808 655 3871 agi
670 3806 948 3872 profitetur,
969 3825 1070 3874 quo
1094 3829 1264 3862 omnes
1288 3813 1382 3862 viri
1468 3823 1635 3863 orator
1697 3813 1979 3861 memoriam
2049 3811 2213 3861 Clodii
2259 3822 2456 3860 revocat
2474 3845 2491 3868 ‚

361 3887 480 3934 boni
495 3887 752 3936 sceleratos
769 3887 992 3936 homine·
1009 3903 1380 3956 peraequantur.
1469 3907 1712 3957 quamque
1789 3893 1975 3940 inviam
2042 3891 2189 3938 fuerit
2266 3888 2492 3936 omnibus

433 3984 484 4017 2.
513 3965 776 4016 Libentius.
804 3966 1017 4030 Quidam
1046 3969 1129 4017 hie
1153 3969 1385 4034 suspicati
1470 3973 1677 4036 exponit
1694 4007 1711 4034 ,
1742 3987 1845 4036 quo
1870 3970 2033 4019 minor
2072 3969 2124 4016 in
2155 3967 2391 4016 Milonem
2417 3967 2493 4013 in-

361 4057 476 4095 sunt
517 4045 735 4094 licentius
755 4081 770 4106 ,
811 4046 897 4096 aed
933 4047 1068 4096 nulla
1117 4051 1384 4098 manuscri-
1473 4051 1603 4100 vidia
1646 4049 1853 4098 arderet.
1898 4048 2155 4112 Eleganter
2190 4045 2271 4092 hic
2302 4043 2493 4106 indices

359 4135 556 4187 ptorum
575 4126 862 4174 anctoritate
879 4125 1006 4174 freti.
1471 4129 1713 4194 appellat,
1741 4127 2028 4190 territosque
2054 4121 2215 4172 Clodii
2243 4121 2305 4169 ad
2333 4121 2491 4169 lucem
