2996 4694
818 386 1225 455 oRA‘rlo
1275 362 1477 454 pao
1531 388 1607 455 P.
1659 386 2073 456 sssx‘rlo,
2380 414 2511 486 ιη

373 530 680 607 corpore
707 507 1044 579 ambusto
1059 558 1079 593 ‚
1105 508 1325 578 vitam
1351 507 1509 602 ejus
1548 522 1621 579 et
1637 507 1981 581 virtutem
2016 509 2515 589 immortalitas

371 620 740 716 excepisse
775 616 1070 703 dicitur,
1123 618 1366 688 minus
1415 618 1909 689 existimemus
1948 642 2113 707 eos,
2154 624 2281 715 qui
2324 620 2513 705 hanc

375 741 648 798 tantam
689 723 1212 823 rempublicam
1266 726 1416 807 suis
1463 726 1783 799 consiliis
1844 751 1929 799 ac
1974 727 2345 803 laboribus
2388 748 2513 805 aut

371 840 742 925 auxerint,
763 852 891 909 aut
924 834 1380 909 defenderint
1403 890 1424 922 ‚
1451 851 1577 908 aut
1611 837 1995 926 servarint,
2034 864 2187 912 esse
2224 840 2516 913 immor-

371 948 592 1019 talem
625 947 926 1045 gloriam
961 961 1472 1042 consequutos.

469 1061 722 1129 LXIX.
764 1056 902 1127 Sed
947 1080 1067 1126 me
1105 1070 1442 1152 repente,
1472 1055 1795 1152 judices,
1826 1056 1920 1131 de
1956 1054 2511 1133 fortissimorum

371 1181 448 1237 et
485 1165 1050 1239 clarissimorum
1087 1166 1350 1237 civium
1379 1164 1725 1265 dignitate
1749 1181 1821 1238 et
1854 1166 2083 1264 gloria
2116 1165 2513 1259 dicentem,

369 1290 446 1345 et
483 1270 692 1373 plura
731 1278 950 1346 etiam
991 1271 1231 1345 dicere
1265 1292 1643 1373 parantem
1661 1330 1681 1362 ,
1716 1276 1983 1349 horum
2018 1276 2400 1375 adspectus
2430 1281 2508 1353 in

369 1386 534 1483 ipso
557 1410 776 1458 cursu
803 1386 1148 1457 orationis
1181 1388 1541 1482 repressit.
1574 1386 1805 1459 Video
1840 1392 1916 1459 P.
1942 1390 2302 1473 Sextium,
2334 1414 2511 1465 meae

371 1496 618 1569 salutis
638 1551 658 1583 ‚
710 1510 966 1567 vestrae
1002 1497 1448 1569 auctoritatis
1471 1508 1521 1584 ¹,
1556 1496 1868 1595 publicae
1906 1522 2135 1569 causae
2171 1496 2507 1573 defenso-

371 1630 524 1677 rem
553 1658 574 1695 ,
613 1619 1232 1704 propugnatorem
1255 1659 1274 1694 ,
1317 1622 1687 1679 auctorem
1702 1616 1757 1693 ²,
1786 1630 2029 1695 reum3
2063 1607 2279 1681 video
2307 1608 2507 1683 hunc

373 1730 872 1813 praetextatum
901 1716 1056 1812 ejus
1091 1714 1366 1788 filium³
1397 1718 1627 1790 oculis
1660 1718 2221 1815 lacrymantibus
2256 1744 2375 1792 me
2398 1724 2505 1795 in·-

371 1841 740 1915 tuentem3
779 1826 992 1899 video
1019 1826 1774 1913 Milonem‚vindieem
1810 1832 2100 1899 vestrae‘*
2138 1828 2507 1915 libertatis,

373 1938 744 2008 custodem
781 1938 1030 2008 salutis
1063 1962 1280 2025 meae,
1309 1937 1717 2010 subsidium
1744 1936 2023 2009 afflictae
2058 1938 2473 2037 reipublicae
2488 1944 2517 2022 ,’

371 2048 882 2121 exstinctorem
923 2046 1299 2121 domestici
1339 2048 1733 2137 latrocinii,
1772 2074 2257 2146 repressorem
2296 2052 2507 2125 caedis

371 2156 809 2253 quotidianae
835 2212 856 2244 ‚
895 2156 1352 2231 defensorem
1377 2159 1819 2257 templorum
1856 2174 2081 2254 atque
2110 2173 2505 2247 tectorum,

371 2266 780 2365 praesidium
813 2270 1028 2340 curiae
1047 2324 1067 2358 ,
1095 2268 1541 2342 sordidatum
1574 2282 1647 2339 et
1680 2292 1932 2354 reum3
1970 2266 2183 2339 video
2210 2273 2285 2341 P.
2318 2272 2506 2343 Len-

371 2379 606 2451 tulum
627 2433 647 2466 ,
683 2381 892 2476 cujus
927 2405 1062 2478 ego
1097 2396 1374 2479 patrem
1394 2435 1414 2468 ‚
1457 2379 1677 2451 deum
1718 2403 1801 2449 ac
1848 2391 2221 2475 parentem
2262 2393 2503 2452 statuo

369 2486 676 2561 fortuna
705 2515 790 2562 ac
825 2493 1136 2562 nominis
1171 2491 1313 2562 mei
1339 2545 1360 2578 ‚
1387 2505 1462 2562 et
1497 2488 1771 2576 fratris,
1804 2511 2197 2584 rerumque
2226 2503 2505 2561 nostra·

369 2622 572 2687 rum,
615 2601 690 2669 in
725 2601 869 2672 hoc
911 2602 1174 2672 misero
1209 2600 1551 2698 squalore
1594 2612 1666 2670 et
1709 2595 2091 2669 sordibus:
2126 2599 2243 2670 cui
2282 2623 2503 2696 supe·

368 2711 518 2781 rior
556 2733 790 2781 annus
825 2709 1021 2782 idem
1053 2765 1074 2800 ‚
1116 2725 1188 2783 et
1221 2710 1503 2782 virilem
1524 2765 1544 2796 ‚
1580 2709 1843 2806 patris,
1892 2721 1967 2778 et
2004 2721 2421 2805 praetextam
2446 2705 2500 2795 ⁵,

367 2873 508 2926 ptum
522 2896 539 2921 ,
563 2861 699 2926 quod
730 2878 786 2911 ea
817 2863 1050 2928 opinione
1077 2863 1223 2911 fuerit
1246 2879 1390 2926 quam

367 2957 511 3004 supra
549 2942 978 3000 commemonvit;
1019 2942 1156 3006 quod
1200 2958 1389 3008 semper

367 3019 640 3084 impavidus
661 3021 860 3068 adversa
884 3021 982 3069 fata
1003 3021 1146 3085 tulit,
1171 3032 1221 3069 et
1245 3021 1308 3070 ad
1333 3021 1388 3069 id

367 3114 517 3146 unum
545 3099 783 3147 laboravit
808 3111 866 3148 ut
891 3115 1072 3148 nomen
1097 3117 1240 3164 quam
1258 3116 1386 3165 prae-

303 3187 306 3192 ·
367 3176 681 3226 clarissimum
703 3179 910 3242 postelis
929 3179 1161 3228 traderet.

439 3257 621 3307 Lxlx.
653 3274 699 3307 ι.
729 3260 910 3305 Veserae
927 3256 1242 3306 auctoritatis.
1262 3257 1390 3308 Nam

367 3345 525 3384 vestra
549 3336 774 3386 voluntas
793 3336 842 3382 in
871 3349 950 3383 me
976 3336 1273 3386 restituendo
1288 3372 1306 3398 ,
1330 3339 1388 3385 P.

366 3412 585 3462 Sextium
601 3415 872 3475 adiutorem
889 3414 1075 3465 habuit.
1091 3442 1161 3453 --
1171 3415 1390 3466 Publica·

363 3507 562 3542 camai.-
583 3495 707 3542 Nam
755 3509 894 3544 cau-a
945 3494 1226 3559 reipublicae
1278 3511 1391 3546 cum

363 3588 470 3620 mea
505 3574 647 3622 simul
679 3573 940 3640 agebam-3
968 3577 1146 3626 etenim
1179 3576 1222 3622 si
1265 3574 1388 3624 boni

363 3651 496 3700 eive:
555 3652 914 3718 negligerentur
934 3687 950 3714 ‚
1009 3653 1070 3704 de
1137 3653 1387 3719 republica

362 3731 566 3780 omnino
592 3731 718 3780 foret
741 3733 1112 3784 conclamatum.

433 3823 482 3860 a.
507 3812 949 3876 Propugnatorem‚
979 3823 1238 3860 auctorem.
1265 3811 1389 3873 Qui·

363 3885 474 3934 dam
503 3887 585 3936 hio
612 3889 760 3940 verba
785 3889 1104 3940 redundantia
1127 3890 1387 3956 reprehen-

361 3965 518 4028 dunt;
541 3977 594 4015 at
615 3967 734 4016 mihi
764 3985 954 4018 sensum
981 3985 1086 4018 non
1111 3969 1237 4018 bene
1261 3985 1384 4020 con·

357 4044 522 4112 cipere
565 4047 828 4109 videntia-3
876 4063 990 4096 nam
1031 4047 1100 4096 sic
1151 4047 1386 4112 cujusque

358 4125 496 4172 vocis
521 4126 648 4174 ratio
674 4125 898 4175 habenda
924 4136 998 4174 est
1021 4143 1035 4174 ε
1065 4127 1192 4176 Mete
1218 4126 1386 4174 salutis

1478 2861 1539 2910 de
1546 2861 1797 2918 sensorcm,
1814 2869 1983 2908 vestra
1997 2859 2299 2908 auctoritatis
2315 2875 2503 2926 pmpu-

1474 2951 1753 3005 gaston-em,
1770 2949 1819 2988 et
1832 2937 2041 3003 publicae
2059 2953 2217 2987 causa
2235 2949 2503 2988 auctorem.

1475 3023 1663 3068 Auctor
1681 3029 1843 3066 autem
1873 3017 2081 3082 publicae
2112 3033 2268 3064 causa
2303 3016 2498 3077 dicitur,

1475 3099 1563 3162 qui
1589 3114 1693 3145 eam
1724 3107 1967 3162 tamquam
1992 3095 2273 3160 reipublice
2301 3096 2501 3144 nominc

1475 3179 1703 3244 suscepit.

1548 3257 1600 3306 3.
1646 3254 1841 3304 Filium.
1888 3251 2121 3302 Sciebant
2162 3251 2234 3300 rei
2278 3263 2503 3317 parentes

1476 3345 1615 3384 etate
1662 3334 1941 3393 confectos,
1984 3341 2069 3378 aut
2116 3341 2305 3378 teneros
2339 3331 2502 3380 adhuc

1477 3431 1656 3480 pueros
1682 3423 1792 3462 ante
1805 3411 1995 3474 judices
2016 3411 2210 3473 sistere,
2233 3426 2333 3476 quo
2350 3412 2507 3477 magis

1475 3491 1854 3542 misericordiam
1880 3500 2149 3538 moverent.

1550 3579 1599 3628 4.
1633 3573 1813 3619 Vestroe
1836 3567 2082 3620 libertatis·
2105 3569 2232 3632 Quia
2255 3571 2313 3618 P.
2336 3568 2501 3617 Clodii

1475 3647 1695 3713 furorem
1730 3647 2051 3698 exsultantem
2083 3649 2341 3714 :cpi-essin
2375 3665 2499 3696 neve

1471 3731 1556 3782 illc
1572 3764 1589 3791 ,
1628 3729 1767 3796 quod
1787 3728 2031 3794 cogitabat
2044 3763 2059 3789 ,
2097 3728 2261 3777 omnia
2290 3728 2339 3774 vi
2366 3738 2498 3774 tene-

1475 3820 1549 3860 ret
1565 3846 1580 3871 ,
1604 3809 1783 3859 effecit.

1548 3889 1597 3937 5.
1625 3891 1939 3936 Proeoeoecam.
1960 3885 2132 3948 Augur
2146 3883 2303 3932 fuerat
2318 3883 2505 3930 electus

1472 3966 1693 4032 quamvis
1731 3964 2017 4013 adolescens
2051 3973 2204 4022 essct3
2246 3959 2335 4008 sed
2367 3963 2500 4008 aetati

1471 4055 1678 4110 propter
1708 4043 1919 4107 egregias
1950 4040 2163 4106 parentis
2188 4040 2391 4090 virtutes
2416 4041 2499 4086 in·

1471 4125 1734 4174 dulcorant.
