2996 4694
461 295 551 370 56
1103 297 1201 364 M.
1251 295 1329 362 T.
1383 291 1939 364 CICERONIS

455 422 627 482 sunt
679 405 1096 480 consulibus
1141 405 1278 475 illis
1301 458 1320 494 ,
1370 402 1784 484 tacentibus,
1826 403 2104 476 dicam?
2158 406 2381 478 immo
2418 431 2591 478 vero

457 513 1028 614 approbantibus
1061 514 1276 586 etiam
1307 540 1322 581 ε
1364 530 1448 585 ut
1485 515 1811 586 censoria
1852 517 2061 586 notio
2078 510 2132 603 ἓ,
2168 529 2239 586 et
2274 517 2593 613 gravissi-

460 650 659 696 mum
695 626 1050 722 judicium
1099 625 1527 696 sanctissimi
1578 625 2031 722 magistratus
2083 624 2176 697 de
2221 624 2595 725 republica

453 735 876 822 tolleretur3
931 747 1018 804 ut
1067 733 1362 831 collegia
1419 760 1573 806 non
1628 733 1848 805 modo
1893 735 2016 806 illa
2054 751 2295 808 vetera
2340 751 2597 810 contra

457 842 1160 919 senatusconsultum
1208 845 1791 934 restituerentur,
1824 845 1951 917 sed
1994 845 2086 918 ab
2128 871 2281 918 uno
2326 847 2592 946 gladia-

458 972 618 1029 tore
658 952 1210 1026 innumerabilia
1246 955 1378 1028 alia
1416 981 1605 1027 nova
1636 955 2301 1042 conscriberentur;
2333 973 2448 1046 ut,
2478 982 2591 1029 re-

461 1067 695 1140 missis
746 1062 1161 1138 semissibus
1210 1081 1284 1137 et
1323 1066 1715 1139 trientibus
1735 1069 1792 1155 ⁴,
1848 1070 2099 1165 quinta
2153 1092 2387 1167 prope
2430 1091 2597 1168 pars

460 1176 912 1275 vectigalium
974 1175 1392 1266 tolleretur3
1433 1193 1518 1249 ut
1558 1175 1911 1266 Gabinio,
1956 1202 2091 1275 pro
2142 1178 2264 1248 illa
2306 1204 2435 1251 sua
2478 1179 2597 1250 Ci-

460 1289 658 1376 licia,
701 1311 920 1385 quam
957 1285 1133 1374 sibi,
1173 1289 1234 1358 si
1273 1286 1797 1387 rempublicam
1835 1287 2271 1387 prodidisset
2291 1343 2311 1377 ,
2344 1303 2601 1388 pactus

463 1413 651 1486 erat,
688 1400 885 1495 Syria
945 1396 1274 1485 daretur3
1325 1413 1410 1469 ut
1457 1399 1589 1469 uni
1632 1393 2009 1470 helluoni⁵
2047 1396 2163 1468 bis
2206 1395 2299 1468 de
2344 1397 2598 1469 eadem

397 1539 404 1545 ·
461 1532 541 1579 re
578 1505 1066 1596 deliberandi,
1105 1522 1212 1596 et,
1260 1522 1510 1606 rogata
1557 1507 1754 1606 lege,
1804 1522 2123 1606 potestas
2170 1505 2379 1580 fieret
2426 1532 2597 1607 pro-

464 1620 718 1689 vinciae
755 1616 1306 1689 commutandae.

557 1733 814 1800 XXVI.
859 1730 1070 1798 Mitto
1113 1752 1268 1799 eam
1313 1728 1545 1826 legem
1574 1740 1627 1817 ¹,
1667 1753 1829 1826 quae
1862 1730 2103 1800 omnia
2137 1728 2301 1824 jura
2327 1726 2603 1825 religio-

465 1863 642 1909 num
664 1849 721 1923 2,
775 1837 1258 1935 auspiciorum
1281 1894 1300 1929 ‚
1339 1852 1777 1936 potestatum
1803 1895 1824 1928 ‚
1866 1863 2120 1910 omnes
2168 1838 2395 1936 legeS,
2440 1861 2599 1934 quae

467 1962 640 2020 sunt
681 1945 770 2019 de
819 1947 1029 2042 jure,
1073 1962 1146 2018 et
1197 1946 1288 2019 de
1346 1947 1723 2048 tempore³
1781 1947 2021 2048 legum
2075 1947 2603 2047 rogandarum,

469 2083 616 2128 una
653 2060 1027 2155 rogatione
1064 2056 1370 2146 delevit3
1407 2062 1619 2132 mitto
1655 2084 1949 2132 omnem
1992 2059 2455 2132 domesticam
2497 2058 2601 2129 la·

469 2166 680 2240 bem:
732 2169 945 2239 etiam
992 2183 1269 2240 exteras
1309 2169 1643 2241 nationes
1686 2170 1879 2240 illius
1928 2171 2097 2240 anni
2140 2167 2387 2240 furore
2425 2192 2603 2239 con-

473 2293 833 2376 quassatas
885 2277 1327 2352 videbamus.
1387 2281 1579 2379 Lege
1622 2279 2003 2353 tribunitia
2035 2282 2283 2353 Matris
2324 2283 2603 2377 Magnae

472 2373 962 2463 Pessinuntius
1013 2391 1132 2461 ille
1187 2390 1521 2464 sacerdos
1568 2392 1908 2491 expulsus
1929 2446 1950 2480 ‚
1992 2406 2066 2463 et
2111 2391 2461 2490 spoliatus
2496 2412 2605 2460 sa-

474 2606 750 2671 petebatur,
777 2605 855 2653 vel
887 2606 1001 2668 quia
1032 2606 1237 2655 Clodius
1253 2639 1269 2664 ,
1296 2616 1498 2669 accepta
1587 2604 1821 2655 deuncem
1844 2622 1929 2655 eeu
1950 2606 2228 2656 danntem
2254 2604 2607 2671 significarent,

473 2684 709 2751 pecunia,
727 2682 886 2733 soedus
903 2682 1242 2749 frangebat,et
1259 2700 1349 2749 per
1363 2699 1497 2731 sum-
1584 2700 1778 2733 neeesse
1806 2696 1909 2735 erat
1936 2697 1998 2736 ut
2026 2686 2269 2734 semissem
2296 2696 2347 2734 et
2379 2686 2607 2735 trientem

475 2780 602 2811 mam
623 2760 877 2827 perfidiam
893 2795 908 2821 ,
935 2770 993 2809 ut
1017 2773 1362 2821 consueverat,
1389 2776 1500 2810 sen-
1586 2765 1875 2826 conjunctos
1892 2776 2307 2829 repraesentarent.

473 2842 676 2891 tentiam
701 2838 932 2889 mutabat.

546 2922 594 2971 3.
619 2916 848 2970 Censorio
867 2917 1017 2968 notio.
1035 2917 1251 2967 Nosces-e
1265 2928 1314 2966 et
1331 2928 1498 2987 notare

473 3016 729 3051 censorum
768 3009 884 3049 erat.
924 2996 1068 3045 Unde
1103 2996 1226 3045 nihil
1259 3007 1333 3046 eat
1361 2998 1498 3063 quod

476 3098 584 3130 cum
601 3078 850 3129 nonnullis
867 3091 1076 3141 reponas
1092 3075 1302 3140 notatio,
1322 3075 1496 3127 adver-

475 3159 692 3209 santibus
713 3158 887 3206 mstis.

544 3246 594 3295 4.
624 3234 848 3285 Remisst's
863 3232 1138 3283 semissibus
1159 3246 1208 3281 ec
1226 3234 1494 3287 trientibus.

476 3316 686 3366 Gracchi
720 3315 828 3378 lege
865 3314 1158 3360 frumentum
1197 3312 1382 3379 populo
1417 3333 1495 3364 ae.

475 3400 617 3445 misse
673 3406 722 3444 et
756 3394 962 3452 triente,
987 3391 1084 3441 hoc
1109 3403 1204 3453 est,
1243 3394 1492 3458 dextante,

473 3476 726 3535 veniebat3
758 3472 842 3521 illa
867 3472 1091 3537 abrogata
1113 3472 1256 3534 jussit
1279 3475 1492 3540 populus

473 3556 525 3605 in
558 3565 811 3619 posterum
853 3550 974 3599 nihil
1009 3552 1218 3616 persolvi
1250 3554 1492 3619 gratisque

473 3636 766 3683 frumentum
819 3630 952 3695 plebi
999 3630 1241 3681 distribui.
1289 3634 1494 3682 Semisse

472 3723 636 3762 autem
661 3722 711 3759 et
745 3711 915 3758 triente
942 3708 1052 3759 ideo
1087 3712 1314 3759 utebatur
1340 3714 1493 3760 Grac-

472 3794 593 3841 chus
609 3825 623 3850 ,
649 3789 784 3853 quod
809 3790 972 3837 sormae
997 3806 1310 3839 nummorum
1333 3806 1493 3839 ωηο-

473 3888 580 3920 rum
601 3868 744 3917 bouis
771 3868 1069 3933 temporibus
1086 3904 1102 3927 ,
1129 3869 1276 3919 nnllae
1296 3869 1498 3917 fuerunt

472 3952 564 3999 nisi
606 3946 857 4014 dipondii‚
885 3948 1195 4011 sesquiassis,
1235 3948 1382 4005 assis,
1422 3963 1496 3995 se-

471 4030 626 4080 missis
645 4066 661 4092 ‚
692 4028 901 4088 trientis,
931 4027 1242 4091 quadrantia3
1273 4024 1404 4074 uude
1435 4037 1493 4075 ut

1658 2838 1706 2893 5.
1740 2844 1837 2892 Uni
1856 2843 2085 2893 helluonI.
2112 2843 2281 2893 Eidem
2312 2842 2544 2893 Gabinio-

1654 2924 1848 2973 xxv1.
1882 2939 1926 2973 1.
1954 2924 2083 2971 Eam
2110 2923 2285 2987 Iegem.
2310 2924 2435 2985 Qu·
2454 2922 2607 2987 legem

1586 2999 1757 3049 AEliam
1774 3012 1823 3050 et
1840 2998 2025 3049 Fufiam
2041 3000 2263 3050 everterit
2284 3016 2297 3051 :
2318 3000 2430 3049 vide
2446 3016 2609 3065 supra.

1656 3095 1707 3130 a.
1728 3078 2047 3144 Religionum.
2066 3078 2265 3127 Nullam
2276 3078 2407 3128 enim
2419 3078 2609 3143 religio·

1584 3173 1695 3207 nem
1706 3192 1721 3219 ,
1740 3174 1897 3223 quum
1916 3157 1999 3207 lex
2014 3159 2235 3218 serretur,
2258 3158 2608 3223 impedimento

1584 3253 1685 3285 esse
1727 3236 1884 3287 voluit
1923 3252 1937 3287 τ
1982 3238 2150 3303 posuit
2190 3228 2351 3285 autem
2396 3234 2607 3303 primum

1582 3332 1761 3381 genus,
1805 3314 1983 3365 deinde
2018 3318 2230 3382 speciem
2267 3332 2282 3365 :
2325 3332 2438 3365 nam
2482 3317 2611 3365 inter

1583 3395 1841 3460 religiones
1862 3406 1975 3443 sunt
1999 3396 2231 3461 auspicia.

1656 3475 1704 3522 3.
1730 3476 1806 3523 De
1810 3472 1928 3539 jare
1940 3510 1959 3533 ,
1984 3490 2033 3523 ec
2049 3476 2111 3524 de
2132 3487 2360 3539 tempore.
2384 3476 2459 3524 De
2472 3476 2605 3538 jure,

1581 3552 1679 3603 hoc
1699 3565 1801 3611 est,
1832 3551 1895 3600 de
1922 3554 2179 3618 auspiciis,
2215 3565 2317 3606 etat
2352 3554 2475 3603 AElia
2496 3569 2512 3601 t
2548 3554 2610 3603 de

1585 3642 1823 3698 tempore,
1852 3632 2001 3683 Fufia.
2022 3634 2225 3685 Clodius
2242 3646 2497 3701 utramque
2520 3651 2607 3683 sua

1580 3710 1685 3775 lege
1717 3712 1899 3760 delevit
1928 3727 1942 3761 :
1986 3713 2098 3761 tulit
2124 3714 2253 3762 enim
2272 3747 2288 3773 ‚
2316 3724 2375 3762 ut
2406 3729 2468 3761 ne
2498 3714 2607 3777 quis

1583 3807 1673 3854 per
1698 3806 1783 3841 eos
1809 3790 1911 3842 die·
1927 3825 1943 3853 ,
1972 3792 2149 3857 quihus
2177 3810 2289 3843 cum
2314 3793 2505 3858 populo
2531 3795 2609 3857 agi

1582 3868 1749 3918 liceret
1764 3905 1777 3929 ,
1807 3870 1869 3919 de
1890 3872 2009 3921 calo
2030 3884 2277 3923 servaret:
2305 3884 2355 3921 et
2378 3884 2433 3923 ut
2450 3874 2609 3921 omni-

1585 3948 1677 3997 bus
1710 3948 1881 3997 diebus
1916 3952 2049 4001 fastis
2081 3953 2235 4017 legem
2284 3951 2395 4003 sem·
2422 3951 2606 4001 liceret.

1587 4028 1715 4078 vide
1738 4045 1899 4097 supra,
