2996 4694
868 392 1245 461 ORATIO
1296 393 1494 460 PRO
1545 395 1617 460 P.
1655 393 2062 462 ·sExT10.
2379 417 2500 480 roi

404 511 791 584 clarissimo
818 510 1071 609 [atque
1093 513 1369 608 optimo
1400 509 1768 608 consule]‚
1789 526 1862 582 et
1885 511 2136 584 ordine
2164 515 2510 611 equestri,

406 620 609 714 cujus
632 619 751 690 ille
774 619 1045 691 ordinis
1074 643 1341 690 nomen
1366 621 1629 698 retinet
1645 673 1666 707 ‚
1685 637 2104 692 ornamenta
2123 633 2148 677 '7
2171 622 2513 710 confecit3

404 721 483 801 id
518 735 650 802 erit
684 731 1075 828 populare?
1114 735 1239 801 Est
1263 730 1455 800 enim
1485 729 1706 800 homo
1743 735 1875 802 iste
1909 731 2186 829 populo
2213 757 2515 805 romano

406 837 709 911 deditus.
734 839 928 913 Nihil
957 838 1101 910 vidi
1129 842 1389 936 magis;
1412 841 1574 936 qui,
1597 864 1826 936 quum
1853 841 2006 934 ejus
2040 839 2518 914 adolescentia

404 951 483 1019 iu
520 949 965 1048 amplissimis
996 948 1395 1022 honoribus
1422 953 1684 1020 summi
1707 951 1877 1036 viri,
1908 956 1984 1020 L.
2013 948 2397 1048 Philippiss,
2421 954 2520 1022 vi-

406 1058 599 1144 trici,
637 1058 895 1130 florere
930 1061 1283 1157 potuisset
1304 1113 1323 1147 ‚
1361 1057 1593 1157 usque
1628 1082 1716 1130 eo
1757 1084 1908 1129 non
1944 1057 2083 1129 fuit
2117 1059 2478 1157 popularis
2499 1116 2519 1149 ‚

406 1183 490 1239 ut
522 1167 717 1240 bona
733 1169 926 1240 solus
944 1183 1307 1240 comesset.
1332 1167 1612 1241 Deinde
1635 1194 1726 1240 ex
1751 1169 2037 1267 impuro
2072 1167 2522 1242 adolescente

408 1295 481 1352 et
533 1280 944 1378 petulante,
988 1294 1453 1376 posteaquam
1506 1304 1658 1351 rem
1701 1293 2072 1377 paternam
2119 1279 2211 1352 ab
2265 1280 2520 1353 idiota·

408 1399 624 1458 rum9
670 1388 934 1460 divitiis
983 1387 1073 1459 ad
1126 1387 1726 1486 philosophorum
1782 1389 2096 1485 regulam
2147 1387 2523 1486 perduxit,

408 1499 815 1572 Graeculum
840 1509 901 1544 ¹⁰
950 1523 1025 1570 se
1076 1513 1290 1596 atque
1332 1501 1644 1572 otiosum
1684 1503 1922 1597 putari
1963 1498 2222 1580 voluit,
2281 1501 2523 1572 studio

406 1608 774 1680 literarum
824 1635 899 1682 se
940 1607 1181 1681 subito
1222 1608 1520 1682 dedidit.
1567 1608 1761 1683 Nihil
1802 1633 1970 1680 sane
2016 1613 2198 1678 Attae
2227 1618 2279 1654 ¹¹
2316 1610 2522 1704 juva·

406 1716 605 1790 bant.
646 1722 1066 1816 Anagnostae
1090 1729 1175 1806 ¹¹²,
1210 1716 1433 1790 libelli
1467 1719 1680 1788 etiam
1720 1741 1854 1814 pro
1891 1719 2060 1788 vino
2091 1743 2278 1816 saepe
2316 1723 2525 1817 oppi-

410 1828 917 1924 gnerabantur.
958 1827 1295 1900 Manebat
1328 1825 1792 1904 insaturabile
1834 1826 2239 1912 abdomen,
2309 1834 2528 1926 copiae

411 1934 867 2017 deficiebant.
914 1943 1165 2034 Itaque
1211 1961 1497 2033 semper
1535 1934 1954 2008 versabatur
1997 1938 2074 2006 iu
2117 1961 2243 2034 spe
2286 1962 2528 2010 rerum

411 2070 807 2134 novarum3
864 2048 1015 2117 otio
1084 2062 1155 2118 et
1223 2046 1732 2143 tranquillitate
1791 2045 2200 2144 reipublicae
2273 2073 2526 2122 conse-

412 2154 774 2228 uescebat.

509 2268 657 2337 LII.
710 2267 963 2366 Ecquae
1000 2265 1295 2338 seditio¹
1346 2276 1687 2364 umquam
1721 2265 1891 2353 fuit,
1931 2268 2004 2337 in
2039 2291 2183 2363 qua
2219 2293 2370 2338 nou
2406 2271 2526 2341 ille

413 2378 787 2475 princeps?
846 2380 1053 2473 ecqui
1104 2377 1482 2467 seditiosus
1513 2431 1532 2465 ‚
1575 2380 1694 2465 cui
1753 2377 1871 2449 ille
1921 2402 2072 2447 non
2111 2376 2530 2449 familiaris?

414 2510 657 2584 ecquae
707 2486 1128 2559 turbulenta
1168 2492 1464 2574 concie,
1501 2488 1707 2582 cujus
1741 2487 1858 2558 ille
1895 2511 2047 2557 non
2085 2490 2533 2559 concitator?

412 2598 529 2667 cui
554 2595 741 2668 bene
773 2595 948 2667 dixit
974 2620 1317 2692 umquam
1341 2595 1584 2667 bono?
1607 2596 1791 2667 bene
1811 2595 2027 2667 dixit?
2047 2597 2292 2686 immo,
2309 2622 2528 2695 quem

412 2790 525 2821 cum
551 2774 642 2823 Cn.
662 2772 869 2821 Lentulo
896 2772 1097 2830 consul,
1119 2786 1229 2819 cum
1254 2770 1424 2824 eodem
1513 2770 1690 2835 quibus
1715 2772 1884 2819 Cicero
1909 2772 2230 2836 philosophos
2265 2775 2346 2821 hic
2367 2790 2528 2841 oppo-

412 2867 584 2900 censor
596 2852 704 2910 fuit,
718 2863 769 2901 et
782 2853 1053 2904 incensum
1066 2850 1123 2901 C.
1139 2851 1426 2909 Antonium,
1512 2853 1620 2911 πίῃ
1653 2850 1788 2915 quod
1817 2851 1873 2898 hi
1905 2868 1930 2898 a
1969 2850 2189 2900 doctrina
2221 2853 2440 2901 instructi
2473 2872 2530 2903 sc

412 2933 499 2996 qui
531 2942 697 2995 postea
724 2932 1025 2981 consulatum
1052 2946 1162 2979 cum
1190 2930 1427 2979 Cicerone
1517 2930 1770 2995 temperati
1806 2931 2100 2994 exquisitum
2137 2932 2384 2995 quoddam
2416 2934 2532 2983 vitae

415 3012 555 3073 gessit
578 3044 594 3069 ,
639 2996 831 3059 senatu·
858 3012 1026 3059 movit.
1080 3009 1215 3057 Idem
1264 3008 1427 3055 deberi
1517 3024 1666 3073 genus
1691 3018 1912 3057 accurate
1931 3020 2137 3058 servant.

414 3088 637 3138 Ciceroni
671 3102 900 3137 coronam
937 3088 1139 3136 civicam
1174 3089 1228 3135 in
1262 3097 1427 3135 senatu
1593 3104 1670 3136 ιο.
1724 3088 2015 3135 Graculum.
2063 3091 2341 3137 Groecarum
2373 3088 2535 3137 literu-

416 3168 568 3227 dixst,
593 3168 729 3233 quod
755 3169 856 3229 ejus
888 3184 1033 3233 opera
1059 3167 1279 3218 catilina
1306 3182 1429 3213 con-
1516 3182 1624 3215 rum
1647 3178 1696 3215 et
1721 3166 1834 3213 ideo
1856 3166 2068 3213 scientie
2085 3164 2376 3214 studiosum.

410 3246 591 3307 juratio
608 3248 843 3311 patefact-
862 3256 983 3295 esset
997 3280 1012 3304 ‚
1038 3262 1096 3293 sc
1114 3260 1359 3309 oppressa.
1593 3260 1616 3292 1
1630 3260 1674 3294 r.
1701 3244 1844 3292 Varie
1872 3254 2084 3292 tentatus
2107 3244 2246 3293 locus
2264 3280 2280 3307 ,
2311 3254 2360 3292 et
2377 3244 2538 3295 adbuc

422 3332 429 3339 ”
490 3340 535 3385 7.
586 3326 883 3374 Omamenta
918 3323 1143 3389 confecit.
1192 3322 1432 3385 Quadi-in·
1519 3323 1809 3385 subjudice.
1836 3325 1869 3372 J
1871 3356 1884 3369 .
1905 3326 1967 3373 V.
1992 3324 2047 3371 1..

418 3412 557 3465 genta
582 3403 769 3453 scilicet
788 3402 935 3452 millia
958 3416 1267 3451 nummorum
1288 3416 1303 3449 ε
1330 3399 1436 3447 hoc
1599 3419 1658 3451 ιο
1688 3405 2006 3469 Anagnostoe.
2027 3404 2271 3451 Lectores.
2297 3404 2393 3452 Eos
2413 3405 2542 3451 euim

418 3482 547 3529 enim
571 3482 635 3530 sd
650 3495 925 3547 ,equestrem
952 3482 1231 3545 dignitatem
1260 3494 1435 3527 ornau-
1521 3498 1687 3531 servos
1706 3498 1861 3546 greco
1879 3481 2077 3530 nominc
2096 3492 2382 3545 anagnostes
2405 3483 2546 3531 dice-

419 3559 531 3608 dsm
551 3562 813 3608 necessaris
836 3571 987 3609 erant.
1525 3562 1666 3621 bant,
1694 3575 1900 3624 quorum
1919 3575 2067 3626 opera
2095 3560 2147 3607 in
2170 3560 2389 3625 legendis
2405 3562 2544 3609 libris

490 3640 539 3687 8.
571 3640 623 3687 L.
644 3638 873 3702 Philippi.
894 3638 1119 3686 Hominis
1136 3636 1433 3701 eloquentis·
1523 3649 1786 3689 uterentur·

418 3716 553 3778 simi,
577 3716 638 3763 de
667 3719 837 3779 quoin
861 3716 989 3764 libro
1013 3718 1073 3764 de
1098 3716 1238 3764 claris
1258 3719 1437 3765 Orsto·
1594 3721 1700 3765 LII.
1725 3734 1771 3767 x.
1788 3720 1964 3781 Ecquoe
1991 3716 2164 3765 seditio
2186 3716 2460 3781 umq.fiee'c‚
2493 3718 2544 3766 ite

418 3796 579 3857 ribus,
595 3796 647 3843 in
666 3796 810 3843 tertio
826 3794 887 3842 de
906 3796 1132 3855 Oratore,
1150 3795 1201 3841 in
1219 3796 1437 3843 oratione
1523 3812 1623 3861 qua
1663 3813 1760 3844 non
1793 3796 1876 3845 me
1891 3796 2136 3861 princeps.
2177 3796 2384 3843 Necesse
2415 3796 2543 3843 enim

421 3892 513 3940 pro
535 3874 757 3939 Quintio.
1524 3886 1654 3934 erat,
1679 3887 1734 3923 ut
1757 3876 1968 3933 Gellius,
1988 3876 2072 3937 qui
2097 3874 2226 3921 bom
2247 3874 2408 3921 omnis
2428 3890 2545 3937 pes-

494 3971 547 4017 9.
576 3952 867 4002 Idiotarum.
894 3953 1157 3999 Hominum
1186 3952 1437 4015 imperito-
1524 3952 1823 4003 sumdederat
1839 3988 1854 4011 ,
1885 3952 2148 4000 seditiones
2183 3952 2396 4009 foverem
2429 3968 2542 4001 nam

424 4048 560 4091 rum,
606 4033 693 4097 qui
724 4033 969 4096 vulgarem
1013 4028 1297 4093 quamdam,
1335 4034 1438 4080 sine
1523 4031 1640 4080 iude
1671 4031 1790 4079 nihil
1830 4031 1964 4093 quod
2002 4030 2266 4087 amittent,
2301 4038 2350 4077 et
2389 4030 2548 4093 multu

424 4111 602 4173 modo,
639 4111 835 4160 vivendi
874 4111 1107 4159 rationem
1136 4121 1401 4177 sequuntur
1422 4126 1437 4159 ι
1525 4126 1635 4174 quse
1659 4110 1806 4158 fur-ri
1825 4120 2014 4174 posset,
2035 4106 2262 4157 habebnt.
