2996 4694
484 390 626 465 526
1113 386 1209 453 Μ.
1259 386 1336 451 Τ.
1395 384 1965 453 CICERONIS

483 530 602 587 ret
633 516 712 582 T.
748 508 1070 581 Annius:
1108 503 1410 593 Adeste,
1441 515 1753 601 quaeso7‚
1790 518 2011 603 atque
2050 502 2335 590 audite,
2372 504 2561 575 cives
2596 530 2611 570 :

485 632 560 699 P.
603 619 942 695 Clodium
987 613 1357 699 interfeci3
1401 618 1559 712 ejus
1603 614 1885 687 furores
1904 670 1925 704 ‚
1982 640 2173 713 quos
2218 613 2437 686 nullis
2467 616 2615 710 jam

465 732 798 833 legibus,
837 726 1056 799 nullis
1087 725 1375 822 judiciis
1425 723 1709 797 frenare
1752 741 2198 823 poteramus»,
2235 726 2381 797 hoc
2420 724 2615 796 ferro

487 860 562 919 et
591 844 726 915 hac
763 840 1056 912 dextera
1088 863 1128 907 a
1173 835 1573 907 cervicibus
1606 840 1863 908 vestris
1900 837 2165 935 repuli;
2208 860 2341 935 per
2376 858 2495 906 me
2536 850 2619 905 ut

485 978 718 1028 unum
733 948 793 1039 ⁸,
817 950 970 1046 jus„
997 948 1329 1045 aequitas,
1357 944 1583 1043 leges,
1622 944 1948 1036 libertas,
1980 946 2240 1046 pudor,
2273 945 2619 1045 pudicitia

485 1068 562 1137 in
605 1066 892 1137 civitate
925 1070 1345 1143 manerent3
1394 1072 1581 1129 esset
1614 1082 1787 1129 vero
1822 1057 2259 1143 timendum,
2295 1080 2619 1154 quonam

485 1175 710 1248 modo
737 1171 812 1243 id
843 1169 1066 1241 ferret
1101 1165 1404 1239 civitas?
1449 1172 1667 1241 Nunc
1700 1170 1893 1239 enim
1924 1169 2089 1266 quis
2116 1181 2253 1255 est,
2297 1170 2425 1265 qui
2468 1190 2617 1236 non

486 1284 794 1388 probet?
835 1281 964 1379 qui
1000 1302 1152 1349 non
1207 1275 1503 1348 laudet?
1544 1278 1674 1375 qui
1712 1301 1863 1348 non
1914 1302 2145 1349 unum
2184 1290 2349 1376 post
2393 1276 2621 1347 homi-

489 1423 668 1471 num
739 1393 1162 1463 memoriam
1215 1391 1294 1456 T.
1359 1390 1681 1459 Annium
1748 1390 2147 1487 plurimum
2208 1385 2621 1485 reipublicae

490 1506 848 1609 profuisse
861 1514 920 1590 ⁹,
965 1499 1270 1571 maxima
1313 1498 1557 1568 laetitia
1596 1500 1953 1597 populum
1989 1522 2369 1571 romanum
2389 1554 2408 1585 ,
2443 1521 2619 1567 cun-

493 1636 680 1692 ctam
725 1612 1032 1697 Italiam,
1085 1610 1414 1681 nationes
1451 1632 1707 1679 omnes
1760 1603 2122 1695 affecisse,
2165 1621 2241 1679 et
2288 1606 2500 1693 dicat,
2550 1618 2624 1675 et

494 1726 802 1802 sentiat?
847 1726 1188 1819 Neque0‚
1249 1732 1492 1789 vetera
1534 1717 1653 1789 illa
1717 1718 1969 1818 populi
2029 1718 2309 1791 romani
2356 1728 2625 1815 quanta

493 1837 764 1911 fuerint
803 1830 1087 1930 gaudia,
1130 1826 1478 1925 judicare.
1531 1829 1797 1900 Multas
1836 1846 2075 1903 tamen
2110 1831 2255 1925 jam
2306 1851 2625 1900 summo-

490 1945 654 2021 r'um
711 1947 1229 2041 imperatorum
1295 1936 1717 2009 clarissimas
1775 1941 2109 2013 victorias
2168 1955 2335 2011 aetas
2384 1952 2629 2009 nostra

492 2058 710 2143 vidit;
739 2077 1049 2152 quarum
1077 2048 1274 2121 nu'lla
1303 2073 1547 2147 neque
1574 2065 1713 2122 tam
1741 2051 2159 2124 diuturnam
2191 2051 2429 2123 attulit
2450 2050 2630 2120 'laeti-

493 2176 703 2255 tiam,
748 2192 886 2238 nec
921 2178 1212 2236 tantam.
1243 2160 1583 2233 Mandate
1619 2162 1762 2235 hoc
1804 2165 2167 2235 memoriae
2192 2174 2277 2250 ¹⁰,
2316 2162 2624 2257 judices:

495 2304 710 2381 spero
738 2274 966 2349 multa
1008 2298 1138 2343 vos
1165 2270 1581 2370 liberosque
1606 2288 1883 2345 vestros
1916 2276 1991 2344 in
2032 2272 2404 2371 republica
2439 2271 2630 2343 bona

494 2421 650 2470 esse
683 2397 964 2464 visuros
997 2415 1014 2458 ε
1051 2391 1126 2458 in
1163 2387 1276 2458 his
1313 2386 1616 2484 singulis
1647 2392 1745 2460 ita
1779 2414 2068 2489 semper
2098 2387 2631 2476 existimabitiS‚

495 2510 662 2578 vivo
697 2509 771 2576 P.
814 2500 1110 2585 Clodio,
1157 2496 1336 2568 nihil
1373 2521 1631 2568 eorum
1682 2525 1816 2571 vos
1854 2502 2138 2572 visuros
2172 2497 2390 2570 fuisse
2414 2508 2499 2569 ¹¹.
2544 2503 2629 2588 in

493 2640 697 2716 spem
733 2612 1154 2694 maximam,
1193 2621 1301 2695 et,
1337 2607 1955 2704 quemadmodum
1987 2608 2310 2695 confide,
2346 2609 2633 2680 verissi-

573 2804 620 2850 7.
641 2783 851 2838 Adeste,
874 2795 1060 2845 qua-eo.
1089 2779 1263 2827 Cicero
1282 2776 1400 2824 mihi
1419 2777 1522 2825 cal.

495 2865 728 2917 lidi-aime
741 2877 842 2910 rem
855 2857 1134 2908 tractavisse
1147 2855 1359 2914 videtur,
1367 2872 1519 2919 quum

1608 2781 1848 2830 exsultare
1874 2783 2077 2831 victoria
2103 2783 2223 2830 mihi
2246 2782 2456 2840 videtur,
2484 2797 2635 2846 quum

1608 2864 1707 2910 ait:
1726 2885 1753 2904 α
1768 2863 1819 2909 Si
1837 2873 2091 2910 cruentum
2111 2863 2325 2926 gladium
2344 2873 2513 2910 tenens
2534 2859 2637 2909 cla-

497 2948 644 2998 verba
658 2945 742 2994 illa
751 2959 842 3009 per
852 2938 1163 3006 hypothesim
1178 2938 1521 2986 tautummodo

497 3027 723 3090 subjicit;
757 3039 870 3072 nam
897 3018 1056 3068 multo
1079 3015 1232 3079 magis
1261 3015 1422 3065 valent
1449 3020 1523 3064 sie

499 3105 752 3172 disposita.
795 3101 953 3152 Nimis
995 3095 1224 3146 acerbum
1269 3107 1320 3144 et
1361 3095 1525 3144 audax

495 3187 694 3244 fuisset,
733 3182 775 3230 si
813 3179 972 3246 palam
1022 3179 1128 3228 hnc
1165 3175 1478 3241 profiteretur
1495 3169 1520 3225 ἐ

497 3264 728 3316 Clodium
763 3257 1036 3310 interficere
1075 3256 1242 3306 volui:
1279 3255 1521 3303 interfeci.

499 3345 668 3406 Quum
681 3357 800 3390 vero
819 3337 1048 3390 Clodium
1069 3347 1316 3399 tamquam
1331 3335 1525 3382 hostem

497 3422 875 3472 infensissimum
907 3429 956 3467 et
985 3415 1316 3466 insidiatorem
1351 3423 1531 3479 protu-

498 3503 559 3551 lit
573 3539 592 3562 ,
621 3501 725 3567 jam
751 3497 1042 3564 premonita
1067 3495 1146 3540 via
1173 3503 1246 3540 est
1269 3492 1332 3540 ad
1359 3492 1531 3540 dioen-

499 3584 658 3633 dum:
687 3579 834 3638 mihi,
861 3593 948 3642 per
970 3591 1055 3624 sua
1081 3571 1289 3636 flagitia,
1316 3587 1428 3620 eum
1455 3574 1533 3620 in.

499 3659 718 3711 tet-ficere
739 3656 934 3708 licebat.
957 3657 1030 3701 Ita
1050 3651 1231 3716 paratis
1249 3651 1448 3709 animis,
1471 3668 1529 3699 ea

499 3741 797 3790 instillantur
837 3734 978 3784 facile
995 3767 1010 3790 ‚
1071 3745 1180 3795 quoe
1229 3730 1362 3792 prius
1407 3731 1529 3778 iram

497 3821 786 3870 movissent.
814 3818 886 3863 Ita
913 3809 1148 3877 progredi
1169 3809 1222 3855 in
1245 3808 1392 3857 rebus
1415 3825 1527 3873 qua

499 3899 654 3949 oenus
687 3894 1041 3956 subjiciuntur,
1081 3897 1130 3936 et
1169 3888 1239 3935 ita
1276 3886 1527 3952 paullatim

497 3979 686 4029 animos
721 3971 1009 4039 percellere,
1035 3967 1298 4015 maximum
1325 3979 1398 4016 est
1423 3967 1527 4028 9¹⁰·

501 4057 712 4119 quentia
765 4049 1044 4100 artificium.
1100 4047 1276 4094 Cicero
1329 4057 1492 4095 antem
1508 4081 1523 4106 ‚

503 4149 652 4196 quum
687 4133 850 4182 omnia
877 4143 1034 4178 σιω
1059 4125 1232 4174 infesta
1259 4127 1492 4189 precavit
1508 4159 1526 4186 ,

1610 2953 1761 2990 maret
1776 2943 1834 2990 Τ.
1852 2942 2068 3003 Annius,
2092 2953 2187 2990 ete.
2212 2963 2239 2984 ι

1682 3024 1731 3070 8.
1752 3024 1845 3070 Por
1861 3037 1939 3068 me
1956 3033 2013 3067 ue
2028 3037 2193 3070 unum.
2218 3021 2419 3085 'Vulgati
2438 3020 2643 3079 habeut,

1609 3123 1637 3144 α
1658 3115 1745 3165 per
1766 3115 1844 3147 me
1866 3115 2019 3148 unum
2038 3099 2266 3148 effectum
2287 3110 2363 3148 est
2383 3111 2437 3147 ut
2456 3121 2501 3147 ιι.

1684 3193 1737 3242 9.
1778 3179 2047 3227 Plurimum
2075 3179 2353 3242 reipublice
2381 3177 2640 3243 profuisse.

1614 3262 1778 3323 Quum
1814 3257 2282 3322 perniciosissimum
2328 3259 2481 3306 civem
2522 3257 2641 3312 Clo-

1616 3338 1752 3386 dium
1784 3337 1997 3386 sustulit.

1694 3432 1771 3465 10.
1800 3416 2043 3466 Mandate
2067 3415 2160 3463 Ιιοσ
2186 3413 2449 3463 memoria.
2478 3414 2645 3464 Altius

1616 3495 1669 3542 in
1694 3493 1868 3542 animis
1892 3495 2061 3542 vestris
2078 3527 2093 3552 ,
2128 3493 2235 3540 hee
2266 3509 2375 3556 qua
2402 3493 2602 3557 profero
2623 3530 2639 3552 ‚

1616 3571 1834 3637 infigite,
1864 3583 1947 3630 ut,
1977 3589 2129 3636 quum
2156 3572 2236 3620 illa
2266 3574 2542 3630 evenerint,
2568 3589 2649 3620 me

1619 3669 1731 3700 vera
1783 3640 2067 3716 prandidisse
2111 3651 2331 3702 videatis.
2396 3653 2647 3702 Clodianae

1618 3731 1755 3780 neeis
1776 3730 2037 3779 utilitatem
2066 3731 2131 3780 ita
2158 3743 2301 3794 auget
2340 3743 2539 3792 orator,
2590 3743 2649 3778 ut

1618 3825 1721 3860 non
1746 3810 1903 3858 solum
1930 3810 1983 3856 in
2008 3825 2095 3858 eos
2118 3811 2207 3873 qui
2230 3825 2365 3858 nune
2388 3821 2531 3869 sunt,
2558 3809 2649 3858 sed

1616 3891 1737 3938 etin
1750 3900 1978 3954 posteros
1998 3903 2197 3953 quoque
2218 3889 2282 3937 sit
2300 3889 2643 3937 redundatura.

1692 3985 1775 4018 n.
1826 3969 2031 4017 risuros
2056 3967 2239 4032 sitisse.
2288 3971 2418 4032 Quia
2459 3969 2651 4016 seilicet

1614 4047 1820 4098 Clodius
1860 4063 2051 4113 semper
2092 4049 2285 4110 injuriis
2328 4060 2380 4098 et
2419 4047 2647 4098 facinori·

1615 4126 1709 4175 bus
1730 4129 1829 4176 suis
1862 4129 2077 4193 publica
2104 4127 2371 4176 obstitisset
2406 4127 2643 4178 felicitati.
