2996 4694
680 397 959 468 ORAT.
1010 386 1135 466 DE
1183 398 1487 466 PROV.
1540 397 2360 470 CONSULARIBUS.
2463 423 2588 495 29¹

489 518 761 590 sorium
796 515 1232 613 judicium¹⁰
1268 541 1353 588 ac
1392 521 1805 606 notionem,
1841 534 1916 592 et
1947 518 2122 590 illud
2166 543 2448 592 morum
2488 546 2598 593 se-

488 632 937 701 verissimum
992 629 1478 725 magisterium
1501 683 1520 716 ‚
1581 654 1730 701 non
1791 653 1944 701 esse
1996 630 2282 702 nefariis
2323 631 2602 728 legibus

488 737 580 809 de
616 740 900 810 civitate
930 736 1288 809 sublatum
1313 764 1333 827 ;
1368 742 1425 808 si
1465 744 1802 837 patricius
1831 739 2166 811 tribunus
2195 739 2427 838 plebis
2452 740 2605 814 fue-

488 849 618 934 rit,
668 863 921 920 contra
968 848 1161 945 leges
1210 863 1514 920 sacratas
1540 850 1643 938 1'13
1679 852 1738 920 si
1781 848 2146 948 plebeius,
2195 867 2444 923 contra
2486 877 2608 923 au-

486 960 707 1056 spicia
753 957 970 1030 fuisse
1004 983 1019 1027 :
1086 973 1209 1028 aut
1256 958 1433 1029 mihi
1464 959 1870 1030 concedant
1910 959 2238 1031 homines
2281 975 2606 1058 oportet,

486 1071 563 1138 in
605 1069 825 1141 rebus
848 1080 907 1112 ¹²
950 1067 1161 1140 bonis
1208 1093 1356 1139 non
1394 1070 1772 1166 exquirere
1802 1069 1965 1164 jura
1999 1095 2115 1155 ea,
2159 1095 2319 1166 quae
2355 1072 2491 1168 ipsi
2531 1074 2608 1141 in

487 1177 783 1276 perditis
822 1202 975 1248 non
1021 1179 1448 1274 exquirunt,
1486 1181 1880 1276 praesertim
1920 1204 2150 1277 quum
2184 1178 2274 1252 ab
2308 1181 2446 1252 illis
2480 1181 2608 1252 ali·

487 1291 773 1385 quoties
804 1287 1126 1360 conditio
1156 1291 1237 1359 C.
1274 1291 1532 1359 Caesari
1567 1287 1708 1360 lata
1736 1291 1826 1360 sit
1845 1343 1864 1376 ‚
1907 1302 1988 1358 ut
2016 1288 2298 1360 easdem
2326 1315 2444 1361 res
2472 1291 2611 1361 alio

488 1397 707 1468 modo
760 1396 1021 1485 ferret3
1072 1421 1219 1494 qua
1274 1397 1688 1469 conditione
1745 1400 2058 1496 auspicia
2109 1398 2572 1496 requirebant
2593 1412 2624 1478 ,’

488 1505 684 1605 leges
719 1505 1289 1605 comprobabant
1321 1533 1337 1575 ε
1376 1509 1452 1577 in
1490 1506 1746 1578 Clodio
1783 1509 2260 1606 auspiciorum
2299 1513 2486 1581 ratio
2523 1512 2612 1581 sit

488 1617 777 1702 eadem,
814 1617 1004 1714 leges
1039 1640 1293 1688 omnes
1327 1617 1469 1687 sint
1502 1641 1759 1688 eversae
1797 1641 1877 1688 ac
1912 1615 2212 1715 perditae
2241 1620 2561 1689 civitatis

581 1731 735 1819 XX.
776 1730 1194 1796 Extremum
1232 1724 1409 1796 illud
1449 1739 1576 1796 est.
1619 1729 1769 1822 Ego
1788 1779 1807 1814 ,
1852 1729 1911 1795 si
1952 1742 2193 1810 essent
2227 1728 2611 1798 inimicitiae

487 1834 665 1906 mihi
700 1859 867 1906 cum
910 1838 987 1906 C.
1029 1838 1343 1922 Caesare,
1388 1849 1632 1906 tamen
1673 1835 1816 1906 hoc
1843 1850 2170 1933 tempore
2200 1836 2615 1935 reipublicae

488 1945 863 2016 consulere
885 1997 905 2031 ‚
945 1945 1350 2016 inimicitias
1390 1947 1463 2016 in
1507 1944 1698 2016 aliud
1740 1959 2028 2043 tempus
2071 1969 2432 2018 reservare
2480 1947 2608 2020 de-

486 2056 761 2127 berem.
817 2060 1103 2126 Possem
1160 2058 1373 2126 etiam
1426 2079 1877 2126 summorum
1922 2055 2244 2125 virorum
2291 2056 2620 2156 exemplo

492 2167 898 2238 inimicitias
956 2164 1373 2262 reipublicae
1437 2189 1648 2237 causa
1707 2164 2095 2262 deponere.
2155 2163 2294 2236 Sed
2319 2222 2339 2256 ‚
2383 2192 2612 2264 quum

488 2276 873 2345 inimicitiae
906 2272 1173 2346 fuerint
1205 2299 1642 2373 numquam3
1669 2275 1918 2373 opinio
1954 2273 2223 2370 injuriae
2258 2272 2614 2350 beneficio

490 2388 581 2457 sit
616 2386 1009 2456 exstincta:
1046 2389 1400 2457 sententia
1436 2409 1635 2473 mea,
1674 2400 1912 2482 patres
1958 2386 2385 2483 conscripti,
2423 2388 2481 2457 si
2509 2387 2612 2458 di-

486 2498 719 2593 gnitas
762 2498 999 2591 agitur
1033 2501 1111 2566 C.
1149 2498 1477 2581 CaesariS‚
1522 2493 1802 2565 homini
1843 2491 2243 2582 tribuam¹;
2279 2498 2340 2565 si
2374 2494 2608 2568 honos

487 2603 816 2702 quidam,
873 2618 1163 2674 senatus
1206 2603 1607 2676 concordiae
1649 2602 2056 2687 consulam3
2108 2604 2168 2672 si
2225 2608 2609 2679 auctoritas

486 2713 941 2785 decretorum
964 2712 1365 2785 vestrorum
1384 2768 1403 2801 ‚
1439 2714 1912 2786 constantiam
1946 2710 2220 2785 ordinis
2241 2716 2318 2783 in
2348 2713 2603 2786 eodem

489 2821 819 2893 ornando
852 2824 1284 2919 imperatore
1312 2820 1654 2909 servab03
1681 2822 1739 2891 si
1765 2833 2116 2919 perpetua
2144 2826 2326 2893 ratio
2353 2823 2605 2896 Gallici

486 2928 698 3017 belli,
737 2927 1149 3027 reipublicae
1180 2930 1618 3028 provideb03
1657 2931 1716 3000 si
1754 2929 2048 3026 aliquod
2085 2953 2327 3000 meum
2369 2936 2602 3029 priva·

486 3053 644 3109 tum
678 3036 1037 3126 officium,
1080 3063 1196 3109 me
1235 3064 1385 3110 non
1421 3044 1786 3137 ingratum
1817 3049 2014 3109 esse²
2056 3038 2433 3134 praestabo·
2477 3046 2598 3113 At-

487 3174 632 3246 que
669 3147 809 3220 hoc
858 3148 1070 3220 velim
1108 3147 1418 3247 probare
1446 3146 1784 3221 omnibus
1805 3144 1858 3235 ³,
1904 3150 2148 3243 patres
2166 3152 2598 3248 conscripti:

486 3335 817 3400 impedimenti
834 3352 1007 3400 genera
1024 3337 1301 3399 conjunxit,
1324 3336 1504 3385 obnun-
1657 3335 1778 3381 XX.
1808 3348 1852 3380 ι.
1878 3331 2080 3380 Ηοηιίπὶ
2101 3330 2326 3382 tribuam.
2351 3338 2410 3385 In
2433 3336 2510 3387 hia
2535 3350 2610 3389 est

490 3414 739 3463 dationem
757 3426 807 3463 et
826 3414 1225 3465 inlunem-ionem.
1589 3410 1842 3461 conclusio
1865 3410 2098 3459 orationis
2117 3412 2291 3469 totins,
2305 3430 2402 3478 qna
2427 3432 2480 3465 ue
2499 3419 2614 3469 Cui-¹

564 3510 642 3543 xo.
688 3493 963 3542 Censorium
994 3494 1256 3559 judicium.
1300 3492 1502 3543 Clodiu·
1589 3490 1684 3539 uri
1729 3492 1972 3539 fauturum
2019 3506 2122 3538 non
2166 3490 2373 3541 obscure
2413 3496 2600 3562 innuit,

485 3570 639 3636 legem
664 3573 869 3632 tulerat,
891 3590 953 3621 ne
977 3574 1088 3637 quis
1112 3574 1176 3622 ab
1199 3588 1302 3621 nno
1324 3588 1498 3621 censo-
1589 3571 1691 3618 aive
1726 3568 1788 3617 de
1819 3569 1922 3629 eins
1960 3567 2192 3632 dignitate
2229 3573 2474 3636 augenda,
2501 3579 2604 3627 sive

486 3668 593 3699 rnm
606 3652 715 3713 jure
735 3650 951 3699 damnari
971 3663 1156 3715 ponet.
1590 3648 1652 3696 de
1679 3646 1992 3713 prorogando
2017 3647 2222 3711 imperio
2245 3652 2422 3714 agitur.

562 3744 583 3775 t
598 3744 642 3777 ι.
691 3730 873 3778 Contra
918 3728 1045 3793 leges
1085 3740 1333 3777 sacratas.
1374 3729 1504 3776 L-tae
1662 3744 1712 3775 α.
1751 3728 1942 3776 nme-t.
1975 3726 2154 3775 delevit
2188 3743 2314 3787 esse,
2351 3742 2405 3778 nt
2427 3736 2603 3798 sapiu,

485 3808 676 3855 fuerant
696 3818 809 3872 post
828 3822 1065 3854 necessum
1088 3807 1261 3873 populi
1286 3808 1339 3855 in
1363 3822 1504 3854 mon·
1592 3806 1705 3854 fecit
1739 3808 1794 3853 in
1823 3806 1902 3853 his
1937 3806 2290 3865 monumentis,
2322 3810 2466 3857 nohis
2501 3828 2602 3861 non

484 3898 583 3935 tem
610 3889 809 3936 Sacrum
843 3900 973 3931 anno
1006 3886 1126 3932 260.
1153 3888 1235 3933 13ae
1265 3885 1396 3949 leges
1426 3885 1508 3932 tri·
1593 3884 1929 3948 probantibus.
1957 3886 2008 3933 J.
2030 3888 2095 3932 V.
2128 3886 2182 3933 1..

484 3964 647 4012 buno·
684 3975 733 4013 et
776 3962 973 4010 illorum
1015 3962 1349 4010 anctoritatem
1394 3973 1506 4010 tne-
1667 3962 1715 4011 ³.
1737 3963 1896 4025 Aeque
1925 3961 2016 4009 hoe
2041 3961 2188 4009 velim
2215 3963 2422 4023 p‘obare
2455 3970 2612 4019 omni.

485 4042 679 4091 bantur.
1597 4038 1700 4087 bus.
1745 4039 1876 4088 muael
1927 4055 2094 4087 omnen
2135 4039 2396 4103 probatum
2441 4057 2494 4095 et
2534 4064 2614 4097 ae-

565 4135 646 4167 η.
668 4118 753 4169 ΔΙ.
771 4128 861 4169 aue
876 4116 992 4166 ferr.
1020 4119 1070 4165 J.
1087 4118 1152 4164 V.
1170 4118 1226 4164 L.
1599 4128 1794 4181 ceptum
1817 4118 2041 4167 habeant.

2321 4228 2419 4300 19.
