2996 4694
437 423 621 443 ΜΝ
626 421 1365 444 mmmmmSO-mm
1371 421 2577 447 mmmm-mmmm

922 649 2083 774 ARGUMENTUM.

429 902 491 956 P.
514 897 780 960 Vatinius
805 913 961 962 antio
994 901 1141 964 Urb.
1179 903 1299 982 69ο
1314 946 1333 974 ,
1376 902 1657 965 Cicerone
1704 915 1764 962 et
1811 901 2068 964 Antonio
2113 921 2262 962 coss.
2309 910 2566 988 quator

510 996 638 1056 fuit.
671 1002 737 1056 In
780 1012 1075 1077 quaestura
1108 1001 1165 1060 ei
1207 1000 1416 1082 obtigit
1462 1001 1766 1080 provincis
1789 1001 2078 1082 Aquaria,
2127 1019 2228 1060 seu
2268 1001 2570 1060 Ostiensis.

507 1098 681 1154 Anno
704 1095 855 1156 Urb.
876 1082 987 1174 69'1
1019 1098 1241 1177 legatus
1267 1099 1378 1159 fuit
1404 1102 1469 1159 C.
1500 1098 1802 1171 Cosconii,
1840 1098 1943 1178 qui
1967 1117 2042 1156 ex
2068 1107 2322 1176 praetura
2353 1097 2568 1176 Hispu—

507 1190 662 1250 nism
710 1193 1046 1254 ulteriorem
1091 1215 1205 1275 pro
1248 1196 1488 1256 consule
1530 1195 1844 1274 regendam
1888 1194 2160 1254 obtinuit.
2206 1198 2381 1255 Anno
2413 1192 2565 1256 Urb.

506 1287 657 1366 694,
686 1293 751 1350 C.
776 1290 934 1350 Julio
960 1295 1183 1352 Coesare
1210 1305 1270 1352 et
1296 1297 1381 1352 M.
1407 1294 1727 1372 Calpurnio
1765 1291 1976 1352 Bibulo
2005 1311 2150 1352 coss.
2183 1289 2452 1350 tribunus
2483 1292 2564 1370 pl.

507 1385 653 1460 fuit,
682 1387 745 1446 in
774 1407 962 1468 eoque
988 1389 1291 1450 tribunatu
1321 1392 1505 1451 multa
1529 1412 1637 1472 per
1663 1392 1781 1451 vim
1803 1403 1864 1450 et
1891 1401 2096 1449 contra
2123 1407 2348 1448 morem
2374 1387 2566 1466 majo-

410 1497 417 1502 ·
504 1502 637 1542 rum
660 1485 855 1564 gessit.
884 1490 955 1544 In
986 1486 1191 1566 primis
1217 1488 1433 1548 Coessri
1470 1487 1694 1548 consuli
1732 1487 1790 1546 in
1830 1483 2158 1546 actionibus
2181 1483 2567 1564 popularibus

504 1581 939 1660 antesignanum
973 1603 1034 1644 se
1073 1583 1360 1663 praebuit3
1402 1597 1459 1644 et
1506 1585 1776 1644 Bibulum
1817 1584 2064 1643 alterum
2100 1581 2400 1641 consulem
2439 1583 2568 1643 col-

470 1675 647 1755 .legae
692 1677 1093 1740 adversantem
1137 1681 1197 1740 vi
1238 1702 1273 1740 e
1320 1679 1483 1755 foro,
1531 1682 1720 1754 curin,
1751 1679 2012 1758 locisque
2037 1677 2288 1759 publicis
2314 1679 2568 1758 expulit,

504 1791 755 1853 eumque
781 1774 940 1834 domi
971 1776 1258 1836 inclusum
1278 1775 1453 1836 misso
1478 1776 1703 1836 viatore
1731 1775 2060 1849 extrahere,
2091 1788 2152 1834 et
2180 1775 2242 1834 in
2275 1794 2567 1834 carcerem

502 1868 719 1930 ducere
744 1891 919 1932 susus
951 1885 1056 1932 est.
1086 1873 1252 1934 Idem
1279 1874 1464 1952 legem
1496 1875 1650 1947 tulit,
1664 1894 1782 1952 qua
1809 1873 2046 1946 Caessri,
2070 1872 2166 1932 cui
2184 1871 2307 1950 jam
2337 1886 2568 1932 senatus

506 1967 755 2027 Galliam
788 1968 1127 2028 ulteriorem
1152 1969 1534 2044 attribuerat,
1575 1971 1812 2030 citerior
1834 1989 2070 2048 quoque
2096 1988 2213 2028 una
2245 1988 2378 2028 cum
2419 1971 2568 2047 Illy-

504 2063 629 2124 rico
650 2077 708 2123 et
740 2064 926 2124 tribus
952 2065 1279 2145 legionibus
1300 2067 1363 2126 in
1391 2067 1856 2146 quinquennium
1880 2066 2016 2126 data
2041 2079 2147 2125 est.
2171 2067 2356 2126 Aliam
2381 2067 2564 2147 legem

510 2160 641 2219 tulit
665 2159 739 2218 de
764 2161 1132 2239 repetundis,
1164 2182 1267 2222 seu
1296 2162 1371 2222 de
1404 2163 1640 2222 alternis
1671 2163 1926 2222 consiliis
1959 2162 2022 2220 in
2041 2161 2267 2240 judicio
2295 2177 2567 2243 repetun-

506 2253 714 2316 darum
756 2256 1115 2336 rejiciendis;
1159 2279 1277 2337 qua
1319 2271 1556 2318 cautum
1596 2272 1710 2330 est,
1758 2273 1825 2320 ut
1863 2273 1924 2319 et
1963 2279 2134 2334 reus,
2163 2271 2222 2318 et
2262 2273 2563 2321 accusator

504 2374 702 2415 omnes
724 2369 962 2434 possent
979 2354 1207 2433 judices
1231 2358 1405 2417 semel
1428 2356 1700 2437 rejicere,
1723 2377 1872 2436 quos
1892 2372 2109 2438 praetor
2129 2358 2370 2417 sortitus
2391 2370 2560 2417 esset.

502 2451 731 2511 Deinde
756 2452 1013 2513 Vettium
1056 2453 1307 2513 indicem
1352 2454 1500 2513 flctae
1547 2454 1965 2533 conjurationis
2012 2456 2074 2514 in
2118 2455 2459 2533 Pompeium
2500 2455 2558 2514 in

502 2550 731 2609 Rostris
759 2549 1097 2623 collocavit,
1125 2571 1374 2631 eumque
1403 2572 1439 2611 a
1464 2572 1527 2611 se
1557 2565 1828 2633 rogatum
1854 2552 2049 2611 dicere
2075 2552 2276 2631 jussit,
2300 2572 2448 2631 quos
2473 2556 2560 2613 vi·

504 2666 603 2705 ros
630 2660 901 2707 suctores
934 2662 993 2708 et
1020 2649 1209 2709 socios
1236 2648 1411 2728 hujus
1442 2650 1676 2711 sceleris
1705 2648 2032 2722 habuisset3
2055 2648 2128 2707 ad
2151 2653 2277 2707 Att.
2303 2652 2379 2724 11,
2394 2650 2561 2729 epist.

400 2793 409 2801 .
505 2752 601 2814 24.
635 2752 808 2805 Anno
829 2744 976 2807 Urb.
1007 2748 1145 2825 697,
1179 2767 1361 2825 quum
1390 2751 1454 2806 P.
1478 2748 1714 2809 Sextius
1736 2761 1886 2807 esset
1921 2768 1955 2806 a
1991 2750 2075 2807 Μ.
2100 2746 2296 2806 Tullio
2322 2746 2559 2807 Albino-

505 2860 657 2900 vano
680 2841 805 2921 lege
828 2844 1061 2903 Lutetia
1101 2843 1176 2907 de
1216 2845 1278 2903 vi
1319 2845 1682 2924 postulatus,
1718 2844 2108 2904 testimonium
2144 2844 2206 2902 in
2241 2864 2376 2904 eum
2413 2844 2562 2903 dixit

502 2938 786 2997 Vatinius.
816 2944 1021 3018 ltaque
1054 2940 1259 2999 Cicero
1298 2940 1481 3001 Sextii
1524 2938 1794 2999 defensor
1830 2960 1964 3000 eum
2002 2952 2286 3019 perpetus
2315 2940 2560 2999 interro-

502 3035 733 3112 gatione
756 3036 1066 3095 accusavit.
1096 3040 1185 3099 De
1216 3058 1285 3097 ea
1311 3036 1437 3116 ipse
1472 3038 1682 3096 Cicero
1719 3036 1794 3097 ad
1826 3043 1898 3112 Q.
1926 3040 2222 3109 Fratrem,
2257 3037 2444 3117 Epist.
2469 3040 2558 3107 11,

506 3138 574 3203 4,
595 3132 673 3191 its
696 3131 938 3194 scribit:
967 3133 1305 3193 «Vatinium
1341 3154 1377 3193 a
1408 3154 1530 3213 quo
1574 3136 1768 3214 palam
1807 3132 2256 3213 oppugnabatur
2286 3132 2560 3215 (Sextius)

502 3225 787 3287 arbitratu
810 3244 1015 3290 nostro
1045 3230 1431 3306 concidimus,
1460 3229 1573 3290 diis
1607 3230 2058 3308 hominibusque
2078 3228 2586 3315 plaudentibus..

504 3321 660 3395 Quid
686 3326 932 3403 queris?
956 3327 1135 3386 homo
1164 3327 1432 3405 petulans
1459 3340 1520 3385 et
1546 3325 1739 3386 audax
1751 3326 2018 3385 Vatinius
2045 3322 2214 3383 valde
2245 3325 2558 3405 perturba—

506 3432 597 3479 tus
622 3420 1071 3503 debilitatusque
1094 3423 1355 3484 discessit
1374 3450 1417 3483 n.
1444 3428 1520 3483 Et
1547 3425 1608 3483 in
1637 3424 1805 3502 epist.
1835 3422 1908 3482 sd
1927 3422 2237 3482 Lentulum
2257 3465 2275 3493 ,
2325 3422 2400 3482 ad
2422 3426 2553 3484 Div.

505 3519 566 3587 1,
594 3537 664 3593 9:
696 3544 720 3571 α
734 3522 858 3598 Ego
881 3519 1117 3581 sedente
1139 3524 1245 3581 Cn.
1268 3520 1570 3599 Pompeio,
1583 3540 1784 3599 quum,
1813 3532 1880 3579 ut
1901 3519 2168 3579 laudaret
2188 3524 2252 3578 P.
2273 3521 2554 3595 Sextium,

502 3612 796 3673 introisset
818 3617 881 3674 in
902 3616 1107 3679 urbem
1126 3660 1145 3691 ,
1185 3617 1542 3696 dixissetque
1577 3616 1736 3677 testis
1755 3617 2056 3691 Vatinius,
2096 3636 2190 3675 me
2225 3616 2458 3676 fortuna
2497 3630 2558 3677 et

506 3710 779 3770 felicitate
816 3715 880 3773 C.
907 3715 1147 3773 Castris
1167 3728 1550 3789 commotum,
1581 3714 1665 3775 illi
1698 3714 1944 3773 amicum
1979 3734 2102 3774 esse
2125 3715 2366 3793 coepisse
2387 3758 2405 3788 ,
2431 3714 2560 3773 dixi

506 3827 633 3881 me,
666 3826 792 3865 eam
822 3808 1015 3869 Bibuli
1051 3811 1558 3890 fortunam,quam
1587 3810 1685 3870 ille
1715 3810 1984 3870 afflictam
2009 3824 2271 3891 putaret,
2300 3812 2560 3871 omnium

506 3902 814 3983 triumphis
845 3896 1217 3985 victoriisque
1243 3908 1562 3980 anteferre3
1591 3907 1830 3986 dixique
1852 3907 2056 3967 eodem
2077 3920 2248 3979 teste,
2272 3908 2386 3968 alio
2409 3908 2564 3983 loco,

504 4000 741 4061 eosdem
762 4022 887 4062 esse
903 4046 921 4075 ,
950 4004 1053 4081 qui
1070 4002 1341 4063 Bibulum
1357 4003 1537 4063 domo
1563 4004 1722 4063 exire
1748 4004 2215 4084 prohibuissent,
2245 4018 2304 4062 et
2335 4006 2440 4083 qui
2469 4026 2563 4067 me

507 4100 840 4180 coegissent.
874 4106 1023 4161 Tota
1054 4118 1196 4159 vero
1225 4100 1604 4180 interrogatio
1631 4120 1758 4160 mea
1787 4100 1926 4161 nihil
1951 4099 2186 4172 habuit,
2219 4100 2328 4161 uisi
2355 4120 2562 4182 repre-
