2996 4694
803 409 1197 480 ORATIO
1247 411 1454 478 PRO
1505 411 1580 478 P.
1642 409 2047 478 SEXTIO.
2391 401 2481 498 73

359 539 532 606 no'n'
571 531 852 603 restitui
906 529 1101 628 lege,
1163 527 1289 600 sed
1347 533 1668 602 revocari
1722 541 2010 599 senatus
2062 527 2484 597 auctoritate

360 655 716 742 oportere.
771 647 1018 729 Hunc,
1067 661 1280 710 nemo
1335 655 1521 728 erat,
1574 641 1750 737 quin
1806 637 2170 711 verissime
2220 638 2487 706 sentire

363 754 651 825 diceret.
687 749 824 822 Sed
861 763 1028 848 post
1064 772 1230 820 eum
1267 765 1558 846 rogatus
1595 754 1727 822 Cn.
1766 747 2151 845 Pompeius
2173 798 2192 834 ,
2238 767 2489 842 appro-

362 862 530 935 bata
570 860 1000 957 laudataque
1039 862 1262 930 Cottae
1303 859 1695 942 sententia,
1738 856 1955 942 dixit,
1993 877 2145 926 sese
2183 855 2310 924 otii
2346 855 2489 922 mei

365 993 613 1058 causa,
669 985 754 1041 ut
812 968 1014 1039 omni
1064 965 1398 1065 populari
1449 968 1929 1040 concitatione
1985 962 2415 1061 defungerer
2432 957 2493 1048 ⁶,

367 1103 697 1166 censere,
752 1093 838 1167 ut
885 1076 977 1150 ad
1024 1092 1314 1149 senatus
1357 1079 1855 1149 auctoritatem
1902 1074 2153 1174 populi
2197 1085 2495 1171 quoque

367 1193 651 1260 romani
677 1185 1109 1261 beneficium
1145 1210 1310 1284 erga
1343 1211 1461 1259 me
1494 1185 2023 1284 adjungeretur.
2054 1187 2303 1273 Quum
2336 1204 2497 1250 om-

369 1323 502 1371 nes
535 1303 856 1370 certatim
881 1349 899 1385 ,
935 1296 1262 1394 aliusque
1299 1298 1440 1368 alio
1479 1297 1761 1395 gravius
1786 1309 2014 1393 ⁴atque
2050 1295 2371 1365 ‘ornatius
2404 1287 2497 1360 de

369 1433 531 1481 mea
575 1409 802 1480 salute
837 1408 1164 1494 dixisset,
1207 1406 1563 1506 fieretque
1607 1408 1760 1478 sine
1801 1404 1946 1476 ulla
1981 1405 2320 1475 varietate
2354 1398 2503 1470 ‹lis-

374 1519 645 1606 cessi03
693 1519 1048 1605 surrexit,
1104 1532 1188 1588 ut
1239 1518 1470 1603 scitis,
1533 1517 1819 1588 Attilius
1874 1514 1993 1585 hic
2047 1517 2407 1585 Gavianus
2434 1519 2503 1598 7;

377 1653 518 1700 nec
585 1651 804 1699 ausus
863 1641 1022 1711 est,
1078 1649 1310 1724 quum
1363 1642 1550 1699 esset
1614 1640 1943 1724 emptuS,
2022 1621 2551 1708 intercedere3·

378 1753 666 1811 noctem
707 1737 844 1809 sibi
898 1736 982 1809 ad
1024 1737 1571 1810 deliberandum
1618 1725 2021 1840 postulavit.
2062 1734 2347 1804 Clamor
2397 1756 2508 1802 se-

382 1863 636 1935 natus„
681 1847 1029 1946 querelae,
1095 1872 1374 1946 preces»,
1431 1841 1693 1919 socer⁸
1752 1845 1840 1916 ad
1891 1843 2114 1943 pedes
2166 1841 2509 1938 abjectus.

381 1945 510 2029 Ille
555 1983 632 2030 se
669 1957 1062 2045 affirmare,
1099 1972 1392 2054 postero
1435 1957 1552 2030 die
1594 1981 1873 2028 moram
1908 1956 2176 2026 nullam
2222 1977 2373 2024 esse
2410 1951 2511 2022 fa-

383 2081 696 2138 cturum.
727 2065 1102 2138 Creditum
1137 2081 1281 2154 est3
1321 2063 1711 2139 discessum
1752 2079 1881 2137 est.
1924 2065 2037 2134 mi
2078 2065 2349 2134 interea
2383 2061 2511 2132 de-

364 2175 752 2247 ,liberatori
790 2199 1099 2262 merceS,
1138 2175 1352 2274 longa
1391 2175 1817 2300 interposita
1854 2187 2109 2260 nocte,
2155 2170 2515 2270 duplicata

387 2301 522 2360 est.
570 2288 1019 2383 Consequuti
1073 2283 1226 2358 dies
1273 2287 1484 2385 pauci
1528 2285 1829 2357 omnino
1866 2283 2197 2379 januario
2235 2305 2519 2369 mense,

389 2407 526 2493 per
560 2419 746 2521 quos
791 2409 1120 2465 senatum
1171 2394 1424 2467 haberi
1475 2396 1758 2483 liceret3
1814 2392 1940 2477 sed
1990 2408 2231 2464 tamen
2282 2406 2520 2463 actum

389 2505 618 2595 nihil,
663 2508 803 2576 nisi
835 2504 928 2577 de
959 2531 1098 2577 me.

485 2560 768 2688 XXXV.
852 2617 1101 2705 Quum
1174 2620 1375 2688 omni
1451 2640 1697 2700 mora,
1754 2612 2284 2699 ludificatione,
2342 2612 2528 2684 calu-

389 2727 969 2815 mnia¹‚'senatus
1003 2728 1424 2798 auctoritas²
1464 2724 1985 2824 impediretur:
2015 2725 2215 2795 venit
2239 2723 2528 2795 tandem
2605 2806 2613 2815 ⁶

395 2834 681 2909 concilii
718 2834 808 2907 de
845 2861 963 2907 me
1005 2832 1317 2935 agendii
1351 2835 1507 2909 dies
1539 2860 1667 2907 vm
1706 2832 2048 2907 kalendas
2093 2831 2277 2905 febr.
2319 2834 2525 2905 Prin-

465 3006 517 3054 6.
550 3004 870 3069 Defimgerer.
902 3004 1183 3055 Libenrer:
1221 3020 1282 3053 ue
1305 3004 1417 3068 quis
1578 3022 1631 3054 ει.
1668 3006 1872 3053 Senatus
1898 3003 2187 3052 auctoritas.
2218 3005 2415 3051 Summa
2442 3014 2533 3051 vo-

394 3082 619 3133 tribunus
649 3082 721 3148 pl.
755 3080 1019 3146 aliquando
1055 3082 1336 3132 concitandi
1363 3085 1418 3131 iu

367 3216 374 3223 ⁶
397 3178 476 3211 me
501 3161 676 3227 populi
700 3163 1006 3211 occasionem
1036 3160 1264 3219 baberet,
1305 3162 1419 3226 quia

398 3257 504 3301 me,
537 3242 644 3305 lege
677 3242 913 3301 ejectum,
948 3239 1052 3287 siue
1086 3240 1192 3304 lege
1229 3240 1422 3289 restitui

399 3336 502 3367 non
526 3320 738 3384 potuisse
765 3319 964 3368 diceret.

475 3414 525 3459 7.
555 3398 816 3446 Guvianus.
839 3401 995 3447 Vetus
1013 3413 1193 3446 nomeu
1217 3400 1273 3445 iu
1293 3414 1423 3445 antes

405 3476 740 3541 producebant
779 3478 847 3537 ii,
892 3478 978 3541 qui
1022 3475 1422 3542 adoptabantur:

406 3554 542 3619 quod
562 3555 680 3603 alibi
703 3572 896 3621 quoque
919 3543 1194 3605 docuimus.

485 3635 535 3681 8.
574 3636 734 3685 Socer.
777 3638 870 3685 Cn.
909 3638 1101 3701 Oppius
1115 3670 1133 3697 ‚
1166 3647 1227 3686 ut
1265 3636 1432 3685 videre

303 3708 326 3723 ‘
411 3724 486 3762 est
516 3722 632 3777 post
660 3713 786 3761 ned.
815 3713 878 3761 ad
907 3715 1049 3776 Quir.
1077 3716 1138 3777 5,
1163 3724 1212 3762 et
1239 3714 1302 3762 ad
1328 3716 1431 3763 Act.

411 3794 503 3853 JV,
527 3806 556 3839 a
574 3825 590 3850 ,
615 3788 704 3838 ubi
733 3790 873 3855 plura
897 3792 1106 3855 reperias
1133 3791 1196 3840 de
1223 3803 1324 3842 tots
1345 3793 1438 3843 bac

414 3870 652 3921 Clodiana
675 3868 966 3918 turbatione.

491 3950 713 3997 XXXV.
749 3964 797 3998 ι.
831 3946 1099 3997 calumnia.
1135 3950 1300 4013 Quum
1323 3950 1439 4000 falsa

417 4028 638 4099 quiedam
688 4027 750 4075 ad
795 4042 980 4079 mcum
1033 4029 1438 4093 interponendam

417 4106 715 4155 afferrentur.

1504 3082 1667 3133 luntas
1686 3117 1702 3142 ,
1754 3099 1907 3147 quum
1950 3080 2421 3131 senatusconsultum
2466 3081 2529 3129 de

1508 3162 1755 3211 Ciceronis
1777 3160 1937 3209 reditu
1964 3162 2145 3226 foetum
2164 3168 2369 3207 cunctus
2392 3176 2534 3209 seua-

1510 3252 1587 3289 tus
1622 3256 1914 3305 magnopere
1949 3238 2097 3288 vellet
2126 3252 2141 3287 ε
2180 3238 2533 3303 impediebatur

1508 3330 1667 3368 autern
1686 3335 1839 3377 mors,
1852 3330 1933 3377 ut,
1950 3333 2101 3382 quum
2118 3316 2321 3367 Attinas
2336 3330 2533 3367 noctem

1510 3398 1603 3445 sibi
1621 3397 1685 3445 ad
1706 3396 2069 3446 deliberandum
2088 3398 2381 3461 postuhvit;
2405 3398 2537 3447 ludi·

1510 3474 1757 3535 flectione,
1773 3486 1852 3533 ut,
1873 3492 2023 3539 quum
2038 3477 2261 3541 promisit
2272 3494 2324 3525 se
2337 3490 2535 3543 postero

1516 3556 1595 3605 die
1617 3572 1804 3604 morsm
1827 3554 2011 3604 nullam
2036 3557 2425 3617 esse-facturum,
2450 3574 2541 3607 uec

1520 3646 1679 3685 tamen
1696 3669 1713 3695 ,
1747 3634 1885 3699 quod
1916 3637 2233 3699 promiserat,
2275 3639 2533 3701 praestitit:

1525 3713 1761 3762 calumnia
1776 3747 1793 3773 ,
1814 3724 1871 3761 ut
1882 3747 1899 3773 ,
1916 3729 2065 3778 quum
2082 3712 2213 3763 falsa
2228 3732 2385 3765 cause
2396 3751 2415 3775 ‚
2448 3716 2553 3765 dif-

1526 3792 1709 3853 ferendi
1728 3790 1877 3856 gratia
1889 3826 1905 3851 ,
1922 3808 2017 3856 pro
2034 3794 2161 3841 veris
2176 3778 2567 3845 adducer‘eutur..

1599 3871 1647 3919 3.
1684 3870 1889 3919 concilii
1912 3872 1973 3919 do
1996 3888 2075 3919 me
2098 3872 2292 3936 agendi.
2324 3872 2551 3921 Vocibus

1524 3949 1603 3997 bis
1616 3960 1786 3997 monet
1795 3966 1823 3995 a
1843 3960 2011 4003 senatu
2023 3950 2087 3997 ad
2098 3949 2341 4014 populum
2356 3950 2548 4000 traduci

1525 4044 1625 4075 rem
1642 4045 1657 4084 ;
1675 4028 1800 4077 nihil
1814 4044 1931 4093 ergo
1950 4028 2232 4085 mutandum
2247 4062 2263 4088 ,
2286 4030 2426 4093 quasi
2444 4046 2549 4079 uon

1525 4107 1603 4171 agi
1629 4108 1889 4156 concilium
1918 4108 2013 4157 dici
2040 4107 2223 4171 possit,
2254 4124 2545 4175 quamquam
