2996 4694
474 364 615 451 364
1129 371 1225 438 M.
1268 372 1349 439 Τ.
1403 370 1976 441 CICERONIS

468 486 673 559 urbis
706 486 939 585 vigilia
965 544 985 576 ‚
1022 516 1265 589 neque
1300 494 1672 563 resistente
1701 496 1846 594 Cn..
1861 494 2210 588 Pompeio
2231 544 2250 577 ‚
2273 495 2610 563 omnium

471 604 791 696 gentium
828 603 1141 688 victore,
1171 628 1518 699 umquam
1549 628 1626 673 se
1669 602 1770 671 illi
1815 600 2328 699 rempublicam
2369 602 2610 673 delere

472 734 679 806 posse
738 709 1125 784 duxerunt.
1182 716 1239 783 A
1292 738 1411 785 me
1474 712 1772 811 quidem
1817 713 2033 783 etiam
2093 737 2342 809 poenas
2385 738 2607 809 expe·-

470 821 651 892 tistis
670 874 691 909 ‚
712 819 985 919 quibus
1012 825 1556 919 conjuratorum
1587 848 1834 895 manes
1865 838 2328 893 mortuorum
2365 827 2606 920 expia-

468 932 689 1003 retis:
733 956 953 1003 omne
994 932 1281 1023 odium,
1333 935 1692 1007 inclusum
1743 932 2036 1007 nefariis
2089 932 2421 1005 sensibus
2470 935 2608 1003 im-

464 1042 793 1139 piorum,
851 1047 931 1113 in
970 1068 1087 1116 me
1130 1044 1578 1141 profudistis.
1626 1046 1962 1133 Quorum
2012 1067 2146 1140 ego
2191 1040 2424 1115 furori
2475 1043 2608 1113 nisi

464 1153 829 1223 cessissem
852 1206 871 1238 ‚
906 1154 979 1223 in
1016 1155 1335 1225 Catilinae
1360 1152 1618 1241 busto,
1641 1151 1848 1225 vobis
1879 1152 2222 1237 ducibus,
2257 1166 2608 1223 mactatus

464 1282 719 1333 essem.
755 1262 973 1353 Quod
1000 1278 1245 1335 autem
1272 1264 1506 1357 majus
1539 1263 1888 1335 indicium
1921 1267 2348 1362 exspectatis
2369 1318 2390 1349 ‚
2427 1262 2606 1333 nihil

465 1370 655 1441 inter
680 1396 811 1441 vos
830 1388 901 1444 et
925 1373 1301 1447 Catilinam
1332 1374 1744 1447 interfuisse
1760 1428 1781 1459 ‚
1807 1398 2026 1470 quam
2046 1372 2250 1470 quod
2277 1372 2602 1444 eamdem

460 1480 655 1551 illam
688 1507 984 1554 manum
1012 1508 1099 1555 ex
1132 1485 1630 1557 intermortuis
1663 1486 1984 1557 Catilinae
2013 1484 2334 1580 reliquiis
2361 1486 2604 1555 conci-

462 1593 707 1663 tastis?
738 1594 937 1689 quod
968 1618 1223 1667 omnes
1246 1596 1576 1692 undique
1598 1594 1920 1694 perditos
1945 1594 2374 1692 collegistis?
2405 1592 2606 1690 quod

464 1701 539 1771 in
560 1726 677 1773 me
702 1726 1059 1775 carcerem
1090 1704 1447 1777 effudistis
1466 1704 1788 1803 ¹³?quod
1805 1704 2222 1800 conjuratos
2243 1704 2608 1775 armastis?

464 1813 667 1909 quod
701 1838 953 1887 eorum
988 1815 1185 1887 ferro
1212 1841 1294 1888 ac
1319 1816 1548 1887 furori
1587 1842 1834 1887 meum
1869 1840 2173 1913 corpus,
2199 1829 2420 1912 atque
2455 1840 2606 1885 om·

464 1924 665 1993 nium
704 1922 1071 1997 bonorum
1116 1928 1329 1997 vitam
1372 1926 1694 2022 objicere
1729 1925 2102 1998 voluistis?
2141 1924 2284 1997 Sed
2311 1924 2462 2020 jam
2495 1948 2602 1995 re-

464 2032 609 2104 deo
648 2034 737 2105 acl
778 2037 1187 2133 pra-claram
1226 2038 1419 2109 illam
1460 2038 1892 2109 concionem
1935 2051 2150 2107 tuam.

558 2152 751 2219 VIII.
782 2154 889 2222 Tu
914 2176 991 2223 es
1015 2150 1167 2239 ille,
1206 2154 1322 2223 cni
1348 2150 1734 2223 crudelitas
1765 2149 2136 2247 displicet?
2165 2150 2337 2245 qui,
2372 2172 2602 2244 quum

462 2268 797 2329 senatus¹
850 2260 1124 2331 luctum
1170 2284 1253 2332 ac
1290 2260 1616 2333 dolorem
1653 2284 1866 2331 suum
1903 2260 2168 2333 vestis2
2201 2262 2604 2329 mutatione

456 2365 965 2441 declarandum
1000 2373 1393 2444 censuisset
1411 2411 1441 2459 ‚·
1474 2395 1702 2470 quum
1740 2371 2018 2441 videres
2061 2393 2368 2440 moerere
2409 2393 2602 2440 rem·

460 2477 823 2576 publicam
866 2481 1283 2578 amplissimi
1330 2481 1614 2554 ordinis
1649 2481 1894 2568 luctu,
1935 2505 1982 2552 0
2031 2494 2278 2552 noster
2321 2480 2601 2549 miseri·

454 2589 647 2661 cors!
698 2591 876 2692 quid
938 2590 1150 2664 facis?
1200 2592 1405 2690 quod
1450 2591 1650 2662 nulla
1699 2592 1778 2660 in
1827 2588 2160 2660 barbaria
2209 2591 2602 2685 quisquam

452 2714 821 2796 tyrannus.
873 2705 1153 2773 Omitto
1212 2703 1403 2772 enim
1455 2700 1672 2787 illud,
1716 2699 2088 2771 consulem
2139 2697 2470 2781 edicere,
2523 2711 2604 2768 ut

454 2827 749 2884 senatus
788 2811 1411 2885 senatusconsulto
1452 2836 1546 2881 ne
1581 2808 2080 2908 obtemperet3
2139 2834 2288 2906 quo
2332 2806 2602 2879 foedius

452 2950 589 2998 nec
628 2925 827 3017 fieri,
872 2954 1009 3001 nec
1054 2927 1349 3025 cogitari
1392 2921 1792 3024 quidc‘luam
1840 2939 2102 3023 potest.
2161 2921 2272 2993 Ad
2325 2924 2603 2993 miseri·

449 3035 771 3112 cordiam
808 3040 1027 3112 redeo
1062 3040 1251 3134 ejus,
1290 3041 1407 3109 cui
1443 3039 1662 3108 nimis
1687 3035 1972 3108 videtur
1995 3049 2286 3108 senatus
2311 3036 2388 3105 in
2429 3058 2601 3104 con-

451 3149 796 3220 servanda
830 3151 1057 3248 patria
1092 3147 1309 3220 fuisse
1338 3146 1669 3220 crudelis.
1700 3146 1998 3216 Edicere
2035 3158 2143 3216 est
2173 3167 2390 3214 ausus
2429 3167 2598 3213 cum

456 3257 581 3332 illo
636 3284 770 3333 suo
816 3261 1000 3359 pari,
1055 3285 1275 3358 quem
1320 3273 1562 3330 tamen
1609 3255 1952 3328 omnibus
2008 3255 2196 3326 vitiis
2251 3277 2598 3349 superare

1569 3463 1850 3526 sumptione
1867 3461 2212 3512 declarandum
2223 3462 2522 3522 oen-uiua,
2543 3471 2600 3510 ut

528 3471 611 3518 13.
660 3469 808 3532 Quod
838 3469 888 3516 in
930 3483 1007 3516 me
1040 3483 1168 3517 cat-c.
1206 3463 1482 3531 affidistae's?

1567 3543 1870 3606 rupices-etis
1935 3542 2198 3605 aliquando
2261 3535 2597 3605 videremque

456 3548 633 3596 Servon
670 3560 719 3596 et
754 3551 1016 3598 sceleratos
1046 3563 1109 3594 ex
1145 3542 1396 3607 ergastulis
1430 3555 1481 3592 et

456 3644 649 3676 carcere
671 3629 955 3684 immisistis.
978 3626 1041 3674 ad
1065 3622 1333 3672 vexandam
1352 3639 1481 3670 rem·-

458 3707 704 3770 pnblicam
724 3743 739 3768 ,
780 3720 829 3757 et
857 3703 1115 3754 conflanda
1136 3701 1389 3750 seditioni·
1406 3703 1479 3750 in·

454 3787 643 3837 cendia.

526 3869 665 3914 vm.
708 3881 752 3914 ι.
782 3861 881 3928 Qm‘
902 3895 917 3918 ,
940 3877 991 3925 q.
1021 3867 1239 3906 senatus.
1262 3857 1343 3907 Al.
1362 3857 1469 3921 qui.

454 3971 523 3982 -
540 3948 705 4009 Quum
730 3951 925 3991 senatus
956 3937 1047 3986 tibi
1066 3937 1361 4001 collegaque
1388 3949 1477 3986 tuo

452 4023 637 4074 luctum
680 4023 1023 4085 doloremque,
1063 4033 1205 4081 quem
1250 4033 1313 4065 ex
1358 4031 1471 4064 meo

1568 3622 1748 3686 quibus
1772 3621 1994 3668 cladibus
2021 3619 2278 3669 efficeretis
2301 3637 2458 3686 remp.

1639 3715 1689 3746 a.
1719 3699 1871 3746 Vestis
1893 3699 2177 3748 nictatione.
2203 3702 2524 3764 Magistratus
2541 3701 2597 3748 in

1565 3778 1702 3826 luctu
1727 3777 1974 3841 ponebant
2001 3789 2316 3841 pretextati,
2343 3790 2598 3828 senatore·

1565 3857 1716 3904 latum
1735 3857 1926 3904 clavum
1942 3893 1958 3916 ,
1985 3857 2174 3920 equita
2193 3857 2406 3906 annulos
2419 3875 2598 3906 aureo·

1565 3947 1614 3982 et
1631 3933 1854 3998 phaleras
1866 3951 1879 3992 3
1891 3935 2034 4000 plebs
2047 3936 2278 3985 utebatur
2295 3949 2408 4000 toga
2429 3937 2562 4000 pulla
2578 3954 2594 3994 ς

1567 4013 1628 4062 de
1665 4013 1843 4076 quibus
1881 4014 2046 4064 multis
2084 4015 2186 4079 agit
2217 4015 2486 4065 Abi-anius
2531 4015 2596 4064 ad

450 4103 945 4173 periculo-hauserat,
976 4097 1121 4145 vestis
1152 4095 1371 4161 lugubris
1394 4111 1471 4144 as-
1559 4095 1694 4142 hunc
1720 4091 1900 4146 locum.
