2996 4694
481 391 622 479 454
1105 401 1204 466 Μ.
1255 399 1333 466 Τ.
1385 397 1981 468 CICERONIS.

574 530 728 598 XII.
781 531 870 597 Et
911 529 1008 598 ait
1059 530 1274 598 etiam
1311 551 1519 600 meus
1558 527 1971 599 familiaris²
2012 542 2086 599 et
2122 531 2565 601 necessarius
2586 583 2611 615 ,

477 634 804 706 eamdem
839 659 1126 708 causam
1167 636 1700 710 Alexandr-inis'
1754 636 2007 722 fuisse,
2050 662 2185 709 cur
2234 637 2613 710 laudarent

475 743 900 831 Gabinium,
961 773 1124 844 quae
1165 746 1338 819 mihi
1382 747 1636 836 fuerit,
1696 771 1829 820 cur
1876 748 2216 819 eumdem
2272 747 2615 820 defende-

473 877 650 925 rem.
697 857 912 941 Mihi,
945 861 1026 928 C.
1063 862 1398 947 Memmi,
1435 883 1647 931 causa
1681 856 2123 930 defendendi
2151 856 2443 930 Gabinii
2474 856 2611 928 fuit

471 966 960 1039 reconciliatio
1009 971 1268 1066 gratiae.
1327 973 1587 1067 Neque
1630 993 1743 1041 me
1783 992 1958 1040 vero
2010 969 2315 1066 poenitet
2340 1023 2360 1054 ,
2408 992 2607 1038 mor-

474 1074 648 1147 tales
682 1077 1088 1148 inimicitias
1107 1075 1162 1167 ³,
1207 1081 1683 1179 sempiternas
1714 1080 2057 1150 amicitias
2096 1077 2385 1150 habere.
2421 1082 2603 1150 Nam

471 1185 530 1255 si
573 1209 688 1257 me
723 1187 1028 1258 invitum
1071 1203 1316 1285 putas,
1355 1214 1450 1260 ne
1485 1193 1615 1261 Cn.
1654 1191 1979 1286 Pompeii
2012 1193 2333 1259 animum
2368 1186 2603 1260 offen-

467 1294 751 1381 derem,
811 1293 1220 1370 defendisse
1276 1323 1599 1385 causam3
1656 1314 1731 1370 et
1790 1299 2035 1384 illurn,
2080 1312 2153 1369 et
2214 1321 2329 1368 me
2388 1297 2601 1369 vehe-

467 1420 752 1510 menter
785 1409 1073 1503 ignoras
1085 1414 1137 1476 ⁴.
1167 1410 1422 1506 Neque
1453 1411 1648 1480 enim
1670 1410 2053 1507 Pompeius
2082 1433 2202 1480 me
2236 1433 2363 1480 sua
2390 1433 2603 1480 causa

467 1515 868 1612 quidquam
905 1514 1142 1587 facere
1196 1517 1541 1590 voluisset
1586 1521 1926 1603 invitum3
1965 1542 2205 1616 neque
2255 1543 2429 1617 eg0,
2478 1522 2595 1589 cui

466 1628 798 1695 omnium
835 1626 1096 1696 civium
1131 1625 1422 1699 libertas
1449 1630 1811 1700 carissima
1836 1627 2122 1714 fuisset,
2156 1651 2395 1699 meam
2426 1652 2599 1725 pro-

460 1735 806 1863 jecissem.
860 1737 1225 1827 Quamdiu
1271 1741 1801 1812 inimicissimus
1836 1729 2197 1811 Gabinio⁵
2242 1737 2386 1818 fui,
2444 1762 2596 1808 non

461 1847 930 1918 amicissimus
970 1839 1160 1920 'mihi
1213 1875 1364 1921 non
1377 1853 1802 2006 6Pompeius
1851 1849 2027 1938 fuit3
2084 1875 2259 1937 nec,
2314 1863 2597 1947 postea-

461 1980 682 2054 quam
721 1957 910 2029 illius
951 1951 1412 2031 auctoritati⁶
1448 1984 1607 2032 eam
1646 1959 1809 2033 dedi
1852 1963 2167 2045 veniam,
2210 1982 2432 2056 quam
2466 1957 2595 2030 de-

461 2066 629 2155 bui,
683 2066 1082 2166 quidquam
1139 2071 1503 2158 simulavi,
1548 2095 1643 2143 ne
1692 2095 1857 2143 cum
1906 2093 2065 2142 mea
2109 2068 2441 2168 perfidia,
2498 2069 2597 2138 illi

461 2181 676 2250 etiam
709 2181 845 2277 ipsi
881 2178 1188 2252 facerem
1213 2235 1232 2269 ,
1283 2183 1401 2252 cui
1455 2179 1893 2254 beneficium
1948 2180 2340 2263 dedissem,
2404 2178 2599 2273 inju-

461 2293 656 2362 riam.
685 2293 866 2363 Nam
898 2315 1050 2365 non
1076 2292 1501 2365 redeundo
1479 2319 1556 2364 in
1582 2295 1881 2392 gratiam
1901 2315 2069 2365 cum
2098 2290 2417 2375 inimico,
2444 2312 2597 2359 non

460 2400 815 2471 violabam
866 2404 1315 2499 Pompeium.
1357 2406 1427 2475 Si
1477 2428 1609 2502 per
1650 2426 1819 2475 eum
1868 2402 2213 2474 reductus
2249 2399 2597 2471 insidiose

456 2510 842 2597 redissem,
905 2534 1024 2581 me
1079 2514 1346 2585 scilicet
1399 2517 1745 2601 maxime,
1816 2513 1940 2584 sed
2010 2512 2337 2611 proxime
2394 2509 2595 2581 illum

531 2726 652 2773 111.
691 2742 732 2771 ι.
767 2727 905 2773 Hem
917 2726 1212 2791 santiliaris.
1247 2729 1304 2778 C.
1327 2730 1483 2777 Mem·
1572 2730 1612 2777 ai
1640 2730 1749 2793 qnia
1776 2740 1849 2778 est
1884 2731 1973 2793 qni
2015 2740 2065 2777 et
2101 2745 2153 2777 ae
2182 2739 2231 2776 et
2256 2744 2449 2776 canaam
2483 2728 2595 2776 ledi

462 2808 586 2854 mina
603 2814 873 2853 aecusator.

529 2899 580 2932 a.
613 2881 852 2931 lamdem
877 2898 1074 2932 eausam
1101 2885 1476 2935 Alexandrinis.

460 2964 636 3012 Seu-ut
655 2964 890 3029 Pompeio
913 2965 1174 3030 placerent.
1201 2966 1376 3016 ciem
1393 2964 1478 3014 din

461 3042 774 3107 repugnavit,
811 3053 870 3092 nt
903 3053 1036 3107 patet
1061 3044 1203 3108 epiat.
1250 3059 1296 3107 1,
1325 3044 1388 3092 ad
1415 3046 1479 3108 Q.

461 3126 672 3171 Fratrem
696 3156 713 3181 ,
747 3122 832 3171 lib.
871 3125 922 3171 11
948 3138 962 3173 :
1001 3145 1023 3167 ι
1046 3122 1307 3189 Pompeius
1343 3140 1370 3172 a
1405 3140 1482 3173 me

460 3202 600 3252 valde
626 3202 884 3254 contendit
919 3204 982 3252 de
1019 3204 1181 3253 reditu
1203 3205 1256 3252 in
1282 3204 1482 3267 gratiam

463 3284 482 3344 (
505 3298 617 3331 enm
637 3284 916 3346 Gabinio),
935 3284 1022 3332 aed
1038 3283 1200 3332 adhue
1221 3283 1343 3331 nihil
1361 3298 1482 3347 pro·

461 3363 600 3423 fecit,
627 3378 718 3411 nec
735 3398 750 3422 ‚
783 3362 824 3410 ai
857 3362 1004 3411 ullam
1029 3374 1216 3426 partem
1251 3360 1486 3409 libet-tatia

463 3442 640 3491 tenebo
653 3476 669 3500 ,
701 3441 926 3505 proficiet
945 3463 989 3491 υ.

533 3522 585 3569 3.
617 3522 851 3569 Mortales
866 3519 1162 3568 inimicitias.
1189 3518 1248 3566 Id
1267 3518 1486 3582 est‚fi·a·

455 3600 600 3665 giles.
633 3602 696 3647 In
727 3600 946 3647 eamdem
981 3600 1214 3645 rationem
1254 3598 1376 3646 illud
1413 3610 1486 3647 ent

459 3681 527 3741 Q.
585 3676 772 3727 caecilii
823 3677 1006 3725 Metelli
1068 3676 1202 3742 apud
1259 3677 1479 3727 Livium:

463 3784 488 3803 a
515 3758 778 3822 Vulgatum
816 3756 968 3815 illud,
1015 3760 1128 3821 quia
1175 3774 1338 3805 verum
1379 3768 1482 3819 est,

459 3840 512 3887 in
547 3836 858 3903 proverbium
899 3838 1068 3884 veuit:
1103 3837 1354 3885 Amicitias
1392 3838 1482 3884 im-

461 3917 686 3966 mortales
711 3952 724 3975 ,
777 3915 1052 3963 inimicitias
1107 3916 1335 3963 mortales
1379 3932 1480 3964 ease

459 3997 634 4045 debere
654 4020 695 4043 ιι.

533 4082 582 4131 4.
615 4078 680 4123 Ee
705 4076 870 4132 illum,
901 4086 950 4123 ec
976 4092 1075 4123 me.
1099 4112 1143 4123 ..

463 4166 582 4205 orat.
617 4170 711 4221 pro
743 4158 926 4205 Roscio
959 4156 1190 4205 Amerino
1222 4168 1236 4203 ε

1183 4074 1394 4139 ignoras.
1421 4076 1478 4121 In

1275 4178 1302 4197 κ
1328 4153 1480 4218 Quod

1569 2818 1711 2871 putet
1729 2844 1744 2866 ,
1774 2824 1927 2873 quum
1962 2808 2315 2873 Chry-egonus
2354 2806 2597 2870 vitupere-

1570 2897 1669 2944 tur,
1692 2888 1735 2934 is
1750 2902 1943 2935 canaam
1960 2888 2155 2951 ignorat
2168 2920 2183 2945 ,
2206 2887 2417 2950 seipsum
2438 2900 2597 2949 prope

1568 2980 1668 3013 non
1688 2966 1829 3015 novit
1840 2988 1886 3016 ι.

1642 3045 1697 3095 5.
1746 3045 1991 3108 Quamdiu
2042 3044 2397 3093 inimicissimas
2444 3044 2599 3092 Gabi-

1571 3124 1671 3172 nio.
1706 3128 1765 3175 1..
1792 3126 1906 3174 Piso
1932 3134 1979 3174 et
2014 3128 2077 3173 A.
2106 3122 2346 3173 Gabinius
2372 3124 2599 3172 consule·

1570 3218 1633 3251 eo
1671 3218 1803 3253 anno
1840 3218 1943 3268 qno
1980 3204 2155 3253 Cicero
2180 3202 2337 3251 Roma
2360 3202 2600 3267 expnlaua

1573 3291 1645 3330 eat
1658 3317 1672 3342 ,
1698 3283 2005 3331 vehementer
2024 3282 2071 3331 ei
2096 3280 2383 3341 obfuemnt3
2407 3281 2595 3331 luctum

1572 3362 1701 3409 enim
1726 3372 1774 3409 et
1796 3363 2185 3427 depoecationem
2209 3361 2599 3426 prohibuerunt3

1572 3440 1831 3490 edixerunt
1852 3442 1996 3490 etiam
2026 3452 2085 3489 ut
2108 3441 2169 3489 ad
2199 3456 2341 3489 anum
2366 3442 2595 3489 vestitum

1574 3532 1820 3568 senatores
1845 3520 2057 3568 redirent
2070 3555 2085 3579 ,
2115 3530 2163 3568 et
2188 3536 2341 3585 quum
2366 3520 2597 3585 princepe

1574 3600 1630 3646 P.
1669 3598 1901 3647 lentulus
1937 3600 2223 3647 auctoritate
2268 3610 2321 3647 et
2356 3600 2595 3647 sententia

1573 3694 1659 3727 aua
1696 3694 1885 3727 eausam
1914 3679 2165 3727 Ciceronis
2206 3678 2389 3727 exanlia
2428 3692 2593 3725 anaoe-

1569 3759 1745 3822 plaaet,
1780 3758 1926 3807 ambo
1954 3759 1999 3807 ei
2030 3758 2259 3807 consules
2282 3758 2597 3807 vehementer

1571 3838 1712 3885 etiam
1733 3846 1878 3901 atque
1900 3838 2045 3885 etiam
2066 3840 2361 3887 restiterunt.

1640 3916 1693 3965 6.
1724 3916 1862 3964 Illius
1888 3915 2187 3964 atacem-itaci.
2211 3906 2473 3979 Pompeius
2498 3913 2599 3961 Ga—

1570 3994 1711 4043 binio
1739 3996 1955 4053 favebat,
1994 3996 2105 4059 qnia
2142 4010 2274 4043 anno
2300 3996 2405 4043 686
2440 3994 2597 4057 legem

1571 4074 1743 4122 tulerat
1760 4109 1775 4133 ‚
1799 4092 1893 4139 qna
1914 4074 2175 4139 Pompeius
2192 4073 2326 4122 solua
2350 4072 2453 4123 dux
2476 4088 2599 4121 oon-

1572 4164 1643 4203 tra
1660 4154 1839 4217 piratas
1856 4156 2037 4204 eiectus
2052 4154 2225 4201 sinen-at.
