2996 4694
497 378 626 458 ¹24
1110 378 1206 447 M.
1259 378 1336 445 T.
1389 374 1969 449 CICERONIS

484 498 748 568 horum
784 497 1098 595 impetus
1131 512 1204 569 et
1238 512 1539 570 conatus
1575 508 2111 595 represserunt3
2144 496 2269 589 qui
2300 497 2615 564 auctori-

487 623 666 695 tate,
695 612 822 703 qui
847 605 993 679 fide
1015 662 1035 696 ,
1070 610 1194 706 qui
1223 610 1625 680 constantia
1642 662 1661 697 ,
1694 609 1821 705 qui
1846 602 2341 701 magnitudine
2362 604 2613 690 animi,

485 716 799 787 consiliis
831 714 1203 788 audacium
1241 720 1689 790 restiterunt:
1722 720 1774 787 ii
1804 739 2081 812 graves,
2118 716 2168 783 ii
2214 715 2614 811 principes,

487 828 534 897 ii
565 826 823 913 duces,
845 830 894 897 ii
931 842 1260 900 auctores
1285 828 1503 924 hujus
1536 826 1842 914 ordinis,
1874 839 1942 895 et
1972 822 2375 922 dignitatis,
2397 837 2615 920 atque

482 939 765 1036 imperii
805 962 1090 1037 semper
1125 935 1352 1009 habiti
1401 954 1596 1011 sunt.

584 1052 867 1121 LXVII.
903 1052 1004 1120 Ac
1023 1103 1044 1135 ,
1077 1073 1170 1119 ne
1194 1049 1360 1146 quis
1389 1074 1478 1119 ex
1512 1064 1765 1123 nostro
1784 1103 1804 1136 ,
1834 1061 1958 1118 aut
1988 1045 2401 1143 aliquorum
2440 1068 2619 1141 prae-

490 1171 686 1229 terea
720 1182 890 1228 casu
927 1156 1118 1229 hanc
1161 1159 1320 1229 vitaz·
1353 1161 1543 1229 viam
1582 1160 2069 1257 pertimescat,
2110 1178 2304 1225 unus
2361 1156 2439 1223 in
2484 1152 2619 1223 hac

490 1269 770 1339 civitate
791 1321 810 1355 ,
852 1290 1068 1364 quem
1111 1267 1408 1363 quidem
1451 1292 1588 1365 ego
1631 1271 1903 1365 possim
1952 1265 2193 1337 dicere
2214 1318 2236 1347 ,
2285 1262 2619 1361 praeclare

490 1378 598 1445 vir
641 1374 732 1446 de
779 1374 1150 1472 republica
1198 1380 1536 1465 merituS,
1571 1384 1653 1449 L.
1689 1378 2091 1474 Opimius¹,
2128 1372 2619 1470 indignissime

493 1482 843 1569 concidit3
879 1485 1088 1580 cujus
1121 1502 1681 1558 monumentum
1700 1498 1729 1529 ²
1758 1486 2307 1558 celeberrimum
2334 1485 2412 1553 in
2434 1481 2621 1569 soro,

493 1591 906 1688 sepulcrum
957 1592 1519 1667 desertissimum
1563 1598 1641 1667 in
1684 1595 1893 1668 litore
1948 1592 2455 1691 Dyrrhachino
2524 1616 2624 1664 re·

495 1702 744 1772 lictum
803 1718 931 1775 est.
989 1708 1224 1802 Atque
1273 1705 1470 1778 hunc
1536 1721 1777 1777 tamen
1838 1706 2261 1803 flagrantem
2314 1700 2579 1773 invidia
2602 1754 2622 1786 ,

497 1825 796 1910 propter
838 1814 1206 1885 interitum
1255 1820 1332 1888 C.
1373 1818 1721 1904 Gracchi,
1760 1813 2077 1914 semper³
2114 1818 2269 1913 ipse
2312 1811 2626 1912 populus

497 1946 836 1994 romanus
863 1925 1186 2022 periculo
1215 1926 1563 1998 liberavit.
1605 1928 1759 2000 Alia
1785 1924 2115 2024 quaedam
2152 1928 2381 1997 civem
2416 1945 2621 2018 egre·

495 2034 692 2129 gium
724 2035 956 2131 iniqui
983 2035 1234 2132 judicii
1272 2039 1587 2135 procella
1615 2038 1981 2137 pervertit.
2026 2039 2264 2109 Ceteri
2298 2058 2473 2105 vero
2501 2046 2627 2104 aut

495 2148 872 2242 repentina
907 2149 978 2216 vi
1021 2148 1331 2246 perculsi
1354 2152 1410 2235 ⁴,
1453 2174 1537 2220 ac
1588 2161 2010 2245 tempestate
2052 2144 2385 2243 populari
2412 2198 2433 2233 ,
2495 2165 2627 2239 per

497 2254 851 2352 populum
901 2270 1143 2329 tamen
1185 2260 1420 2356 ipsum
1463 2260 1764 2330 recreati
1800 2272 1975 2327 sunt
2016 2270 2245 2355 atque.
2274 2255 2627 2337 revocati3

500 2381 625 2436 aut
673 2371 977 2438 omnino
1035 2369 1466 2440 invulnerati
1494 2367 1525 2412 ⁵
1581 2367 2051 2466 inviolatique
2108 2370 2463 2436 vixerunt.
2534 2368 2629 2436 At

502 2499 674 2546 vero
715 2479 800 2560 ii,
835 2478 964 2574 qui
1009 2491 1298 2550 senatus
1341 2479 1755 2564 consilium,
1794 2479 1923 2574 qui
1958 2476 2459 2548 auctoritatem
2500 2471 2630 2544 bo-

497 2609 797 2670 norum,
840 2589 968 2680 qui
995 2586 1324 2656 instituta
1351 2587 1707 2681 majorum
1744 2586 2249 2683 neglexerunt,
2289 2596 2365 2652 et
2400 2583 2628 2677 impe·-

501 2695 654 2762 ritae
681 2706 806 2762 aut
833 2694 1200 2766 concitatae
1225 2694 1675 2766 multitudini
1698 2694 2003 2793 jucundi
2030 2719 2183 2768 esse
2213 2692 2629 2776 voluerunt,

503 2919 828 2986 perniciosos,
852 2921 938 2986 qui
967 2923 1112 2972 fortes
1137 2934 1186 2972 et
1213 2924 1370 2972 claros
1393 2927 1525 2974 viros

503 3010 551 3048 et
571 2999 692 3048 bene
714 2999 774 3049 de
793 3003 946 3066 patria
963 3004 1160 3051 meritos
1179 3001 1497 3053 insectantur.

573 3081 778 3129 van.
812 3095 856 3130 1.
895 3083 953 3129 L.
991 3081 1224 3145 Opimius.
1253 3084 1348 3130 Hic
1377 3085 1527 3132 Grac·

1684 2941 1736 2974 α.
1774 2927 2155 2974 Monumentum.
2196 2921 2449 2970 Basilicam
2486 2933 2631 2983 quan

1610 3005 1663 3052 iu
1689 3003 1800 3052 foro
1824 3013 2142 3052 exstruxerat.

1686 3085 1731 3131 3.
1768 3085 1977 3148 Semper.
2004 3082 2213 3129 Videtur
2239 3081 2335 3127 hoc
2350 3078 2504 3126 verbo
2528 3083 2631 3124 uon

503 3158 599 3207 cho
646 3159 800 3208 hostis
844 3161 1193 3209 infensissimus
1211 3197 1226 3224 ,
1273 3173 1527 3211 accusatus

506 3238 596 3285 fnit
617 3239 750 3302 apud
779 3241 1043 3306 populum,
1070 3242 1206 3305 quod
1235 3243 1365 3291 cives
1391 3243 1527 3291 inde·

503 3329 694 3366 mustos
727 3331 883 3368 morte
921 3321 1183 3392 multasset.
1239 3322 1413 3386 Populi
1449 3333 1524 3368 ta-

504 3412 618 3444 meu
629 3397 818 3458 judicio
838 3399 928 3446 suit
944 3399 1213 3450 absolutus.
1241 3401 1336 3448 sed
1357 3411 1527 3464 postes

508 3475 759 3525 damnatus
793 3479 909 3538 fuit,
945 3478 1083 3543 quod
1119 3477 1372 3544 Jugurthoe
1407 3495 1527 3528 auro

509 3557 662 3603 fuerat
713 3569 991 3623 corruptus.
1043 3561 1193 3608 Exsul
1252 3577 1529 3625 supremum

513 3633 642 3682 diem
685 3635 808 3685 obiit
824 3674 839 3697 ,
882 3639 1064 3688 invisus
1106 3649 1527 3703 contemptusque.

507 3713 680 3762 Cicero
704 3725 863 3764 tamen
878 3715 937 3764 de
957 3717 1042 3764 illo
1063 3717 1531 3782 magnificentissime

509 3794 639 3857 agit3
663 3794 776 3857 quia
799 3794 965 3843 eadem
987 3794 1048 3842 de
1075 3795 1322 3860 republica
1355 3795 1531 3843 sentie-

511 3871 659 3936 bant,
683 3873 912 3936 quodque
944 3873 1130 3937 populo
1163 3876 1321 3922 fuerat
1346 3875 1533 3922 invisus

511 3951 646 4013 quod
673 3953 977 4002 indemnatos
995 3986 1009 4010 ,
1041 3953 1168 4000 sicut
1192 3955 1296 4018 ipse
1323 3953 1378 4000 in
1397 3953 1533 4001 cati-

511 4028 624 4077 liuae
655 4032 1017 4092 conjuratione,
1050 4033 1178 4078 cives
1213 4031 1308 4079 vita
1346 4032 1531 4095 spolia-

515 4119 674 4154 visset.

1612 3163 1760 3211 semel
1784 3197 1799 3224 ,
1856 3179 1947 3226 pro
2000 3159 2208 3208 Gracchi
2266 3168 2633 3220 ceterorumque

1612 3241 1743 3290 cade
1754 3275 1767 3300 ,
1781 3241 1912 3305 apud
1926 3239 2162 3305 populum
2181 3237 2327 3285 fuisse
2340 3245 2632 3284 accusatum.

1684 3328 1736 3376 4.
1786 3319 1945 3367 Ceteri
1982 3334 2105 3366 vero
2150 3327 2243 3364 aue
2288 3314 2547 3379 repente'mt
2576 3313 2637 3360 vi

1605 3399 1831 3463 perculsi.
1850 3397 1931 3447 Ab
1954 3398 2077 3446 irata
2102 3396 2243 3461 plebe
2257 3430 2273 3458 ,
2292 3395 2355 3445 de
2380 3396 2634 3460 repentino

1617 3477 1850 3527 damnati.

1688 3559 1737 3604 5.
1764 3556 2077 3606 Invulnemei.
2108 3557 2177 3603 Ut
2194 3589 2209 3616 ,
2236 3554 2444 3619 exempli
2470 3567 2634 3609 causa,

1616 3639 1715 3701 Ap.
1730 3636 1961 3686 Claudius
1982 3635 2217 3684 Sabinus:
2239 3635 2326 3698 qui
2340 3647 2490 3698 quum
2510 3646 2639 3678 sens-

1618 3728 1696 3765 tus
1712 3726 1859 3782 atque
1878 3715 2184 3778 optimatium
2198 3729 2390 3762 causam
2410 3721 2639 3758 coustan-

1621 3795 1799 3842 tissime
1828 3803 2057 3851 tueretur,
2080 3791 2214 3857 plebi
2242 3807 2357 3839 vero
2379 3791 2639 3837 acerrimus

1618 3883 1741 3922 esset
1773 3873 2074 3921 adversarius
2090 3905 2106 3930 ,
2140 3869 2445 3934 tranquill-m
2478 3879 2637 3914 tamen

1620 3963 1763 4015 atque
1780 3951 2063 3998 honoratam
2081 3952 2133 3997 in
2152 3950 2303 4013 patria
2322 3947 2467 3994 vitam
2481 3943 2644 4000 duxit,

1622 4045 1713 4078 nec
1732 4031 1793 4078 ab
1816 4029 2005 4078 infenso
2030 4028 2217 4093 populo
2242 4026 2461 4087 injuriam
2490 4022 2641 4072 ullam

1622 4108 1749 4157 tulit.
