2996 4694
365 467 785 488 “mmm
797 465 2478 494 mmmmmssQQWSmmmw-ummsssmmm

864 669 1167 776 ARG
1190 581 1954 778 UM'ENTUM.
1993 723 2002 732 ·

365 949 687 1021 Antequam
728 953 1121 1021 argumentum
1164 941 1335 1019 hujus
1378 942 1657 1000 orationis
1689 961 2044 1022 exponamus
2063 985 2080 1013 ,
2115 945 2475 1021 praenfitten-

444 1041 577 1098 dam
616 1038 883 1098 duximus
914 1050 1237 1096 accuratam
1279 1041 1343 1097 Ρ.
1376 1039 1622 1097 Manutii
1653 1039 1726 1096 de
1753 1040 1868 1098 vita
1893 1039 2060 1098 Coelii
2087 1041 2474 1100 narrationem

446 1135 597 1194 libro
626 1147 829 1193 octavo
857 1135 1247 1213 Epistolarum
1274 1134 1456 1194 Cicer.
1487 1153 1604 1211 qua
1628 1135 1792 1194 Coelii
1817 1136 2076 1213 epistolae
2105 1137 2476 1196 continentur

445 1232 831 1311 praepositam.

512 1349 545 1382 ·«
558 1335 640 1387 Μ.
684 1329 896 1388 Coelius
940 1327 1161 1402 Rufus,
1210 1327 1423 1406 plebeii
1466 1328 1723 1407 generis,
1766 1341 1934 1408 patre
1966 1330 2159 1408 equite
2199 1349 2438 1388 romano
2458 1372 2476 1401 ,

440 1424 691 1484 Puteolis
720 1437 915 1496 natus,
936 1435 1167 1502 sumpta
1192 1424 1344 1482 virili
1384 1438 1546 1503 toga,
1601 1426 1642 1483 i.
1678 1445 1729 1483 e.
1761 1441 1974 1482 annum
2007 1426 2296 1504 ,ingressus
2316 1447 2478 1498 xvu,

440 1540 473 1578 a
498 1534 664 1599 patre
704 1521 979 1579 continuo
1022 1520 1092 1578 ad
1128 1521 1463 1581 Ciceronem
1494 1521 1776 1580 deductus
1803 1535 1919 1594 est,
1961 1522 2219 1580 nondum
2261 1537 2474 1601 praeto-

438 1617 619 1685 rium,
647 1617 747 1676 sed
772 1618 1099 1695 eloquentia
1126 1618 1245 1694 jam
1275 1631 1333 1675 et
1358 1617 1664 1696 probitatis
1700 1619 1973 1696 opinione
1999 1619 2248 1691 clarum,
2282 1629 2317 1677 a
2357 1639 2475 1696 quo

439 1715 610 1772 etiam
639 1717 970 1772 lectissimus
993 1719 1321 1772 adolescens
1348 1717 1668 1794 appellatus
1695 1730 1782 1774 est
1805 1721 1970 1774 Verr.
2004 1721 2106 1786 IV,
2143 1735 2231 1788 17.
2268 1721 2336 1774 In
2370 1717 2474 1774 illo

439 1813 619 1870 aetatis
664 1813 804 1870 flore
844 1833 1020 1890 quum
1067 1813 1285 1872 artibus
1324 1814 1733 1874 honestissimis
1775 1813 2128 1887 erudiretur,
2167 1819 2252 1872 M.
2285 1814 2476 1873 Crassi

439 1909 675 1967 domum
715 1911 1111 1987 frequentavit.
1155 1915 1357 1970 Postea
1402 1913 1512 1969 fuit
1547 1911 1806 1970 assiduus
1839 1931 1970 1970 cum
2004 1913 2283 1971 Cicerone
2323 1931 2475 1989 prae-

440 2019 593 2077 tore3
618 2006 1096 2084 candidatumque
1125 2019 1431 2065 assectatus
1458 2021 1544 2066 est
1565 2011 1623 2066 in
1653 2009 1928 2088 petitione
1946 2010 2291 2066 consulatus.
2306 2013 2478 2065 Anno

440 2101 700 2178 sequenti
720 2103 926 2160 iterum
946 2103 1164 2181 petenti
1189 2105 1548 2161 consulatum
1571 2105 1825 2163 catilinae
1849 2104 2474 2164 studuit.Tribunatum

438 2197 625 2275 plebis
656 2200 827 2277 gessit
849 2201 1124 2277 Pompeio
1154 2201 1384 2259 tertium
1412 2203 1646 2260 consule
1663 2245 1680 2273 ‚
1705 2222 1856 2260 anno
1883 2201 2028 2263 Urb.
2061 2223 2167 2276 701
2196 2201 2477 2281 (quaestor

441 2295 627 2354 fuerat
668 2315 818 2354 anno
854 2301 937 2357 Ἠ.
975 2295 1148 2375 696),
1180 2298 1573 2376 Milonemque
1611 2298 1690 2357 ob
1735 2317 1934 2357 necem
1977 2303 2040 2357 P.
2071 2297 2258 2357 Clodii
2301 2298 2374 2357 de
2415 2298 2476 2357 vi

438 2411 634 2463 reum,
666 2392 1077 2451 studiosissime
1104 2393 1381 2452 defendit.
1428 2401 1558 2468 Qua
1596 2394 1668 2453 de
1697 2414 1760 2452 re
1791 2396 1941 2453 conf.
1977 2396 2162 2453 Cicer.
2191 2406 2334 2453 orat.
2364 2413 2476 2473 pro

435 2490 668 2562 Milone,
688 2510 811 2568 cap.
838 2491 937 2563 333
960 2496 1117 2549 Brut.
1146 2512 1270 2569 cap.
1300 2514 1391 2569 79.
1416 2495 1730 2551 Nominant
1753 2507 1810 2552 et
1835 2493 2131 2571 Appianus
2163 2492 2320 2572 (Bell.
2347 2494 2473 2551 Civ.

436 2590 527 2659 11,
559 2586 659 2665 22)
685 2600 743 2644 et
770 2586 883 2644 Dio
913 2587 1133 2666 (XLII,
1179 2588 1277 2664 45)
1317 2588 1608 2651 tribunum
1653 2588 1838 2665 plebis
1861 2632 1877 2660 ,
1925 2578 2272 2674 quamquam
2317 2586 2472 2665 apud

436 2696 745 2763 utrumque
781 2683 1053 2741 mendose
1086 2684 1299 2761 legitur
1336 2685 1596 2743 Caecilius
1629 2684 1820 2763 (quod
1855 2685 2058 2743 vitium
2097 2684 2157 2743 in
2193 2684 2475 2743 recentio-

436 2780 598 2839 ribus
622 2781 753 2839 edd.
786 2795 1109 2839 correctum
1146 2795 1267 2854 est3
1317 2782 1500 2839 aedilis
1541 2781 1754 2841 curulis
1789 2782 1897 2839 fuit
1937 2780 2110 2859 (anno
2146 2786 2219 2841 U.
2251 2786 2315 2841 C.
2339 2780 2474 2861 703)

436 2880 503 2935 L.
530 2877 731 2935 Paullo
762 2890 818 2935 et
840 2880 908 2936 C.
938 2878 1213 2935 Marcello
1244 2897 1389 2936 coss.
1422 2878 1594 2957 (anno
1621 2882 1694 2937 U.
1727 2887 1834 2951 704
1859 2921 1875 2949 ,
1905 2898 2037 2935 cum
2069 2882 2151 2935 M.
2181 2879 2438 2936 Antonio
2462 2920 2479 2949 ,

438 2978 509 3049 Q.
540 2975 737 3035 Cassio
773 2988 829 3033 et
860 2979 922 3034 C.
950 2976 1201 3034 Curione
1246 2976 1319 3033 ad
1366 2980 1644 3034 Caesarem
1673 2976 1734 3033 in
1773 2986 1959 3033 castra
1987 2976 2274 3051 confugit,
2301 2994 2474 3052 quem

438 3070 647 3129 deinde
692 3085 969 3149 sequutus
1015 3084 1101 3130 est
1150 3073 1208 3129 in
1244 3072 1643 3150 Rispaniam),
1689 3085 1904 3149 praetor
1943 3077 2011 3133 C.
2055 3074 2281 3150 Caesare
2320 3076 2378 3129 II
2422 3084 2480 3129 et

436 3171 499 3224 P.
530 3168 772 3226 Servilio
801 3188 944 3226 coss.
972 3168 1147 3244 (anno
1178 3171 1251 3226 U.
1287 3167 1439 3245 705).
1476 3168 1834 3244 Eloquentiae
1879 3169 1938 3225 in
1989 3167 2190 3245 primis
2236 3186 2475 3245 operam

398 3270 404 3277 '
440 3260 945 3341 dedit‚locumque
969 3264 1122 3321 inter
1150 3283 1400 3322 summos
1430 3276 1692 3321 oratores
1723 3276 2112 3341 consequutus
2143 3274 2246 3320 est.
2274 3268 2476 3340 Itaque

438 3371 496 3415 et
524 3372 725 3415 auctor
744 3360 878 3419 dial.
905 3359 977 3418 de
1006 3342 1349 3418 Oratoribus
1376 3372 1434 3417 et
1464 3360 1850 3432 Quintilianus
1877 3360 2029 3417 inter
2059 3378 2158 3416 eos
2183 3372 2444 3417 oratores
2461 3402 2478 3432 ,

438 3452 539 3529 qui
570 3455 891 3513 novissimis
922 3458 1065 3536 reip.
1098 3456 1454 3534 temporibus
1484 3458 1731 3514 maxime
1763 3455 2068 3514 floruerint
2104 3455 2338 3515 Caelium
2383 3474 2480 3513 re-

441 3548 658 3621 ferunt,
684 3570 786 3607 sua
810 3552 1014 3629 cuique
1038 3552 1253 3611 tributa
1279 3553 1465 3623 laude,
1492 3554 1774 3625 Ciceroni,
1799 3552 2023 3625 Caesari,
2053 3553 2249 3624 Coelio,
2279 3553 2479 3624 Calv0,

440 3650 653 3717 Brut0,
698 3645 896 3703 Asinio
915 3690 930 3715 ,
962 3649 1259 3707 Messallae.
1301 3650 1459 3707 Coelii
1501 3662 1690 3708 tamen
1722 3650 1935 3726 scripta
1962 3638 2158 3728 paullo
2187 3650 2482 3727 asperiora
2515 3650 2521 3657 ’

439 3756 496 3799 et
525 3742 921 3818 antiquitatem
954 3745 1217 3804 redolere
1254 3747 1375 3804 visa
1402 3760 1553 3805 sunt.
1597 3752 1684 3805 De
1725 3766 1842 3824 quo
1879 3747 1960 3803 sic
1995 3760 2198 3804 auctor
2235 3747 2368 3807 dial.
2407 3744 2480 3803 de

442 3837 823 3909 Oratoribus,
852 3860 975 3917 cap.
1012 3843 1079 3899 18
1106 3864 1118 3898 :
1160 3869 1183 3895 α
1203 3846 1327 3901 Ser.
1358 3843 1546 3901 Galba
1583 3857 1640 3901 et
1681 3848 1742 3906 C.
1775 3842 1968 3903 Carbo
2013 3857 2146 3901 sunt
2172 3841 2395 3901 horridi
2427 3854 2485 3898 et

441 3935 722 4013 impoliti,
753 3947 811 3991 et
840 3935 1047 4007 rudem,
1096 3949 1155 3994 et
1192 3937 1466 3995 informes
1488 3982 1503 4011 ‚
1545 3952 1603 3997 et
1640 3958 1786 4016 quos
1827 3939 2045 3999 utinam
2083 3938 2336 3995 imitatus
2362 3956 2480 3993 non

443 4040 593 4091 esset
625 4032 835 4091 Calvus
866 4044 1071 4105 vester,
1100 4047 1199 4092 aut
1234 4036 1479 4106 Coelius,
1524 4049 1624 4095 aut
1658 4035 1782 4114 ipse
1821 4036 2023 4095 Cicero
2043 4062 2084 4092 υ.
2115 4039 2186 4091 Et
2213 4053 2337 4109 cap.
2375 4052 2443 4090 21
2470 4056 2485 4091 ε

445 4154 470 4181 α
491 4126 688 4202 Quid?
712 4148 783 4186 ex
808 4129 1077 4189 Coeliauis
1102 4128 1494 4189 orationibus?
1518 4151 1723 4210 nempe
1751 4130 1875 4190 haec
1897 4132 2156 4209 placent,
2189 4128 2248 4187 in
2275 4128 2490 4208 quibus
