2996 4694
498 379 641 452 632
1158 385 1255 452 Μ.
1312 385 1385 452 Τ.
1424 383 1972 454 CICERONIS

504 518 611 574 est
647 515 865 600 atque
912 515 1320 590 nostrum7,
1362 507 1663 602 impune
1707 503 1988 576 evolare
2033 517 2311 604 potest,
2349 520 2650 578 contra·-

506 635 651 709 que
680 637 817 684 nos
856 637 1179 716 pugnare
1210 667 1231 699 ,
1270 612 1357 684 fit
1399 614 1477 684 in
1519 612 1890 686 dominatu
1925 617 2267 698 servitus,
2299 617 2382 686 in
2407 623 2644 688 servi-

501 737 657 794 tute
700 721 1133 794 dominatus.
1159 727 1241 818 ,Ο
1267 737 1598 821 tempora
1617 778 1637 808 ‚
1677 747 1724 794 o
1753 721 2027 795 mores!
2061 727 2193 795 Cn.
2225 722 2642 797 Domitius⁸

498 831 651 921 ille,
687 853 907 929 quem
935 856 1069 903 nos
1097 835 1306 930 pueri
1334 831 1740 936 consulem«,
1769 857 2144 904 censorem
2161 888 2180 922 ,
2210 833 2642 932 pontificem

500 945 893 1014 maximum
944 943 1291 1026 vidimuS,
1337 949 1577 1040 quum*
1621 941 1958 1014 tribunus
1997 942 2228 1040 plebis
2269 947 2366 1014 Μ.
2409 948 2642 1014 Scau-

500 1075 701 1141 rum,
750 1054 1157 1150 principem
1196 1053 1533 1141 civitatis,
1569 1054 1648 1124 in
1679 1051 2036 1146 judicium
2074 1053 2325 1152 populi
2377 1078 2638 1124 vocas-

500 1177 646 1252 set,
684 1164 1079 1260 Scaurique
1108 1187 1353 1234 servus
1390 1162 1481 1234 ad
1513 1187 1677 1234 eum
1719 1161 1902 1238 clam
1940 1163 2239 1234 domum
2283 1165 2639 1252 venisset,

500 1285 573 1342 et
608 1272 907 1344 crimina
956 1275 1032 1342 in
1072 1271 1451 1343 dominum
1501 1271 1908 1344 delaturum
1959 1295 2036 1344 se
2092 1295 2247 1345 esse
2301 1273 2640 1359 dixisset,

500 1380 853 1478 prehendi
909 1381 1279 1454 hominem
1319 1382 1594 1476 jussit,.
1637 1382 1731 1453 ad
1781 1386 2275 1478 Scaurumque
2341 1381 2638 1453 deduci.

501 1490 720 1578 Vide,
756 1491 929 1588 quid
964 1493 1291 1576 intersitz,
1332 1495 1463 1562 etsi
1500 1493 1756 1592 inique
1791 1495 2160 1563 Castorem
2189 1515 2354 1564 cum
2384 1492 2644 1563 Domi·

507 1603 643 1671 tio⁹
671 1623 1034 1698 comparo.
1056 1599 1196 1670 Sed
1236 1615 1479 1672 tamen
1515 1602 1634 1672 ille
1673 1602 1964 1673 inimico
1999 1625 2284 1674 servum
2321 1601 2638 1688 remisit3

504 1725 593 1780 tu·
623 1707 715 1780 ab
752 1733 889 1779 avo
932 1707 1289 1780 abduxisti
1325 1736 1342 1780 t
1376 1710 1498 1781 ille
1533 1713 2036 1810 incorruptum
2072 1711 2320 1782 audire
2355 1712 2635 1798 noluit3

502 1835 582 1891 tu
611 1821 1036 1918 corrupisti:
1069 1821 1188 1892 ille
1216 1821 1622 1916 adjutorem
1657 1845 1942 1892 servum
1971 1837 2222 1893 contra
2249 1821 2634 1892 dominum

502 1931 907 2028 repudiavit
924 1945 1039 2018 ,tu
1060 1925 1273 2002 etiarn
1300 1944 1784 2003 accusatorem
1799 1928 2283 2002 adhibuistiw.
2302 1934 2389 2001 At
2407 1929 2636 2001 semel

500 2043 715 2112 iste¹¹
785 2055 891 2111 est
950 2055 1334 2137 corruptus
1390 2064 1433 2110 a
1496 2038 1758 2112 vobis?
1797 2043 2097 2124 Nonne,
2157 2062 2384 2136 quum
2439 2053 2637 2109 esset

502 2150 1013 2248 productusn,
1055 2163 1127 2222 et
1163 2171 1392 2246 quum
1426 2164 1666 2221 tecum
1703 2147 1990 2234 fuisset,
2032 2145 2292 2245 refugit
2317 2147 2409 2218 ad
2445 2146 2639 2243 lega-

506 2257 751 2332 tos13?
804 2263 1065 2332 Nonne
1114 2262 1330 2330 etiam
1376 2258 1467 2330 ad
1517 2259 1718 2330 hunc
1769 2263 1902 2330 Cn.
1942 2260 2341 2332 Domitium
2383 2257 2636 2369 venit?

497 2486 763 2537 aneton-im
790 2481 1019 2543 Canai-ia,
1054 2481 1140 2544 qni
1175 2480 1267 2529 nisi
1292 2494 1461 2545 penae
1488 2494 1518 2527 a
1601 2490 1724 2528 nuta
1743 2494 1846 2527 eane
1867 2477 2066 2527 diceret.
2085 2476 2294 2528 Crimini
2321 2474 2470 2525 dabat
2493 2490 2632 2523 ancta

498 2568 697 2617 Castore
714 2562 789 2611 sni
810 2560 999 2609 sceleris
1014 2558 1249 2623 exegerit,
1267 2559 1395 2605 servi
1412 2574 1520 2607 cor·
1606 2560 1806 2623 publica
1859 2558 2037 2623 populi
2097 2558 2289 2607 romani
2341 2556 2595 2605 Penatium
2612 2588 2631 2613 ‚

499 2642 736 2708 ruptelarn
756 2638 1001 2686 videbitur
1024 2635 1314 2703 approbare.

571 2738 617 2783 7.
641 2718 789 2783 Quod
804 2716 926 2765 intus
948 2726 1023 2763 ese
1037 2726 1183 2779 atque
1198 2725 1430 2763 nostrum.
1457 2714 1519 2762 Id

499 2812 573 2849 eat
590 2832 607 2859 ‚
634 2797 761 2847 aervi
788 2794 943 2843 nostri
974 2794 1060 2858 qni
1090 2793 1143 2840 in
1170 2792 1336 2841 eadem
1370 2792 1520 2840 domo

502 2879 755 2929 nobiccum
776 2884 1042 2937 vereantur.

575 2959 623 3007 8.
690 2955 775 3005 Cu.
832 2948 1087 3005 Domitius.
1144 2947 1520 3001 Ahenobarbus.

500 3035 785 3087 Plutarchus
816 3031 945 3080 hanc
983 3028 1231 3077 historiam
1260 3030 1520 3093 pervertit,

500 3130 553 3169 et
575 3118 804 3166 Scaurum
825 3120 1150 3159 accusatorem
1166 3144 1180 3166 ‚
1199 3124 1334 3155 reum
1352 3108 1524 3160 nomi-

498 3200 621 3247 tium
648 3195 792 3243 fuisse
811 3199 1029 3239 testatur.
1055 3186 1152 3235 Sed
1168 3186 1414 3245 Valerius,
1434 3186 1521 3235 lib.

502 3280 576 3325 VI
592 3310 607 3331 ,
626 3290 734 3336 cap.
764 3270 793 3319 5
810 3306 825 3329 ,
848 3264 1168 3333 adstipulatur
1185 3264 1447 3327 Ciceroni,
1472 3276 1521 3313 et

505 3353 646 3405 addit
669 3349 941 3399 Domitium
964 3345 1202 3393 continno
1227 3355 1278 3392 et
1304 3344 1403 3391 suis
1430 3360 1518 3392 au-

501 3432 639 3482 ribus
660 3428 891 3479 obaeratis
933 3435 981 3473 et
1014 3423 1193 3471 indicis
1226 3438 1314 3470 ore
1351 3422 1518 3476 clauso

506 3510 621 3560 (luci
668 3522 779 3555 eum
812 3504 877 3553 ad
924 3502 1157 3554 Scaurum
1195 3500 1411 3565 Jnoelm,
1446 3530 1519 3540 -.-

504 3584 782 3650 Principem
816 3580 1035 3631 civitatis.
1058 3581 1237 3629 Narrat
1272 3578 1516 3629 Asconius

501 3666 565 3717 ad
590 3663 860 3714 orationem
884 3676 977 3727 pro
1004 3661 1207 3717 Senum,
1230 3658 1323 3709 Cn.
1341 3660 1514 3708 Domi.

496 3748 637 3805 tium,
654 3744 741 3811 qui
757 3740 928 3791 consul
946 3740 1037 3791 fuit
1053 3754 1162 3786 cnm
1180 3738 1516 3803 Caaaio,qnum

500 3836 624 3879 esset
650 3825 877 3873 tribunus
900 3820 1057 3887 plebis
1072 3854 1087 3877 ,
1106 3818 1285 3865 iratum
1306 3818 1514 3879 Scauro,

496 3906 633 3973 qnod
660 3921 771 3955 enm
795 3905 849 3952 in
865 3900 1121 3963 collegium
1143 3914 1379 3962 augurum
1406 3914 1509 3947 non

494 3994 808 4052 coaptaverat
822 4016 838 4041 ,
862 3980 987 4029 diem
1006 3979 1052 4025 ei
1070 3976 1251 4025 dixisse
1266 3976 1327 4024 ad
1352 3993 1512 4043 popu·

494 4070 593 4117 lum
621 4075 670 4114 et
698 4062 893 4114 multam
916 4057 1224 4123 irrogavisse.
1242 4054 1377 4121 quod
1402 4058 1508 4123 ejus

496 4162 641 4211 opera
668 4156 797 4191 sacra
834 4136 980 4187 multa
1003 4136 1177 4201 populi
1202 4152 1325 4186 rom.
1352 4137 1507 4187 demi-

1606 2655 1716 2702 quae
1735 2638 1923 2687 Lavinii
1941 2636 2143 2696 fierent,
2162 2651 2308 2701 opera
2333 2635 2439 2695 eiua
2465 2636 2632 2682 minna

1605 2726 1738 2765 recte
1759 2726 1986 2781 casteque
2003 2713 2127 2763 fleri.
2159 2716 2276 2779 Quo
2302 2712 2512 2761 crimine
2541 2711 2634 2760 ab·

1607 2796 1797 2845 solutus
1831 2805 1906 2844 eat
1945 2796 2153 2843 Scaurus
2191 2790 2416 2857 quidem,
2453 2790 2541 2839 sed
2561 2792 2631 2839 ita

1610 2888 1666 2924 ut
1699 2890 1726 2922 a
1767 2873 1924 2923 tribus
1961 2871 2186 2939 tribubus
2229 2870 2567 2928 damnaretur,
2599 2886 2630 2917 a

1607 2970 1756 3003 xxxix
1797 2951 2127 3002 absolveretur
2143 2984 2158 3011 ,
2192 2961 2242 2998 et
2278 2950 2331 2997 in
2370 2950 2440 2997 eis
2473 2966 2630 3013 pauca

1606 3045 1789 3098 puncta
1827 3034 1955 3080 inter
1974 3030 2333 3081 damnationem
2359 3040 2409 3077 et
2433 3028 2630 3076 absolu·

1611 3112 1793 3159 tionem
1813 3112 2119 3159 interessent.

1681 3206 1730 3256 9.
1762 3190 1880 3239 Ceam
1893 3186 2106 3236 Domite'o
2123 3203 2374 3251 comparo.
2392 3186 2630 3251 Quamvis

1608 3268 1834 3329 injuriam
1859 3282 2049 3315 summo
2073 3266 2181 3314 viro
2207 3266 2378 3315 faciam
2395 3302 2410 3327 ,
2445 3268 2488 3313 ai
2510 3283 2626 3315 eum

1608 3364 1720 3397 cum
1743 3348 1944 3398 Castore
1962 3361 2256 3410 comparem.

1683 3442 1762 3478 ιο.
1780 3427 2124 3473 Accusatus-em
2144 3422 2500 3473 adhibuisti-Tu
2519 3441 2626 3474 non

1605 3504 1756 3553 modo
1776 3520 1878 3553 non
1903 3504 2220 3568 repudiaviati
2235 3540 2249 3563 ,
2285 3504 2372 3552 sed
2390 3504 2534 3555 etiam
2559 3504 2626 3553 ad

1602 3584 1958 3637 accusationem
1979 3582 2232 3647 impulisti.

1677 3678 1698 3710 ι
1714 3678 1758 3712 1.
1779 3664 1851 3711 Ae
1872 3662 2020 3711 semel
2043 3661 2144 3709 iste.
2168 3661 2330 3725 Auget
2359 3661 2486 3711 nervi
2505 3676 2626 3709 cor—

1601 3742 1837 3806 ruptelam
1858 3756 1916 3790 ex
1933 3756 1994 3789 eo
2010 3775 2026 3801 ,
2053 3739 2192 3807 quod
2213 3740 2362 3789 fuerit
2381 3740 2570 3791 iterata.

1679 3836 1757 3869 η.
1822 3820 2082 3869 Lambinus
2137 3818 2294 3873 edidit
2341 3818 2628 3883 perductus,

1602 3900 1736 3953 Idem
1768 3916 1879 3949 voc.
1904 3899 2061 3958 testis,
2096 3914 2204 3963 qun
2227 3900 2278 3947 iu
2305 3897 2420 3946 edd.
2451 3915 2628 3962 seque-

1595 3978 1756 4039 batur,
1779 3979 2014 4029 auctorita
2022 3989 2066 4026 te
2085 3980 2210 4027 MSS
2227 3976 2419 4025 delevit.
2431 3978 2465 4025 J
2467 3981 2553 4027 Ν.
2565 3982 2624 4027 L.

1673 4058 1750 4105 13.
1785 4058 1872 4106 Ad
1909 4058 2134 4125 legatos?
2179 4056 2327 4121 Regis
2367 4056 2622 4126 Deiotari,

1595 4154 1622 4183 a
1645 4152 1852 4201 quorum
1885 4136 2092 4201 pedibus
2127 4152 2216 4201 per
2245 4146 2294 4185 te
2318 4136 2476 4185 fuerat
2511 4135 2626 4185 aba-
