2996 4694
477 375 621 459 444
1119 376 1219 444 Μ.
1271 376 1348 444 Τ.
1403 373 1973 444 CICERONIS

475 491 680 569 Alius
717 492 895 566 alios
929 493 1266 568 homines
1301 509 1375 572 et
1411 491 1705 567 ordines
1728 547 1749 582 ‚
1780 517 1915 590 ego
1946 517 2071 564 vos
2108 516 2395 593 semper
2416 519 2611 568 com-

477 603 732 700 plexus
768 628 950 678 sum.
1001 608 1269 680 Moneo
1305 617 1379 674 et
1423 603 1778 702 praa-diem
1824 606 2103 700 integra
2132 627 2211 686 re
2256 627 2613 702 causaque

473 711 865 801 denunti03
928 738 1184 786 omnes
1237 713 1573 786 homines
1600 767 1619 796 ‚
1686 711 2011 810 deosque
2070 727 2301 786 testor
2350 743 2369 790 ς
2434 714 2611 786 dum

475 825 820 920 potestis,
875 823 1054 897 dum
1107 824 1316 910 licet,
1370 821 1787 929 providete,
1836 847 1929 897 ne
1986 822 2355 897 duriorem
2406 822 2613 894 vobis

474 933 969 1010 conditionem
1003 935 1331 1008 statuatis
1353 987 1373 1020 ‚
1416 932 1804 1028 ordinique
1844 945 2129 1019 vestro,
2166 955 2385 1030 quam
2424 929 2612 1005 ferre

471 1045 718 1140 possit.
777 1049 1038 1142 Ser-pet
1093 1044 1236 1119 hoc
1303 1043 1571 1120 malum
1620 1041 1849 1136 (mihi
1906 1041 2229 1136 credite)
2289 1041 2613 1140 longiu5‚

475 1175 696 1250 quam
729 1157 1021 1250 putatis.

571 1265 726 1336 VII.
778 1265 1284 1344 Potentissimo
1337 1277 1411 1339 et-
1459 1262 1911 1340 nobilissimo
1961 1261 2261 1339 tribuno
2285 1271 2307 1302 ¹
2351 1259 2609 1359 plebis,

473 1375 570 1442 M.
601 1377 877 1461 Druso,
933 1398 1155 1444 unam
1194 1375 1269 1442 in
1315 1387 1727 1469 equestrem
1766 1371 2095 1444 ordinem
2136 1373 2609 1468 quaestionem

471 1481 731 1556 ferenti
754 1536 774 1570 ,
803 1508 864 1556 si
901 1507 1066 1568 Qms
1099 1507 1189 1556 on
1219 1507 1370 1559 anu
1395 1505 1811 1556 sumen-Au
1848 1505 2216 1554 minumum
2254 1505 2611 1568 curlssn‘r,

473 1607 722 1689 aperte
771 1597 1098 1688 equites²
1137 1594 1422 1666 romani
1463 1594 1905 1665 restiterunt.
1936 1589 2183 1681 Quid?
2224 1590 2369 1662 hoc
2395 1589 2611 1662 licere
2650 1617 2655 1622 ·

470 1700 867 1774 volebant?
906 1703 1198 1772 minime
1229 1729 1245 1772 ε
1279 1727 1522 1802 neque
1565 1703 1803 1776 solum
1850 1701 1991 1773 hoc
2024 1725 2253 1800 genus
2285 1702 2611 1798 pecuniae

471 1811 834 1910 capienda*
895 1823 1146 1910 turpe,
1205 1812 1330 1887 sed
1381 1817 1599 1890 etiam
1642 1811 1995 1887 nefarium
2046 1811 2605 1886 arbitrabantur.

473 1924 809 1994 Attamen
863 1927 962 1994 ita
1023 1922 1525 2022 disputabant,
1583 1925 1979 1995 eos-teneri
2014 1919 2337 2018 legibus-²¹
2384 1947 2607 2020 opor-

471 2045 654 2122 tere,
691 2037 818 2130 qui
859 2059 992 2107 suo
1041 2034 1320 2129 judicio
1375 2049 1617 2106 essent
1660 2032 1851 2106 illam
1904 2029 2395 2106 conditionem
2446 2032 2609 2100 vitae

472 2147 786 2236 sequuti.
835 2143 1164 2214 Delectat
1207 2143 1690 2242 amplissimus
1734 2142 2041 2214 civitatis
2088 2139 2387 2238 gratiae,
2436 2140 2611 2212 sella

472 2250 739 2322 curulis
757 2307 776 2338 ‚
805 2249 1057 2340 fasces,
1084 2254 1382 2352 imperia
1398 2308 1417 2342 ,
1441 2253 1829 2353 provinciae
1846 2307 1865 2340 ‚
1892 2252 2283 2328 sacerdotia
2301 2305 2320 2337 ‚
2346 2253 2608 2320 trium-

471 2360 633 2457 phi,
684 2360 1002 2459 denique
1042 2365 1281 2462 imago
1329 2365 1527 2462 ipsa,
1570 2362 1659 2437 ad
1696 2366 2137 2461 posteritatis
2186 2362 2607 2438 memoriam

467 2470 774 2567 prodita.
809 2477 934 2542 Est
969 2473 1180 2543 simul
1219 2477 1432 2544 etiam
1477 2472 1891 2546 sollicitudo
1930 2474 2207 2570 aliqua,
2245 2487 2319 2544 et
2363 2472 2605 2568 legum

468 2596 542 2651 et
559 2580 1002 2673 judiciorum
1025 2583 1255 2677 major
1278 2582 1573 2681 quidam
1603 2599 1855 2658 metus.
1882 2584 2031 2655 Nos
2054 2584 2185 2653 ista
2207 2606 2603 2683 numquam

469 2694 1088 2791 contempsimus(
1107 2694 1206 2764 ita
1233 2696 1428 2765 enim
1449 2693 1917 2791 disputabant
1934 2693 1995 2787 >3
2017 2691 2141 2765 sed
2166 2691 2355 2764 hanc
2380 2693 2603 2763 vitam

468 2799 787 2895 quietam
825 2812 1042 2899 atque
1071 2805 1374 2874 otiosam
1401 2806 1694 2901 sequuti
1726 2826 2000 2875 sumus.
2040 2804 2219 2891 Quae
2255 2804 2600 2899 quoniam

465 2908 754 2991 honore
771 2926 990 3001 earet,
1020 2928 1258 2987 careat
1283 2915 1498 2987 etiam
1520 2914 1866 2987 molestia.
1896 2918 2073 2985 Tam
2100 2936 2177 2985 es
2203 2926 2281 2983 tu
2306 2910 2528 3008 judex
2544 2914 2605 2997 ⁴³,

533 3161 647 3209 VII.
673 3177 718 3214 ι.
749 3162 956 3213 mbuno
965 3163 1138 3227 plebis.
1165 3166 1241 3216 De
1255 3174 1369 3215 toto
1389 3164 1486 3215 hoc

461 3240 622 3306 eapite
649 3242 972 3294 conferendus
1007 3253 1080 3293 est
1113 3242 1252 3295 loeus
1283 3244 1338 3291 in
1363 3254 1484 3298 orat.

464 3336 556 3385 pro
581 3320 841 3381 cluentio,
870 3339 979 3386 cap.
1010 3324 1094 3373 56.

535 3414 586 3448 ο.
612 3402 792 3465 Aperte
808 3403 1011 3465 equites.
1034 3404 1238 3463 Cicero,
1263 3404 1406 3469 epist.
1421 3404 1488 3456 nd

461 3476 683 3529 Atticum
701 3512 716 3535 ‚
766 3482 790 3527 1
838 3495 853 3529 τ
901 3502 928 3523 κ
975 3482 1136 3533 Ctedo
1189 3492 1238 3537 te
1296 3482 1488 3533 audisse

462 3566 656 3605 nostros
701 3560 890 3621 equites
931 3577 1071 3627 paene
1096 3578 1124 3611 ι
1170 3571 1340 3613 senatu
1383 3578 1486 3613 ene

461 3636 731 3697 disjunctos
750 3670 766 3695 ‚
805 3640 890 3701 qui
929 3640 1139 3703 primum
1181 3640 1307 3689 illud
1345 3642 1488 3693 valde

457 3713 671 3783 graviter
719 3713 932 3765 tulerant
951 3751 966 3776 ,
1015 3718 1376 3783 promulgatum
1425 3736 1486 3771 ex

461 3792 884 3844 senatusconsulto
916 3796 1092 3858 fuisse,
1131 3809 1189 3847 nt
1221 3799 1282 3849 de
1313 3800 1374 3848 iis
1401 3798 1487 3867 qui

460 3870 527 3920 ob
543 3870 862 3933 judicandum
883 3876 1138 3937 pecuniam
1161 3880 1484 3943 accepissent,

461 3963 757 4017 quaereretur
772 3974 819 4001 a.
857 3954 1183 4013 Nominantur
1217 3958 1270 4008 in
1304 3958 1482 4015 Cluen·

461 4030 590 4078 tiana
615 4032 673 4083 C.
700 4030 890 4083 Flavius
919 4035 1092 4094 Pusio,
1123 4036 1218 4086 Cn.
1238 4036 1480 4097 Titinius,

464 4110 526 4157 C.
555 4113 809 4162 Maecenat.

1646 3166 1697 3213 3.
1725 3166 1821 3217 Eos
1844 3164 2002 3215 teneri
2020 3162 2220 3231 legibus.
2244 3163 2343 3232 Qui
2360 3164 2611 3228 magian-a-

1576 3243 1707 3296 tibus
1732 3244 1920 3311 adeptis
1934 3278 1951 3300 ‚
1974 3245 2030 3293 in
2059 3244 2356 3295 senatorium
2382 3244 2605 3293 ordinem

1574 3324 1759 3388 recepti
1782 3334 1895 3375 nunt
1914 3358 1929 3383 ,
1950 3323 2013 3373 nd
2034 3323 2149 3374 ‚illos
2168 3324 2473 3387 magistratus
2500 3338 2609 3371 non

1576 3404 1735 3455 coacti
1760 3415 1875 3453 eunt
1890 3437 1907 3464 ,
1929 3402 2180 3453 eed'libere
2202 3413 2249 3449 et
2270 3402 2402 3451 ultro
2422 3401 2607 3449 ambie-

1574 3496 1721 3547 mnu
1740 3500 1934 3551 aequum
1951 3484 2103 3551 igitur
2120 3494 2366 3533 senatores
2378 3480 2605 3545 judicum

1576 3562 1899 3617 incommodis
1918 3562 2143 3625 defungi,
2161 3578 2269 3627 qnae
2288 3562 2607 3627 amplissimis

1573 3640 1845 3691 honoribus
1864 3652 2255 3705 compensantur.
2277 3639 2407 3690 Vide
2424 3639 2604 3689 Cluen-

1575 3721 1771 3771 tinnam.
1801 3747 1873 3757 -
1902 3721 2047 3772 Illam
2087 3718 2411 3774 conditionem
2445 3718 2605 3777 vica,

1575 3810 1629 3850 ut
1640 3798 1831 3863 iudices
1850 3799 2091 3851 sederent.

1646 3888 1696 3937 4.
1726 3880 1843 3927 Tam
1872 3894 1921 3926 es
1944 3889 1997 3927 cu
2008 3878 2123 3944 jud.
2146 3877 2311 3945 Equiti
2338 3875 2604 3943 respondet

1574 3970 1783 4011 senator.
1805 3985 1875 3995 --
1893 3962 1977 4007 Ita
1996 3970 2080 4007 ese.
2100 3954 2374 4008 Affirmatio
2396 3955 2597 4019 equitis.

1572 4064 1641 4075 -—
1675 4038 1771 4087 Sed
1802 4049 1873 4102 eu.
1900 4038 2003 4102 Qui
2032 4053 2084 4087 eu
2114 4048 2330 4088 uenator.
2358 4060 2428 4075 --
2454 4036 2593 4100 Ego.

1573 4118 1670 4181 Qui
1687 4134 1794 4169 suin
1818 4118 2055 4169 duntaxat
2076 4133 2240 4183 eques.
