2996 4694
378 381 623 407 mm
628 377 2328 438 “mmmmm
2333 389 2418 408 ns
2422 391 2511 424 δν,-

540 622 679 694 DE
740 620 1449 692 AMBRoslANo
1516 621 2128 694 COMMENTA
2149 627 2340 696 RIO

640 839 1245 931 EDITORIS
1308 839 2226 932 PRAEMONITUM.

382 1270 655 1404 Quum
704 1298 912 1368 istam
971 1295 1386 1366 orationum
1438 1306 1718 1388 partem
1767 1291 2266 1370 clauderemus
2283 1353 2304 1388 ,
2363 1321 2514 1374 non

380 1426 711 1497 inutilem
744 1449 899 1497 rem
932 1422 1247 1495 facmros
1293 1443 1429 1492 nos
1469 1419 1908 1496 credidimus
1923 1479 1943 1513 ,
1983 1427 2044 1496 si
2079 1441 2288 1500 notas
2327 1454 2516 1502 non-

379 1553 615 1626 nullas
643 1578 731 1625 ex
755 1549 1236 1623 Ambrosiano
1270 1547 1667 1621 Scholiaste
1691 1546 2111 1651 desumptas
2145 1577 2517 1654 suppone-

380 1710 654 1772 remuS,
685 1679 1304 1780 quemadmodum
1341 1681 1419 1750 in
1454 1681 1714 1754 ceteris
1749 1682 1898 1777 jam
1937 1709 1982 1756 a
2020 1684 2237 1759 nobis
2274 1701 2518 1760 actum

381 1827 521 1900 est3
569 1824 646 1881 et
676 1809 814 1880 illae
852 1807 1151 1907 quidem
1189 1831 1345 1878 non
1388 1830 1644 1878 omnes
1678 1806 1901 1904 hujus
1939 1813 2330 1886 voluminis
2355 1840 2519 1889 ora·

382 1939 619 2009 tiones
636 1935 1196 2033 amplectuntur,
1211 1935 1438 2004 immo
1462 1947 1781 2030 quatuor
1805 1948 2088 2008 tantum
2121 1941 2522 2038 attingunt,

383 2090 695 2165 quarum
716 2088 861 2136 una
876 2064 1334 2135 inVatinium
1350 2117 1371 2152 ,
1397 2071 1472 2133 et
1493 2076 1640 2134 tres
1667 2063 1818 2134 aliae
1845 2086 1983 2162 pro
2007 2067 2350 2140 Marcello
2367 2124 2388 2159 ‚
2413 2073 2527 2142 Li·

381 2197 581 2292 gario
600 2207 673 2265 et
695 2193 1078 2289 Dejotaro:
1103 2213 1349 2288 neque
1376 2192 1772 2262 continuus·
1785 2205 1915 2282 est,
1935 2208 2006 2264 et
2020 2193 2297 2292 integer
2316 2200 2524 2269 Com-

380 2321 777 2393 mentarius
793 2374 814 2408 ,
844 2317 975 2393 sed
991 2342 1246 2417 magna
1264 2341 1355 2389 ex
1375 2331 1580 2415 parte
1609 2317 1932 2409 mutilus,
1957 2319 2035 2391 in
2065 2345 2216 2421 quo
2239 2337 2522 2397 tantum

382 2444 659 2543 disjecti
706 2442 1034 2516 membra
1094 2442 1686 2515 commentatoris
1741 2445 2080 2543 reperias.
2137 2443 2316 2519 Ideo
2387 2473 2524 2521 nos

384 2598 537 2647 non
576 2596 781 2644 suam
825 2575 1091 2669 cuique
1136 2572 1447 2642 orationi
1496 2583 1844 2642 notarum
1880 2573 2308 2669 particulam
2345 2576 2521 2649 sub-

374 2700 679 2794 jecimus
700 2753 721 2787 ,
771 2722 867 2770 ne
918 2720 1259 2770 mancum
1294 2694 1710 2767 Scholiasta
1752 2698 2002 2769 nimis·
2022 2722 2208 2796 opus
2259 2700 2520 2800 depre-

381 2825 861 2898 henderetur:
897 2824 1275 2922 pauciores
1311 2806 1741 2894 enim'erant
1759 2876 1780 2907 ,
1807 2846 2028 2919 quam
2055 2849 2218 2922 quae
2241 2828 2392 2899 aliae
2426 2828 2522 2901 ab

382 2953 537 3025 aliis
571 2953 1151 3049 sejungerentur3
1195 2948 1427 3018 multo
1464 2950 1688 3039 satius
1727 2950 1962 3020 visum
2004 2965 2147 3041 est,
2187 2954 2247 3025 si
2289 2978 2408 3025 eas
2447 2956 2522 3025 in

382 3105 536 3154 uno
572 3103 884 3179 corpore
916 3076 1254 3150 collectas
1297 3073 1848 3148 ostenderemus
1865 3129 1886 3162 ,
1939 3102 2098 3175 quae
2133 3102 2212 3151 se
2255 3097 2521 3155 mutuo

382 3208 650 3281 auxilio
674 3205 1096 3300 adjuvarent
1132 3215 1208 3273 et
1236 3213 1747 3273 sustentarent.
1783 3204 1952 3276 Non
1988 3200 2190 3300 quod
2229 3229 2331 3278 eae
2373 3208 2520 3279 sin-

382 3334 613 3433 gulari
664 3332 1019 3430 elegantia
1078 3340 1422 3427 praestent
1443 3382 1463 3416 ,
1507 3340 1637 3399 aut
1684 3325 1878 3399 felici
1921 3329 2520 3429 interpretatione

385 3486 671 3560 semper
706 3458 1093 3547 excellant,
1126 3479 1384 3528 verum
1420 3468 1494 3526 et
1529 3455 2082 3527 remotissimam
2128 3459 2521 3558 antiquita-

384 3605 535 3661 tem
569 3590 892 3687 sapiunt,
928 3600 1001 3657 et
1044 3583 1291 3656 forsan
1334 3580 1595 3679 aliquis
1637 3584 1716 3653 in
1768 3585 2246 3657 Ciceroniano
2290 3611 2518 3685 opere

386 3714 765 3788 desideret.
806 3717 1013 3787 Notis
1058 3709 1483 3807 subjunctas
1525 3707 1756 3780 lector
1788 3707 2009 3781 habet
2051 3712 2304 3809 Angeli
2350 3716 2525 3785 Maii

388 3841 1083 3923 animadversiones,
1122 3864 1303 3938 quas
1344 3840 1646 3910 omnino
1692 3841 2006 3936 integras
2048 3839 2520 3937 protulimus,

388 3994 617 4067 quum
644 3969 737 4041 de
760 3969 1039 4065 aliquot
1066 3982 1347 4039 tantum
1373 3965 1563 4039 foliis
1586 3978 1956 4062 ageretur:
1988 3986 2125 4034 nos
2155 3988 2306 4034 non
2333 3964 2524 4039 idem

532 4115 618 4183 XT.
675 4128 762 4173 Ca‘c.
786 4142 897 4187 pars
930 4126 1146 4173 secunda.
2138 4107 2218 4187 [μ
