2996 4694
780 403 1162 470 ORATIO
1213 403 1314 470 [N
1365 405 1444 470 L.
1492 405 1571 471 C.
1624 405 2124 472 PISONEM.

485 527 704 594 XXX.
744 525 1255 592 Verumtamen
1275 530 1328 605 ¹,
1354 523 1697 619 quoniam
1722 536 1794 594 te
1823 549 1975 594 non
1999 524 2517 610 Aristarchum,

390 633 514 706 sed
543 632 938 703 Phalarim²
968 633 1507 727 grammaticum
1533 631 1921 716 habemus,
1949 634 2081 729 qui
2099 657 2251 703 nou
2274 649 2517 708 notam

389 767 715 842 apponas
749 741 839 812 ad
875 741 1145 812 malum
1181 765 1498 828 versum,
1536 740 1667 813 sed
1704 758 1993 840 poetam
2029 743 2245 814 armis
2280 769 2517 841 perse·

389 877 616 950 quare
634 851 664 896 ³
700 879 715 922 :
747 853 928 923 scire
953 852 1202 949 cupi0,
1233 851 1412 948 quid
1443 851 1732 925 tandem
1761 857 1901 926 isto
1931 855 2004 924 in
2027 879 2239 926 versu
2270 879 2515 953 repre-

390 962 702 1049 hendas»,
744 985 1272 1034 canum-Aluus
1311 987 1539 1033 roez.
1593 967 1758 1034 Tuae
1794 961 2008 1048 dicis,
2037 965 2299 1060 inquit,
2337 979 2519 1058 togae

389 1097 750 1143 summum
805 1071 1358 1169 imperatorem‘5
1409 1097 1559 1145 esse
1618 1097 2013 1146 cessurum.
2072 1073 2267 1163 Quid
2324 1097 2521 1144 nuuc

393 1195 464 1250 te
483 1234 503 1268 ,
541 1183 766 1269 asine,
805 1181 1042 1252 literas
1093 1181 1434 1252 doceam?
1479 1208 1630 1252 non
1684 1208 1869 1283 opus
1920 1199 2027 1256 est
2082 1183 2353 1271 verbiS,
2396 1182 2521 1254 scd

389 1289 722 1362 fustibus.
765 1293 933 1362 Non
985 1291 1134 1362 dixi
1187 1292 1374 1364 hanc
1426 1306 1709 1390 togam,
1766 1319 1911 1390 qua
1961 1318 2119 1366 sum
2172 1296 2517 1380 amictus;

389 1425 525 1471 nec
573 1424 806 1486 arma,
871 1413 1156 1472 scutum
1218 1417 1291 1472 et
1347 1400 1665 1498 gladium
1731 1408 1947 1475 unius
2009 1405 2514 1502 imperatoris:

387 1509 547 1596 sed,
584 1509 784 1608 quod
817 1511 1008 1608 pacis
1035 1525 1143 1582 est
1169 1511 1452 1607 insigne
1477 1527 1551 1582 et
1574 1514 1735 1598 otii,
1765 1527 1965 1610 toga;
1994 1526 2246 1584 contra
2272 1527 2516 1584 autem

385 1645 606 1706 arma,
629 1620 984 1692 tumultus
1005 1635 1224 1716 atque
1253 1619 1424 1692 belli
1447 1647 1468 1708 ;
1491 1647 1695 1694 more
1730 1638 2103 1719 poetarum
2144 1623 2513 1719 loquutus,

383 1729 526 1801 hoc
561 1731 862 1828 intelligi
913 1731 1136 1814 volui,
1183 1730 1457 1802 bellum
1504 1757 1585 1804 ac
1637 1733 2021 1804 tumultum
2074 1737 2233 1830 paci
2287 1748 2511 1830 atque

385 1842 538 1910 otio
563 1865 1100 1912 concessurum.
1132 1843 1394 1931 Quaere
1423 1867 1512 1912 ex
1542 1838 1867 1913 familiari
1900 1857 2067 1928 tuo,
2106 1847 2357 1914 Graeco
2390 1845 2513 1914 illo
2564 1913 2577 1928 ,

385 1965 596 2048 poeta
632 1978 648 2020 ε
693 1949 1032 2050 probabit
1071 1975 1298 2047 genus
1341 1952 1615 2047 ipsum,
1652 1965 1726 2022 et
1754 1967 2132 2047 agnoscet,
2170 1976 2411 2049 neque
2440 1967 2513 2030 te

384 2059 563 2129 nihil
591 2083 842 2156 sapere
869 2059 1265 2131 mirabitur.
1301 2065 1384 2130 At
1411 2061 1484 2130 in
1514 2059 1637 2130 illo
1665 2058 1928 2145 altero,
1955 2063 2221 2157 inquit,
2252 2060 2511 2148 haereS,

382 2193 747 2241 coactns-r
767 2195 1046 2241 mum-:A
1089 2193 1312 2240 mum
1327 2165 1376 2238 ⁵.
1395 2173 1629 2239 Immo
1653 2168 2091 2251 mehercule,
2116 2167 2353 2240 habeo
2378 2169 2513 2240 tibi

378 2280 692 2379 gratiam.
739 2286 1099 2353 Haererern
1137 2281 1364 2368 enim,
1401 2281 1541 2349 nisi
1581 2293 1661 2350 tu
1702 2304 1818 2354 me
1858 2279 2285 2379 expedisses.
2324 2283 2506 2352 Nam

379 2416 604 2488 quum
641 2407 725 2463 tu
772 2391 1219 2479 timidus‚.ac
1253 2388 1639 2475 tremens‘3,
1684 2394 1823 2461 tuis
1860 2394 2013 2488 ipse
2050 2387 2509 2463 furacissimis

379 2502 754 2575 manibus⁷
804 2503 1190 2574 detractam
1231 2525 1271 2572 e
1307 2504 1625 2573 cruentis
1666 2497 2016 2578 fascibus⁸
2065 2500 2377 2573 lauream
2416 2500 2507 2571 ad

2374 405 2515 488 405
2602 401 2613 413 ⁸

446 2685 618 2733 XXX.
662 2702 708 2733 1.
747 2686 1105 2733 Verumtamen.
1141 2684 1396 2731 Rationem

377 2764 536 2812 reddit
559 2782 646 2813 eur
663 2780 856 2812 versum
881 2778 1021 2812 sunm
1046 2762 1217 2811 debeat
1241 2761 1398 2825 expli-

378 2858 514 2905 eare3
550 2844 776 2893 nimirum
809 2842 1000 2891 Pisonis
1025 2842 1358 2891 crudelitatem
1376 2874 1392 2901 ,

377 2924 470 2987 qui·
511 2938 610 2970 nou
666 2934 924 2971 contentus
975 2922 1395 2987 grammaticorum

375 3016 510 3049 more
527 3000 874 3065 reprehendere
890 3016 1056 3049 versus
1073 3000 1251 3061 malos,
1273 3016 1394 3065 poe·

377 3089 476 3128 tam
493 3082 638 3128 armis
653 3082 809 3129 fuerat
827 3089 1162 3144 persequutus.

449 3174 500 3208 a.
533 3159 804 3209 Phala-ins.
831 3161 1114 3224 Tyrannum
1139 3160 1275 3209 omui
1299 3159 1394 3207 im-

376 3240 604 3287 manitate
625 3250 770 3305 atque
802 3241 1052 3289 atrocitate
1075 3238 1390 3289 teterrimum.

449 3320 497 3367 3.
549 3320 748 3367 roceam
789 3318 937 3367 aratis
968 3333 1280 3382 persequare.
1327 3320 1396 3366 Ut

375 3396 586 3445 Phalaris
604 3397 932 3447 Stesichorum
945 3408 1140 3461 poetam
1159 3398 1303 3445 armis
1321 3406 1396 3445 est

375 3486 720 3540 persequutus:
744 3477 916 3541 quanti
941 3488 1104 3525 tamen
1130 3492 1242 3525 eum
1264 3477 1394 3523 feee-

371 3556 471 3614 rit,
504 3572 568 3604 ex
597 3556 812 3616 eiusdem
847 3557 1042 3621 scriptis
1078 3556 1249 3620 liquet.
1282 3557 1390 3604 Ste-

369 3634 592 3683 sichorus
628 3635 866 3683 Phalarim
905 3652 936 3684 e
976 3636 1256 3700 principatu
1294 3650 1394 3683 sue

370 3714 584 3763 civitatis
610 3725 832 3778 exegerat
859 3728 872 3761 ε
909 3726 968 3761 ut
993 3724 1185 3763 constat
1219 3730 1282 3762 ex
1313 3730 1390 3777 ep.

371 3802 458 3857 94.
501 3796 626 3843 Eum
664 3804 824 3841 tamen
861 3795 931 3841 sic
977 3792 1288 3853 observavit,
1335 3803 1393 3839 ut

369 3871 618 3921 redactum
655 3874 706 3919 in
747 3879 1034 3935 potestatem
1073 3886 1176 3918 nou
1213 3886 1358 3933 poena
1377 3905 1391 3927 ,

368 3951 458 4001 sed
481 3949 728 3999 beneficiis
748 3950 982 3999 affecerit.

441 4039 490 4087 4.
543 4032 788 4077 Summum
839 4026 1192 4090 imperatorem.
1244 4030 1389 4076 Pom-

371 4112 536 4176 peium
555 4110 758 4159 scilieet.

1558 2684 1605 2732 5.
1636 2684 1714 2731 sic
1740 2684 1838 2731 fere
1864 2700 2032 2731 omnes
2059 2683 2182 2731 MSS
2210 2692 2256 2731 et
2283 2682 2395 2731 edd.
2426 2698 2505 2745 pr.

1483 2752 1643 2825 Quam
1676 2762 1935 2811 lectionem
1972 2762 2148 2825 optimi
2174 2760 2389 2809 editores
2419 2760 2505 2807 de·

1482 2841 1757 2891 sentierunt.
1770 2830 2033 2892 Lambinus
2046 2841 2230 2905 primu·
2248 2856 2275 2889 e
2293 2840 2506 2901 Quintil.

1481 2923 1584 2980 11,
1615 2938 1661 2980 r,
1678 2920 1928 2969 substituit
1942 2935 2169 2969 urceum.
2194 2922 2247 2968 J.
2268 2920 2331 2965 V.
2354 2921 2411 2966 L.

1555 3002 1605 3048 6.
1652 2999 1865 3049 Timidus
1894 3015 1958 3047 ae
1995 3010 2217 3046 monens.
2262 2996 2505 3045 sceler-um

1483 3080 1779 3127 conscientia
1796 3116 1813 3141 ,
1853 3091 1904 3128 et
1934 3078 2298 3143 exspectatione
2326 3076 2501 3137 judicii

1481 3158 1547 3209 de
1568 3158 1851 3223 repetundis
1866 3193 1881 3215 ,
1902 3158 2035 3223 quod
2060 3156 2265 3222 putabas
2280 3156 2379 3216 iam
2406 3155 2505 3203 tuis

1483 3236 1751 3285 cervicibus
1774 3236 2042 3285 iruminere.

1556 3334 1603 3379 7.
1644 3315 1756 3365 Tuis
1787 3317 1886 3381 ipse
1898 3312 2224 3380 suracim'mis
2258 3312 2498 3361 mnibus.

1481 3397 1676 3461 Quibus
1699 3394 2037 3445 Macedoniam
2063 3394 2330 3457 expilaras:
2358 3390 2503 3440 vide-

1482 3488 1563 3525 tur
1580 3477 1755 3525 iterum
1768 3475 1951 3536 jocari3
1975 3474 2111 3537 quasi
2133 3483 2257 3520 esset
2274 3472 2341 3519 ita
2359 3472 2503 3520 furtis

1481 3566 1532 3605 et
1546 3554 1917 3621 spoliationibus
1941 3563 2159 3601 assuetus
2173 3586 2189 3612 ,
2212 3562 2269 3599 ut
2292 3550 2499 3599 aliorum

1478 3635 1720 3683 furtorum
1755 3634 2121 3699 opportunitate
2156 3632 2375 3697 privatus
2404 3632 2501 3679 sibi

1481 3726 1743 3779 temperare
1768 3730 1869 3761 nou
1894 3723 2087 3777 posset,
2107 3713 2226 3775 quin
2254 3724 2369 3757 suos
2394 3712 2503 3773 ipse

1479 3792 1630 3841 fasces
1666 3792 1825 3841 laurea
1863 3790 2093 3855 spoliaret
2110 3824 2127 3848 ,
2174 3790 2325 3837 instar
2368 3784 2499 3834 illius

1477 3871 1613 3934 apud
1624 3870 1893 3919 Martialem
1906 3904 1921 3927 ,
1935 3872 2047 3933 qui,
2060 3883 2211 3933 quum
2226 3865 2345 3913 nihil
2364 3864 2497 3911 aliud

1477 3948 1647 4007 habet,
1695 3949 1832 4013 quod
1876 3949 2083 4005 furetur,
2128 3967 2151 3988 ι
2182 3979 2229 3993 ..
2252 3978 2264 3990 .
2287 3978 2298 3990 .
2344 3941 2501 3989 soleas

1479 4030 1680 4092 surripit
1694 4029 1799 4091 ipse
1824 4044 1933 4077 suas
1952 4050 1993 4073 n.
2316 4082 2322 4090 ι

1555 4110 1606 4155 8.
1645 4105 1865 4155 eruentis
1877 4105 2122 4169 fascibus.
2162 4100 2403 4166 Sanguine
2430 4100 2501 4156 ci·
