2996 4694
462 341 600 436 392
1104 339 1200 406 M.
1251 340 1329 406 T.
1382 341 1955 412 CICERONIS

461 481 834 546 enumero,
860 459 986 554 qui
1015 457 1146 528 tibi
1171 456 1456 528 obviam
1476 483 1631 530 non
1662 459 2038 531 venerint?
2066 456 2275 531 dico9
2304 465 2589 533 venisse

462 595 664 669 paene
695 573 1060 642 neminem
1079 626 1098 659 ,
1147 594 1240 642 ne
1281 569 1372 642 de
1407 569 1925 643 officiosissima
1958 569 2254 666 quidem
2290 573 2587 642 natione

460 680 1039 768 candidatorum,
1089 705 1316 779 quum
1377 682 1595 776 vulgo
1644 695 1911 767 essent,
1962 695 2035 752 et
2084 679 2211 750 illo
2268 685 2461 777 ipso,
2510 697 2588 754 et

463 796 708 866 multis
751 810 920 867 ante
961 795 1253 885 diebus,
1293 795 1647 868 admoniti
1686 809 1757 867 et
1800 798 2053 891 rogati.
2088 793 2454 893 Togulae¹⁰
2502 797 2584 866 li-

461 905 782 978 ctoribus
821 907 910 978 ad
953 921 1238 1004 portam
1273 921 1535 1004 praesto
1569 904 1865 978 fuerunt
1892 929 1909 974 ε
1939 903 2203 1000 quibus
2242 905 2347 974 illi
2391 927 2589 976 acce-

463 1018 640 1114 ptis,
709 1016 952 1113 sagula
995 1017 1436 1110 rejecerunt,
1471 1031 1545 1086 et
1594 1029 1949 1086 catervam
2001 1014 2417 1110 imperatori
2452 1039 2587 1085 suo

459 1151 720 1198 novam
775 1124 1263 1223 praebuerunt.
1317 1128 1430 1197 Sic
1488 1130 1659 1213 iste,
1711 1139 1917 1195 tanto
1974 1128 2329 1211 exercitu,
2387 1139 2589 1195 tanta

461 1237 866 1332 provincia,
903 1237 1215 1308 triennio
1245 1251 1445 1332 post,
1485 1235 1996 1305 Macedonicus
2034 1238 2465 1331 imperator,
2510 1236 2588 1305 in

461 1344 720 1416 urbem
755 1369 830 1416 se
871 1345 1116 1417 intulit
1136 1400 1156 1433 ,
1199 1360 1282 1414 ut
1309 1345 1578 1416 nullius
1606 1347 2071 1440 negotiatoris
2100 1343 2587 1415 obscurissimi

460 1455 735 1526 reditus
781 1479 1126 1553 umquam
1168 1452 1384 1526 fuerit
1417 1454 1788 1527 desertior.
1828 1461 1918 1526 In
1964 1479 2113 1550 quo
2154 1479 2271 1524 me
2308 1469 2589 1540 tamen,

465 1570 596 1662 qui
637 1581 822 1638 esset
873 1581 1162 1664 paratus
1209 1566 1301 1637 ad
1351 1591 1426 1638 se
1478 1565 2059 1654 defendendum,
2098 1565 2585 1663 reprehendit.

463 1679 708 1766 Quum
769 1699 904 1771 ego
967 1677 1496 1748 Coelimontana
1556 1691 1761 1775 porta
1816 1677 2149 1748 introisse
2212 1677 2584 1761 dixissem,

464 1785 855 1883 sponsione
887 1811 1004 1856 me
1024 1798 1109 1873 ¹¹,
1139 1788 1216 1856 ni
1245 1786 1649 1884 Esquiliana
1676 1787 2063 1866 introisset,
2091 1785 2316 1856 homo
2345 1810 2588 1882 prom·

467 1895 832 1992 ptissimus
876 1893 1228 1966 lacessivit
1267 1925 1284 1966 ε
1324 1900 1529 1994 quasi
1570 1919 1743 1966 vero
1780 1894 1852 1966 id
1888 1910 2015 1966 aut
2052 1919 2186 1992 ego
2234 1897 2414 1967 scire
2462 1895 2587 1966 de-

465 2005 788 2093 buerim,
828 2022 954 2079 aut
989 2022 1306 2078 vestrum
1346 2007 1707 2105 quispiam
1756 2005 2095 2090 audierit,
2141 2021 2266 2076 aut
2300 2004 2392 2076 ad
2436 2030 2589 2076 rem

465 2119 850 2214 pertineat,
905 2142 1050 2214 qua
1097 2132 1176 2187 tu
1226 2132 1434 2216 porta
1480 2117 1874 2204 introieriS,
1930 2114 2151 2186 modo
2205 2140 2297 2186 ne
2340 2122 2592 2188 trium-

465 2230 778 2328 phali123
817 2257 977 2328 quae
1001 2246 1208 2328 porta
1223 2230 1707 2303 Macedonicis
1728 2254 2012 2328 semper
2042 2230 2593 2328 proconsulibus

467 2358 635 2414 ante
675 2360 747 2415 te
784 2345 1038 2441 patuit.
1083 2347 1191 2413 Tu
1230 2344 1568 2413 inventus
1597 2366 1707 2430 es,
1740 2341 1866 2439 qui
1898 2341 2253 2413 consulari
2288 2343 2593 2441 imperio

465 2454 838 2551 praedituS,
874 2479 964 2525 ex
1003 2454 1428 2527 Macedonia
1458 2477 1611 2524 non
1656 2452 2157 2552 triumphares,

567 2567 830 2634 XXIV.
882 2567 976 2633 At
1025 2563 1352 2650 audistis,
1405 2577 1645 2661 patre-s
1704 2566 2124 2662 conscripti,
2176 2563 2594 2663 philosophi

465 2694 720 2743 vocem
757 2684 806 2744 ¹.
888 2676 1192 2771 Negavit
1259 2698 1334 2744 se
1399 2672 1747 2771 triumphi
1826 2675 2171 2774 cupidum
2246 2700 2595 2773 umquam

465 2780 706 2854 fuisse.
744 2786 807 2854 Ο
851 2784 1149 2872 scelus²‚
1193 2810 1239 2854 o
1281 2787 1537 2881 pestIS,
1572 2810 1617 2855 o
1654 2784 1883 2857 labes!
1930 2810 2157 2882 quum
2186 2788 2595 2884 exstingue-

466 2891 595 2963 bas
627 2908 955 2965 senatum
969 2892 1023 2982 ³,
1061 2892 1425 2965 vendebas
1455 2897 1996 2966 auctoritatem4
2040 2894 2257 2991 hujus
2292 2895 2597 2985 ordinis,

543 3040 596 3087 9.
627 3024 751 3072 Dico
785 3025 995 3073 venisse.
1033 3024 1116 3074 Al.
1150 3025 1238 3090 qui
1261 3024 1372 3076 dico
1397 3042 1491 3075 ve·
1577 3024 1707 3073 ditus
1721 3025 1926 3090 imperio
1940 3040 2002 3073 ex
2014 3025 2303 3075 Macedonia
2316 3043 2419 3077 non
2432 3028 2602 3075 trium·

472 3102 630 3163 nisse;
663 3104 788 3169 qm’d
807 3104 932 3153 dico.
951 3107 1002 3155 J.
1019 3108 1082 3154 V.
1110 3108 1166 3156 L.
1576 3104 1765 3169 phevit.
1794 3104 2159 3170 Triumphalem
2194 3116 2386 3171 portam
2416 3122 2601 3155 memo·

547 3199 628 3233 ιο.
655 3184 864 3255 Tognlae.
883 3184 955 3233 Ut
971 3185 1124 3249 togati
1136 3202 1287 3251 quum
1305 3199 1488 3248 essent,
1576 3195 1656 3232 rat
1679 3185 1833 3237 Tacit.
1864 3183 1951 3237 lib,
1974 3186 2051 3247 Ὗς
2090 3186 2350 3236 Suetonius
2380 3188 2434 3233 in
2464 3189 2596 3249 Aug.

471 3264 660 3310 venisse
676 3264 870 3311 obviam
891 3263 1186 3313 viderentur.
1577 3265 1610 3311 J
1612 3263 1778 3327 oneph.
1806 3262 1893 3311 lib.
1911 3264 2039 3327 v11;
2064 3265 2185 3325 Dio,
2218 3263 2307 3314 lib.
2332 3268 2458 3313 LVI.

549 3358 569 3389 x
584 3358 628 3391 1.
669 3341 934 3407 Spomione
973 3359 1064 3391 me.
1110 3347 1182 3393 Ut
1228 3344 1492 3409 sponsione
1647 3342 1841 3392 XXIV.
1880 3356 1925 3391 1.
1965 3342 2246 3407 Philosophi
2273 3360 2465 3392 vocem.
2492 3346 2601 3393 Ho-

471 3420 815 3470 contenderem
827 3455 843 3480 ,
861 3421 913 3471 ni
926 3422 1170 3487 Esquilina
1184 3458 1198 3483 ,
1213 3438 1316 3471 non
1330 3433 1386 3470 ut
1400 3437 1493 3485 ego
1581 3436 1725 3469 nores
1743 3432 1793 3469 et
1811 3422 1970 3473 omnin
1986 3421 2195 3471 humana
2214 3425 2499 3488 respuentis.

473 3500 714 3559 dixeram,
732 3500 1108 3563 Coelimontana,
1131 3501 1392 3551 introisset.
1417 3502 1492 3549 De
1652 3516 1704 3548 a.
1763 3504 1807 3549 Ο
1850 3502 2017 3551 scelus.
2064 3505 2357 3566 Frequenter
2399 3502 2599 3551 verbnm

473 3580 820 3643 sponsionibus
837 3582 932 3629 alio
950 3582 1083 3631 loco.
1579 3580 1703 3627 illud
1728 3595 1821 3645 pro
1848 3580 2081 3633 scelerato
2102 3594 2386 3647 usurpatur.

549 3673 627 3707 12.
674 3658 990 3722 Triumphale‘.
1024 3664 1056 3709 J
1059 3670 1228 3709 ocatur
1255 3662 1308 3706 in
1333 3656 1491 3706 ambi·
1654 3662 1703 3709 3.
1766 3662 1925 3723 Quum
1976 3661 2315 3728 exstinguebas
2360 3674 2599 3711 senatum.

472 3754 602 3800 guo3
637 3755 746 3786 nam
780 3739 1108 3805 Triumphalis
1138 3750 1279 3803 porta
1319 3740 1491 3785 Romae
1581 3742 1743 3803 Quum
1773 3755 1965 3787 omnem
1992 3744 2180 3789 senatui
2201 3752 2489 3805 potestatem
2510 3758 2599 3805 pe-

473 3828 572 3863 erat
596 3851 610 3874 ,
667 3835 760 3881 qun
811 3816 1128 3883 proconsules
1180 3818 1488 3865 Macedonici
1578 3820 1708 3867 nitus
1726 3820 2003 3879 auferebam
2026 3837 2176 3884 quum
2200 3837 2311 3869 eum
2328 3823 2427 3869 suis
2448 3822 2603 3885 ipsius

471 3898 822 3961 triumphantes
835 3896 1127 3954 introibant,
1139 3896 1272 3943 unde
1288 3912 1485 3945 nomen:
1582 3898 1784 3946 decretis
1802 3915 1969 3961 parere
1990 3898 2304 3962 prohibebas.

473 3989 519 4023 et
545 3994 646 4023 eam
660 4012 674 4039 ,
693 3992 788 4041 qua
808 3976 1030 4023 introivit
1050 3976 1160 4023 Piso
1175 4010 1192 4037 ,
1213 3976 1325 4023 ideo
1347 3988 1491 4041 negat
1652 3986 1699 4033 4.
1729 3978 1983 4027 Vendebas
2000 3976 2349 4027 auctoritatem.
2372 3978 2601 4027 Pactione

475 4074 574 4105 esse
597 4054 934 4121 triumphalem
947 4089 962 4115 ,
980 4055 1094 4119 quIa
1112 4054 1353 4105 consulari
1371 4072 1490 4119 prae·
1582 4060 1861 4122 provincia:-
