2996 4694
525 385 662 458 518
1160 389 1258 456 Μ.
1312 391 1391 456 Τ.
1444 390 2022 458 CICERONIS

516 509 881 582 confessos
918 533 1071 581 esse
1092 563 1112 594 ,
1158 508 1251 582 de
1295 508 1802 583 interficiendo
1839 514 1972 582 Cn.
2009 511 2358 608 Pompeio
2391 511 2656 606 conju-

516 643 747 705 rasse3
786 617 1047 691 deinde
1080 633 1330 716 postea
1364 645 1439 692 se
1480 619 1719 716 gladio
1749 644 2168 718 percussum
2199 646 2352 692 esse
2379 619 2470 693 ab
2499 645 2657 690 uno

518 730 611 802 de
659 729 797 800 illis
818 782 838 817 ,
894 754 986 800 ne
1036 728 1404 802 indicaret.
1464 732 1814 829 Pompeio
1856 732 1928 800 in
1963 729 2228 802 hortos
2267 731 2652 802 nuntiavit.

514 847 855 914 Arcessor
882 841 957 910 in
986 841 1257 936 primis.
1285 844 1395 912 De
1428 843 1825 912 amicorum
1853 844 2214 912 sententia
2237 865 2391 912 rem
2418 839 2659 912 desert

514 951 607 1023 ad
642 965 996 1022 senatum.
1050 952 1218 1021 Non
1262 965 1633 1048 poteram,
1687 954 1766 1021 in
1822 949 2010 1021 illius
2055 953 2204 1022 mei
2259 953 2656 1049 patriaeque

514 1057 910 1134 custodis¹³
950 1075 1149 1132 tanta
1172 1062 1619 1158 suspicione,
1647 1085 1796 1133 non
1829 1075 2033 1132 metu
2065 1063 2492 1148 exanimari3
2526 1058 2658 1130 sed

514 1169 829 1244 mirabar
868 1186 1111 1244 tamen
1135 1226 1154 1259 ,
1190 1171 1387 1242 credi
1416 1195 1626 1268 popae
1647 1169 1736 1259 ¹4,
1771 1168 2225 1242 ebriosorum
2259 1169 2656 1242 confessio-

516 1307 686 1354 nem
738 1305 1111 1354 servorum
1170 1280 1439 1366 audiri;
1494 1279 1762 1351 vulnus
1826 1281 1899 1350 in
1959 1281 2212 1368 latere,
2267 1279 2467 1378 quod
2519 1305 2659 1352 acu

516 1407 873 1492 punctum
896 1381 960 1436 ¹⁵
998 1391 1393 1476 videretur,
1430 1414 1568 1487 pro
1611 1390 1756 1460 ictu
1788 1388 2198 1486 gladiatoris
2237 1389 2558 1488 probari.
2646 1435 2658 1460 .-

612 1507 919 1582 Verum,
968 1515 1054 1571 ut
1104 1498 1466 1596 intelligo,
1517 1497 1822 1570 cavebat
1875 1495 2179 1596 magis¹⁶
2234 1502 2659 1597 Pompeius,

517 1635 741 1710 quam
782 1609 1121 1696 timebat,
1182 1634 1333 1680 non
1387 1633 1471 1681 ea
1511 1609 1744 1680 solum
1770 1665 1790 1697 ,
1840 1635 2002 1707 quae
2043 1609 2364 1680 timenda
2407 1623 2658 1694 erant,

518 1721 647 1803 sed
699 1721 1003 1792 omnino
1048 1720 1328 1806 omnia,
1368 1743 1462 1790 ne
1509 1717 1785 1815 aliquid
1823 1745 1952 1790 vos
1995 1721 2362 1792 timeretis.
2406 1724 2660 1818 Oppu-

518 1844 731 1930 gnata
782 1829 1046 1900 domus
1096 1833 1173 1901 C.
1232 1830 1642 1917 Caesaris17,
1715 1828 2078 1902 clarissimi
2143 1844 2216 1901 et
2289 1828 2664 1902 fortissimi

515 1942 685 2028 viri,
734 1965 863 2038 per
898 1938 1161 2010 multas
1198 1939 1431 2010 noctis
1465 1936 1682 2010 horas
1723 1939 2214 2011 nuntiabatur.
2257 1943 2493 2011 Nemo
2527 1964 2661 2010 au-

516 2046 749 2120 dierat
780 2063 926 2120 tam
958 2046 1227 2120 celebri
1264 2047 1429 2119 loco
1452 2041 1546 2135 ¹⁸,
1583 2071 1800 2118 nemo
1837 2064 2182 2120 senserat.
2221 2055 2489 2122 Tamen
2527 2072 2660 2119 au-

518 2157 877 2230 diebatur.
908 2161 1075 2230 Non
1092 2171 1421 2255 poteram
1448 2161 1581 2228 Cn.
1605 2159 2058 2255 Pompeium,
2081 2161 2662 2257 praestantissima

522 2273 791 2342 virtute
830 2271 1104 2355 virum,
1154 2267 1493 2340 timidum
1536 2269 1929 2367 suspicari:
1983 2268 2462 2368 diligentiam,
2504 2283 2663 2341 tota

517 2382 893 2481 republica
944 2395 1315 2479 suscepta,
1374 2380 1668 2452 nimiam
1724 2380 1994 2452 nullam
2055 2380 2421 2478 putabam.
2487 2385 2662 2453 Fre-.

522 2495 995 2590 quentissimo
1028 2506 1283 2563 senatu
1315 2513 1554 2588 nuper
1589 2490 1666 2561 in
1698 2491 2054 2588 Capitolio
2087 2507 2380 2563 senator
2409 2494 2660 2563 inven-

524 2616 639 2673 tus
680 2610 891 2688 est¹9‚
932 2604 1061 2697 qui
1101 2599 1450 2671 Milonem
1488 2622 1656 2669 cum
1705 2599 1850 2671 telo
1895 2626 2046 2673 esse
2073 2600 2364 2675 diceret.
2409 2601 2656 2674 Nuda·-

523 2716 703 2782 vit²⁰
740 2736 815 2781 se
862 2713 936 2780 in
988 2711 1439 2782 sanctissimo
1476 2709 1786 2806 templO,
1831 2712 2172 2809 quoniam
2207 2715 2348 2783 vita
2384 2712 2540 2783 talis
2578 2725 2654 2784 et

520 2958 709 3021 busque
749 2955 1033 3017 conset-10⁸3
1066 2952 1137 3001 ibi
1178 2954 1306 3001 enim
1346 2961 1507 3001 scorta
1525 2984 1540 3011 ,
1631 2950 1842 3009 seilicet,
1861 2964 1917 3000 ut
1937 2954 2228 3014 jactitabant
2251 2953 2495 3005 Clodiani.
2519 2956 2660 3001 Inter

520 3036 761 3095 latrones,
792 3036 975 3100 quique
1013 3033 1207 3082 adam
1236 3032 1542 3092 metuebant,
1633 3030 1869 3082 can-rem
1887 3046 1938 3082 et
1959 3034 2196 3083 Milonem
2215 3033 2480 3082 simultates
2495 3032 2657 3091 fuere3

520 3114 885 3181 confugiebant.
924 3142 996 3153 —·
1024 3113 1264 3163 Maximo·
1295 3113 1546 3162 Omittunt
1633 3124 1681 3162 et
1721 3113 1836 3163 inde
1885 3124 2048 3179 patet,
2104 3130 2193 3161 cnr
2251 3113 2462 3161 dictator
2502 3112 2658 3160 factus

520 3194 741 3245 maximo
768 3195 914 3245 codd.
945 3194 1166 3244 Fabricii.
1184 3196 1236 3245 J.
1250 3194 1317 3241 V.
1346 3194 1401 3241 L.
1632 3193 1809 3250 Caesar,
1829 3208 1998 3239 omnes
2019 3192 2210 3241 exsule·
2228 3191 2392 3240 edicto
2409 3206 2558 3256 quum
2575 3206 2654 3239 re-

598 3278 679 3325 13.
700 3276 937 3325 Custode's.
962 3277 1063 3339 Qui
1086 3275 1292 3338 patriam
1318 3285 1366 3321 et
1398 3274 1542 3322 Cice-
1634 3282 1875 3329 vocasset,
1899 3288 2050 3320 unum
2087 3270 2330 3320 Milonem
2369 3270 2656 3319 nominatim

522 3370 690 3403 renem
712 3364 1001 3403 servaverat.
1632 3350 1899 3414 exceperit.

595 3442 679 3489 ¹4·
722 3436 891 3495 Popoe.
924 3430 1025 3479 Viti
1061 3428 1361 3491 sacrificulo,
1400 3446 1542 3495 quem
1713 3433 1792 3479 18.
1847 3432 2004 3477 Nemo
2052 3428 2284 3477 audient
2341 3440 2442 3477 tam
2487 3426 2662 3476 celebri

521 3513 698 3577 premit
739 3512 925 3575 egestas
944 3545 958 3567 ‚
1008 3509 1189 3573 quique
1236 3524 1350 3557 eum
1396 3510 1546 3557 ebriis
1633 3510 1760 3559 loeo.
1783 3509 1928 3557 AEdes
1949 3509 2079 3556 enim
2107 3510 2268 3557 Cum·
2289 3510 2434 3557 Sacra
2460 3507 2537 3555 via
2564 3522 2656 3571 po-

520 3590 779 3639 fabuhtur.
1633 3592 1751 3637 sim
1775 3600 1892 3636 tunc
1918 3587 2188 3649 habitabat,

592 3672 669 3720 15.
704 3672 805 3717 Acca
834 3678 1081 3733 punctum.
1103 3669 1327 3715 Oratorie
1354 3668 1542 3717 dictum
1709 3684 1788 3732 19.
1809 3669 1982 3730 Nuper·
1999 3668 2051 3715 in
2079 3666 2323 3731 Capitolio
2347 3676 2553 3715 senator
2582 3666 2659 3712 ἰπ-

516 3750 579 3799 ad
604 3748 752 3798 fidem
776 3747 1073 3796 elevandam.
1633 3758 1792 3795 ventus
1818 3758 1906 3795 est.
1936 3748 1990 3794 P.
2011 3744 2303 3794 Cornificius
2329 3744 2511 3793 scilicet
2529 3779 2544 3803 ,
2573 3744 2658 3808 qui

597 3831 679 3878 16.
711 3826 925 3877 cavebat
958 3827 1129 3893 magis.
1166 3828 1378 3875 Excusat
1404 3829 1544 3874 Pom·
1631 3826 1868 3875 Milonem
1901 3824 2080 3872 sermm
2117 3824 2178 3873 ad
2221 3826 2376 3871 femur
2411 3822 2656 3886 alligatum

522 3912 686 3976 poium
703 3944 717 3968 ,
749 3908 888 3973 quod
916 3924 1017 3955 rem
1046 3918 1142 3955 tam
1170 3918 1363 3954 tenuem
1382 3905 1445 3953 ad
1468 3922 1544 3953 ne·
1631 3906 1810 3953 habere
1837 3904 2044 3952 dixerat.

520 4002 687 4039 natum
732 3988 983 4045 detulerit,
1022 4001 1295 4051 magnoque
1334 3980 1541 4031 artifieio
1703 4000 1787 4033 ao.
1817 3983 2048 4033 Nudavit.
2091 3982 2240 4032 Nefas
2285 3996 2338 4029 se
2381 3980 2434 4028 in
2473 3980 2656 4044 templo

517 4070 623 4139 ejus
636 4068 995 4133 providentiam
1008 4078 1056 4114 et
1076 4082 1239 4113 curam
1257 4062 1538 4127 amplificat.
1631 4064 1845 4125 nudare3
1872 4062 1960 4111 sed
1983 4062 2046 4109 ad
2071 4062 2170 4109 hoc
2195 4062 2323 4109 Milo
2351 4060 2538 4108 inimici
2567 4060 2656 4107 in-

590 4166 611 4195 1
625 4168 671 4211 7.
690 4150 871 4195 Dorum
890 4148 941 4196 C.
961 4144 1239 4195 OoesadaA
1254 4143 1540 4192 Milonianis
1628 4142 1876 4207 probitate
1911 4144 2064 4191 fuerat
2093 4152 2308 4190 coaetus.
