2996 4694
767 382 1145 452 ORATIO
1193 384 1399 452 Pno
1449 383 1524 450 P.
1576 379 1971 452 SEXTIO.
2345 399 2431 482 77

314 525 472 574 cam
518 504 680 598 jure
732 497 1084 575 laesissetss.
1130 503 1693 592 Gladiatorestu
1738 503 2086 591 novitios,
2141 526 2280 602 pro
2322 532 2441 580 ex-

314 628 627 712 spectata
677 612 1005 685 aedilitate
1055 614 1502 712 suppositos,
1554 635 1717 683 cum
1770 613 2039 684 sicariis
2079 638 2120 685 e
2154 639 2439 690 carcere

315 725 642 794 emissis-‚⁹
693 738 860 804 ante
919 724 1154 796 lucem
1214 723 1603 795 immittas?
1662 724 2115 819 magistratus
2167 728 2441 824 templo

314 831 646 928 dejicias?
699 833 963 906 caedem
1017 837 1397 905 maximam
1433 829 1694 904 facias?
1735 829 1977 902 forum
2006 841 2070 876 ¹⁰
2121 837 2440 932 purges?

314 960 389 1018 et
409 1001 428 1033 ‚
461 973 690 1045 quum
725 949 970 1020 onmia
1000 950 1070 1018 vi
1105 963 1178 1020 et
1201 949 1415 1019 armis
1453 947 1711 1044 egeris),
1744 969 2033 1018 accuses
2066 971 2230 1019 eum
2250 1001 2271 1036 ‚
2312 955 2441 1047 qui

315 1085 390 1132 se
445 1062 772 1159 praesidio
815 1065 1198 1148 munierit,
1240 1086 1390 1158 non
1435 1075 1522 1131 ut
1562 1074 1633 1131 te
1674 1075 2159 1158 oppugnaret,
2196 1063 2324 1135 sed
2358 1075 2444 1135 ut

314 1177 528 1246 vitam
566 1200 766 1248 suam
800 1190 1046 1274 posset
1080 1173 1512 1249 defendere?

409 1289 763 1358 XXXVIL
805 1288 1028 1383 Atqui
1069 1311 1162 1358 ne
1199 1311 1287 1358 ex
1326 1310 1416 1357 eo
1455 1283 1749 1382 quidem
1794 1299 2121 1385 tempore
2171 1286 2244 1358 id
2295 1291 2443 1388 egit

309 1396 628 1484 SextiuS‚
649 1409 792 1467 uta
823 1399 970 1467 suis
1005 1396 1328 1468 munitus
1352 1449 1373 1481 ‚
1401 1409 1562 1465 tuto
1594 1396 1670 1465 in
1712 1393 1913 1465 foro¹
1949 1398 2437 1494 magistratum

311 1519 630 1600 gereret,
691 1504 1215 1602 rempublicam
1276 1503 1825 1575 administraret.
1893 1511 2147 1602 Itaque
2211 1505 2440 1580 fretus

312 1615 682 1686 sanctitate
712 1613 1159 1703 tribunatuS,
1204 1637 1432 1712 quum
1471 1637 1547 1684 se
1576 1637 1727 1684 non
1764 1614 1986 1685 modo
2015 1631 2265 1688 contra
2292 1619 2437 1688 vim

311 1736 384 1792 et
422 1720 733 1808 ferrum,
785 1725 911 1797 sed
952 1727 1166 1798 etiam
1213 1739 1463 1796 contra
1507 1723 1726 1796 verba
1776 1739 1991 1822 atque
2038 1727 2439 1800 interfatio-

313 1855 479 1902 nem
502 1843 531 1875 ²
579 1832 858 1932 legibus
918 1836 1208 1907 sacratis
1257 1859 1413 1906 esse
1469 1847 1827 1905 armatum
1871 1849 2189 1931 putaret,
2240 1840 2443 1910 venit

310 1943 387 2011 in·
443 1944 792 2040 templum
848 1946 1196 2030 Castoris;
1260 1941 1719 2014 obnuntiavit
1774 1942 2154 2018 consuli³z
2205 1971 2437 2044 quum
2526 1995 2533 2002 -

313 2050 557 2122 subito
585 2077 840 2124 manus
865 2053 987 2124 illa
1020 2051 1362 2127 Clodiana
1383 2105 1403 2140 ‚
1437 2053 1517 2124 in
1552 2052 1746 2124 caede
1781 2054 2047 2124 civium
2080 2079 2263 2154 saepe
2293 2059 2437 2154 jam
2490 2137 2501 2144 ‚

310 2162 565 2231 victrix
587 2215 606 2250 ‚
647 2163 1036 2250 exclamat,
1068 2165 1429 2252 incitatur,
1465 2161 1780 2250 invadit;
1832 2163 2183 2236 inermem
2218 2181 2439 2264 atque

308 2273 742 2370 imparatum
785 2272 1160 2345 tribunum
1199 2274 1314 2344 alii
1358 2272 1609 2371 gladiis
1650 2271 2101 2363 adoriuntur,
2146 2275 2262 2345 alii
2293 2275 2437 2349 fra-

306 2384 616 2481 gmentis
651 2389 1072 2483 septorum‘*
1113 2398 1186 2456 et
1227 2382 1576 2465 fustibus,
1620 2408 1665 2453 a
1693 2381 1961 2479 quibus
1998 2383 2151 2471 hic,
2190 2387 2436 2459 multis

307 2492 728 2565 vulneribus
761 2497 1108 2591 acceptis,
1151 2518 1233 2565 ac
1280 2490 1653 2565 debilitato
1686 2516 1992 2591 corpore
2030 2508 2104 2566 et
2138 2512 2435 2569 contru-

307 2602 584 2688 cidato,
623 2626 699 2675 se
730 2602 990 2699 abjecit
1033 2604 1480 2675 exanimatus
1514 2626 1531 2669 z
1580 2624 1822 2698 neque
1864 2600 2010 2671 ulla
2046 2601 2182 2674 alia
2228 2631 2307 2678 re
2340 2607 2435 2679 ab

309 2736 384 2783 se
413 2725 719 2785 mortem
744 2767 762 2801 ,
797 2714 934 2783 nisi
961 2715 1306 2811 opinione
1329 2712 1583 2782 mortis
1608 2709 1907 2817 depulit.
1942 2714 2178 2802 Quem
2205 2740 2434 2812 quum

303 2822 662 2916 jacentem
706 2836 778 2893 et
829 2824 1202 2895 concisum
1238 2810 1567 2922 plurimis
1610 2820 2060 2911 vulneribus,
2106 2839 2435 2898 extremo

1479 3009 1751 3058 xxxvn.
1772 3022 1815 3058 1.
1834 3010 1963 3057 Foro
1980 3020 2081 3058 eno.
2100 3009 2297 3059 Lalletn.
2317 3022 2436 3061 tum.

1409 3087 1458 3135 J.
1475 3088 1544 3137 V.
1573 3090 1629 3135 L.

1481 3182 1533 3213 a.
1581 3168 1743 3231 Aeque
1782 3163 2161 3230 inteficient».
2205 3168 2323 3217 Non
2359 3170 2433 3217 li-

382 3012 431 3059 8.
469 3010 587 3059 Iure
629 3010 837 3062 Iaeduee.
877 3012 993 3062 Non
1035 3010 1174 3077 qnod
1215 3012 1325 3072 inre

307 3090 676 3151 intercessisset,
721 3090 807 3140 sed
845 3089 980 3155 qnod
1023 3090 1324 3141 intercedens

308 3168 524 3231 legitimo
548 3181 598 3218 et
625 3172 759 3231 insto
790 3170 1121 3235 impedimenti
1150 3186 1324 3234 genere

309 3262 425 3295 usus
450 3259 588 3297 esset.
648 3278 658 3290 ·

381 3340 432 3386 9.
467 3328 672 3375 Cat-cere
701 3326 897 3376 emissis.
936 3328 982 3376 A
1019 3328 1218 3377 tribuno
1254 3327 1324 3392 pl.

311 3405 364 3451 P.
387 3402 582 3453 Clodio.

387 3496 464 3529 ro.
493 3484 892 3549 Fornmpurges?
907 3488 1125 3545 Vneues,
1147 3485 1327 3534 ahau-

309 3560 404 3607 rias
417 3594 434 3617 ,
468 3561 702 3624 populum
730 3562 958 3630 dissipes;
987 3564 1159 3614 eodem
1185 3580 1326 3613 senen

308 3653 411 3700 qno
450 3653 600 3702 purus
629 3638 805 3689 dicitnr
839 3659 1061 3708 campus,
1094 3643 1142 3691 b.
1171 3660 1214 3692 e.
1247 3660 1326 3691 vn·

309 3732 446 3764 cuns.
471 3716 696 3764 Munatio
722 3718 904 3783 plscnit
927 3738 1138 3785 spurces.
1171 3724 1325 3771 Garn-

311 3796 475 3843 tonins
505 3794 748 3859 vulg-um
783 3798 980 3861 retinet;
1006 3816 1116 3863 qnae
1150 3802 1192 3847 si
1225 3816 1328 3849 non

310 3874 536 3923 oninibns
581 3874 838 3939 probatur,
881 3875 931 3923 in
954 3876 1080 3942 foro
1102 3894 1290 3943 pugnes
1311 3911 1328 3937 ,

309 3955 530 4015 quamvis
548 3952 824 4003 diffidenter
843 3957 1060 4015 conjicit.
1082 3959 1330 4005 Ernestins

310 4033 445 4079 omni
483 4049 536 4080 se
571 4034 790 4081 molestia
837 4034 1060 4083 facillime
1099 4036 1332 4100 expedit,

311 4108 415 4157 dno
435 4110 538 4161 hec
555 4113 696 4161 verba
717 4112 932 4161 tribuens
949 4113 1298 4179 interpolatori.

1411 3245 1554 3294 eebat
1594 3245 1793 3293 tribuno
1843 3244 1999 3309 plebis
2040 3246 2257 3294 interfari
2274 3282 2291 3307 ‚
2335 3266 2423 3297 sen

1409 3324 1701 3387 interloqui.

1483 3404 1535 3451 3.
1566 3401 1776 3459 Com-uli,
1811 3402 2011 3451 Metello
2036 3400 2191 3465 legem
2225 3404 2435 3471 aliquem

1413 3482 1585 3530 serenti
1604 3516 1619 3542 ,
1647 3496 1791 3544 qnam
1823 3481 2015 3530 Sextius
2043 3481 2204 3530 minus
2228 3499 2257 3531 e
2288 3502 2437 3550 repn-

1410 3560 1540 3609 blica
1553 3559 1821 3621 indiceret:
1842 3574 1943 3607 non
1961 3561 2089 3608 enim
2106 3561 2207 3611 hoe
2222 3562 2286 3611 ed
2306 3564 2441 3613 Cice·

1414 3640 1553 3689 ronis
1576 3654 1767 3687 esuum
1794 3639 2028 3703 pertinuit
2046 3668 2062 3699 ,
2091 3651 2264 3691 eontra
2291 3659 2435 3708 qnem

1413 3719 1535 3769 nihil
1556 3719 1709 3782 egisse
1720 3716 1975 3766 Metellum
1988 3718 2039 3766 in
2052 3722 2305 3771 consulatu
2320 3722 2439 3771 satis

1415 3808 1606 3849 constat
1632 3812 1645 3847 :
1684 3799 1782 3858 jem
1825 3796 1953 3845 enim
1992 3797 2161 3847 odium
2202 3816 2345 3849 sunm
2382 3801 2436 3849 in

1416 3879 1699 3927 Ciceronem
1720 3874 1997 3939 reipublice
2013 3876 2212 3940 largitus
2228 3890 2350 3927 eret.

1491 3963 1545 4012 4.
1568 3958 1838 4018 Septorum.
1858 3955 1957 4016 Qui
1974 3956 2173 4003 eeneelli
2192 3956 2245 4002 in
2260 3954 2371 4004 foro
2388 3968 2441 4007 et

1419 4036 1474 4083 in
1493 4034 1693 4082 comitio
1719 4044 1857 4081 erant
1881 4033 2052 4092 locati,
2080 4044 2129 4081 et
2150 4043 2319 4095 postea
2346 4035 2440 4085 snb

1423 4112 1795 4178 imperatoribus
1814 4113 1923 4161 arei
1944 4122 2055 4159 sunt
2078 4110 2209 4161 facti.
