2996 4694
503 378 642 450 580
1148 378 1245 445 Μ.
1297 376 1373 443 Τ.
1427 372 2016 445 CICERONIS

501 500 572 573 id
615 524 854 597 neque
890 494 1024 598 per
1049 511 1120 569 te
1162 498 1415 582 scires,
1454 519 1698 591 neque
1744 492 1995 565 audire
2040 492 2329 566 aliunde
2358 497 2637 591 potuis-

503 606 685 701 ses6,
730 625 815 682 ut
869 609 1321 707 ignoratione
1370 620 1492 678 tua
1540 603 1630 675 ad
1685 604 2002 676 hominis
2042 605 2287 676 miseri
2336 604 2639 675 salutem

503 722 857 794 abuterer.
897 717 1035 789 Sed
1067 718 1410 815 quoniam
1443 714 1811 811 diligentia
1839 715 2106 786 inimici
2134 716 2639 811 investigatum

505 845 614 903 est
657 829 772 915 id,
815 826 1019 924 quod
1073 824 1374 912 latebat,
1431 824 1931 897 confitendum
1984 838 2129 914 est,
2185 839 2269 896 ut
2332 827 2641 923 opinor,

507 938 894 1040 praesertim
931 960 1162 1041 quum
1201 958 1406 1007 meus
1443 934 1921 1021 necessarius,
1951 938 2029 1005 C.
2058 938 2323 1016 Pansa,
2354 932 2639 1021 fecerit,

505 1065 587 1123 ut
629 1049 703 1120 id
743 1048 890 1143 jam
937 1048 1298 1143 integrum
1355 1070 1507 1117 non
1554 1057 1829 1133 esset73
1880 1046 2291 1144 omissaque
2345 1057 2641 1116 contro-

504 1162 767 1245 versia,
802 1158 1040 1230 omnis
1085 1158 1317 1228 oratio
1372 1156 1461 1227 ad
1505 1154 2071 1227 misericordiam
2109 1148 2356 1227 tuam⁸
2392 1152 2644 1225 confe-

505 1269 734 1341 renda
776 1283 921 1353 est,
979 1290 1124 1365 qua
1167 1266 1464 1365 plurimi
1506 1279 1676 1337 sunt
1723 1268 2155 1353 conservati,
2204 1288 2431 1364 quum
2477 1288 2519 1335 a
2572 1278 2645 1333 te

511 1404 662 1451 non
699 1378 1200 1451 liberationem
1248 1375 1515 1473 culpae,
1569 1375 1690 1447 sed
1722 1378 1935 1446 errati
1982 1380 2257 1449 veniam
2302 1377 2648 1472 impetra-

510 1494 795 1561 vissent.

605 1598 845 1669 Habes
881 1598 1116 1695 igitur,
1154 1594 1445 1667 Tubero
1469 1650 1488 1683 ,
1531 1596 1730 1694 quod
1772 1611 1879 1669 est
1910 1596 2308 1668 accusatori
2340 1595 2649 1665 maxime

511 1706 944 1806 optandum,
974 1704 1438 1776 confitentem
1476 1728 1726 1792 reum;
1762 1705 1887 1780 sed
1928 1720 2168 1778 tamen
2208 1704 2393 1777 hoc⁹
2428 1703 2651 1776 confi-

512 1832 824 1902 tentem,
863 1840 938 1887 se
985 1820 1059 1886 in
1109 1840 1190 1888 ea
1229 1829 1432 1913 parte
1469 1812 1723 1903 fuisse,
1757 1841 1901 1914 qua
1930 1831 2038 1904 te,
2074 1814 2366 1887 Tubero
2390 1826 2475 1899 ¹⁰,
2505 1836 2651 1911 qua

511 1932 750 1999 virum
811 1927 1012 1997 omni
1081 1925 1293 1997 laude
1351 1923 1653 2022 dignum
1682 1978 1701 2006 ‚
1763 1941 2041 2024 patrem
2098 1940 2329 1997 tuum.
2397 1929 2653 2021 Itaque

510 2038 713 2136 prius
768 2035 860 2107 de
913 2048 1154 2123 vestro
1207 2032 1474 2133 delicto
1502 2043 1561 2077 ¹¹
1624 2035 2113 2108 confiteamini
2165 2056 2455 2105 necesse
2508 2046 2649 2117 est,

517 2172 741 2246 quam
787 2148 1048 2244 Ligarii
1085 2145 1302 2215 ullam
1350 2144 1637 2243 culpam
1679 2144 2244 2243 reprehendatis

615 2260 705 2350 Q.
737 2257 931 2328 enim
955 2263 1017 2297 ¹²
1047 2254 1370 2350 Ligarius
1392 2308 1413 2338 ‚
1437 2276 1671 2352 quum
1697 2270 1883 2330 esset
1904 2253 1969 2300 ¹3
1998 2256 2197 2329 nulla
2220 2255 2397 2329 belli
2424 2254 2654 2354 suspi-

513 2371 662 2458 ci0‚
719 2369 995 2464 legatus
1053 2366 1128 2454 in
1185 2363 1495 2442 Africam
1554 2389 1721 2440 cum
1766 2370 1839 2436 C.
1896 2367 2242 2440 Considio
2286 2364 2656 2466 profectus

517 2482 760 2552 est¹⁴z
820 2502 965 2574 qua
1022 2481 1097 2546 in
1145 2475 1505 2573 legatione
1554 2490 1629 2548 et
1686 2477 1998 2564 civibu5‚
2054 2493 2129 2550 et
2176 2480 2388 2550 sociis
2437 2477 2537 2548 ita
2578 2501 2655 2547 se

517 2588 856 2689 probavit
883 2641 902 2674 ‚
939 2598 1022 2658 ut
1055 2585 1415 2659 decedens
1443 2587 1825 2662 Considius
1852 2591 2223 2687 provincia
2253 2586 2655 2661 satisfacere

518 2695 940 2770 hominibus
975 2719 1124 2768 non
1178 2711 1454 2793 posset,
1495 2698 1555 2768 si
1608 2721 2053 2793 quemquam
2092 2699 2313 2770 alium
2360 2699 2656 2796 provin-

593 2928 644 2974 6.
691 2923 903 2971 Aliunde
930 2921 1183 2985 potuisses.
1226 2921 1404 2969 Verbis
1443 2922 1543 2970 illis
1630 2934 1679 2972 te
1701 2939 1805 2973 non
1828 2924 1974 2974 debet
1994 2927 2242 2986 accusat-h
2267 2929 2343 2974 ein
2361 2935 2534 2974 contra
2556 2937 2663 2971 uon

522 3005 740 3058 ostendit
773 3019 874 3052 non
918 3013 1016 3052 tom
1061 3012 1202 3052 atrox
1229 3017 1334 3051 etse
1363 3003 1545 3066 Ligarii
1630 3002 1789 3052 scelus
1814 3015 1916 3063 est,
1956 3005 2007 3052 in
2030 3005 2273 3067 iudicium
2300 3004 2523 3070 protrahi
2548 3019 2659 3052 eum

521 3089 708 3145 scelus,
745 3100 898 3149 quum
933 3081 1080 3131 fuerit
1111 3082 1374 3130 necesaria
1401 3099 1545 3132 acon-
1631 3098 1733 3130 non
1786 3084 2024 3148 oportuit.
2082 3087 2409 3134 Pecoevernnt
2463 3099 2663 3148 qnoque

523 3169 696 3218 satoris
709 3163 958 3230 indagatio
969 3198 984 3222 ,
1001 3173 1056 3210 ut
1074 3161 1248 3211 caesari
1261 3163 1550 3212 innotuerit.

601 3265 647 3309 7.
692 3247 940 3310 Integram
967 3258 1066 3290 non
1103 3252 1244 3296 esset„
1285 3244 1397 3290 Hoc
1427 3241 1551 3290 mihi

525 3343 630 3376 non
645 3327 744 3388 jam
761 3325 948 3372 liceret.

597 3408 650 3454 8.
681 3400 1070 3450 Misericordiam
1097 3411 1252 3446 taam.
1279 3397 1372 3450 Hic
1397 3413 1551 3462 expo-

527 3487 602 3534 nit
623 3497 768 3547 qnam
791 3480 1032 3528 rationem
1059 3477 1239 3542 Ligarii
1258 3476 1554 3527 defendendi

527 3564 590 3612 sit
607 3560 878 3610 habiturus.

601 3657 650 3703 9.
676 3639 758 3686 ΑΙ.
787 3637 870 3686 ica.
899 3638 948 3686 J.
972 3638 1034 3683 V.
1061 3638 1118 3684 1..

607 3735 686 3768 10.
719 3719 832 3781 Qua
853 3727 933 3776 ce,
967 3716 1168 3764 Tubero.
1207 3713 1356 3763 Plane
1381 3713 1553 3762 absur-

531 3801 648 3850 dum
675 3807 779 3847 erat
801 3793 1052 3844 Tuberoni
1078 3795 1319 3858 Ligarium
1345 3792 1400 3840 in
1421 3793 1553 3854 judi-

531 3882 661 3930 cium
693 3874 977 3942 protrahere
1001 3889 1014 3923 :
1043 3889 1154 3922 nam
1181 3883 1232 3922 et
1264 3873 1368 3937 ipee
1393 3873 1557 3920 verbis

534 3963 634 4010 mi,
657 3954 976 4008 refellebam.
1005 3953 1132 4002 Nam
1155 3952 1198 4001 si
1222 3951 1382 4000 scelus
1405 3963 1480 4001 ent
1502 3953 1559 4002 in

537 4039 698 4088 Afric·
718 4034 966 4100 Ligarium
985 4033 1129 4084 finisse
1143 4067 1159 4094 ‚
1179 4032 1278 4082 hoc
1299 4047 1559 4082 commune

535 4135 644 4166 enm
673 4129 720 4164 te
762 4125 810 4162 et
848 4123 984 4178 patre
1016 4125 1102 4162 tuo
1135 4112 1310 4172 haben
1337 4115 1501 4178 itaque
1530 4130 1559 4161 a

1636 3162 1833 3226 gravina
1850 3162 2049 3212 Tubero
2064 3177 2122 3212 nc
2136 3175 2288 3228 pater,
2306 3177 2417 3212 nam
2432 3163 2483 3211 in
2498 3163 2663 3212 Africa

1637 3252 1815 3306 sponte
1836 3257 1921 3290 sua
1944 3253 2287 3292 remanserant.

1712 3336 1737 3368 1
1750 3335 1771 3368 1
1780 3355 1795 3368 .
1809 3319 2018 3370 Deliaco.
2032 3322 2309 3370 Tuberonis
2320 3320 2481 3369 verbis
2494 3321 2666 3381 utitur,

1639 3399 1728 3464 qui
1766 3400 1955 3458 fut-inu·
1994 3415 2138 3450 enum
2182 3401 2417 3450 delictum
2436 3435 2451 3458 ,
2487 3397 2665 3464 Ligarii

1638 3489 1803 3528 autem
1818 3479 2013 3544 culp-m
2032 3480 2255 3530 voe-but.

1718 3573 1803 3606 xa.
1832 3559 1914 3607 Al.
1934 3559 2098 3626 igitew.
2125 3562 2253 3612 LV.
2278 3562 2333 3608 1..

1718 3637 1799 3686 13.
1816 3637 1901 3688 Al.
1919 3637 2124 3699 habent,
2138 3649 2266 3688 estet
2280 3639 2458 3688 adhue.
2476 3639 2591 3688 LV.
2610 3641 2666 3687 1..

1719 3723 1799 3772 ιι.
1827 3715 2081 3782 Profectus
2101 3731 2191 3768 est.
2218 3719 2401 3783 Incipit
2424 3717 2671 3783 Ligarium

1643 3795 1787 3861 culp·
1810 3795 2041 3857 liberare,
2072 3799 2157 3862 qui
2182 3799 2433 3864 profectus
2458 3799 2511 3846 in
2534 3797 2672 3845 Arri-

1644 3891 1751 3925 cam
1772 3875 1945 3934 fuerit,
1971 3893 2075 3927 non
2097 3889 2155 3927 nt
2175 3879 2280 3940 eius
2298 3887 2551 3926 aecusator
2570 3877 2673 3926 Tu·

1644 3954 1765 4004 bero
1778 3987 1797 4017 ‚
1812 3972 1969 4021 quum
1987 3957 2133 4006 civile
2150 3957 2329 4006 belham
2350 3957 2519 4006 tuh-et
2534 3968 2675 4006 oxon·

1646 4045 1751 4084 tum
1764 4069 1781 4093 ‚
1800 4035 1889 4086 aed
1907 4051 2061 4101 quum
2086 4036 2245 4085 civili·
2265 4033 2523 4085 ‹lt-cordia
2540 4033 2673 4084 nun·

1646 4113 1809 4162 adhuc
1830 4126 1951 4164 emet
1976 4115 2210 4180 euspicio,
