2996 4694
469 343 616 415 616
1095 344 1196 413 M.
1243 346 1318 413 Τ.
1371 345 1953 415 CICERONIS

465 482 614 540 tate
657 490 856 539 arma
879 480 1204 564 sumpta;
1235 464 1663 537 consulibus
1684 477 1735 555 ¹,
1771 464 2201 564 praetoribus
2218 522 2243 555 ,
2282 468 2593 542 tribunis

465 578 736 677 plebis,
773 575 1032 651 nobis²
1059 576 1625 675 imperatoribus
1651 576 2175 675 rempublicam
2204 578 2593 653 defenden-

463 688 632 759 dam
667 685 908 759 datam
945 712 963 756 ε
1011 684 1441 758 movebatur
1475 688 1721 758 animo
1741 741 1761 774 ‚
1804 700 1879 759 et
1918 689 2052 780 vir,
2080 689 2253 761 huic
2286 692 2595 789 imperio

463 798 970 871 amieisssimus
984 850 1006 886 ‚
1051 796 1144 869 de
1177 796 1406 870 salute
1443 797 1699 896 populi
1728 802 2010 871 romani
2046 800 2557 873 extimescebat
2572 856 2593 888 ‚

465 908 542 979 in
595 931 742 1005 qua
801 908 1018 979 etiam
1079 931 1286 978 snam
1341 908 1697 980 inclusam
1752 906 2047 980 videbat
2060 906 2113 980 ³.
2173 914 2261 982 ln
2310 934 2593 1007 summo

462 1032 704 1093 tamen
765 1020 1026 1089 timore
1084 1016 1605 1115 quiescendum
1674 1016 1813 1089 sibi
1878 1042 2033 1090 esse
2092 1018 2593 1091 arbitrabatur.

461 1130 775 1201 Maxime
809 1154 984 1202 vero
1007 1127 1480 1227 perturbatus
1511 1144 1651 1215 est,
1686 1143 1770 1199 ut
1794 1128 2069 1201 audivit
2088 1184 2108 1215 ‚
2149 1131 2482 1203 consules
2506 1156 2597 1202 ex

459 1238 664 1311 Italia
687 1238 1094 1338 profugisse
1111 1294 1134 1326 ‚
1165 1262 1571 1337 omnesque
1598 1240 2011 1311 consulares
2040 1241 2171 1336 (sic
2192 1243 2389 1313 enim
2416 1266 2599 1313 nun-

459 1346 804 1445 tiabatur)
819 1400 840 1437 ‚
873 1362 1222 1421 cunctum
1249 1364 1581 1421 senatum
1596 1345 1656 1437 4,
1688 1364 1915 1421 totam
1934 1350 2207 1423 ltaliam
2234 1374 2389 1423 esse
2416 1349 2597 1423 effu·

461 1484 636 1532 sam.
683 1457 978 1533 Talibus
1031 1460 1228 1531 enim
1273 1460 1549 1531 nuntiis
1588 1474 1663 1531 et
1706 1459 2125 1534 rumoribus
2178 1460 2473 1560 patebat
2506 1460 2598 1532 ad

343 1590 360 1607 ‘
462 1571 838 1643 Orientem
871 1572 984 1640 via
1003 1624 1025 1659 ‚
1063 1593 1200 1643 nec
1225 1568 1356 1641 ulli
1387 1574 1539 1642 veri
1572 1569 2224 1669 subsequebantur.
2258 1572 2451 1644 Nihil
2478 1572 2597 1643 ille

461 1678 554 1753 de
593 1678 1140 1753 conditionibus
1185 1684 1332 1753 tuis
1353 1671 1408 1769 ⁵,
1441 1680 1623 1752 nihil
1656 1680 1748 1752 de
1798 1682 2043 1755 studio
2080 1682 2487 1755 concordiae
2524 1696 2599 1755 et

459 1792 697 1889 pacis.
741 1790 923 1863 nihil
957 1790 1050 1864 de
1091 1793 1630 1893 conspiratione
1664 1791 2007 1867 audiebat
2048 1806 2416 1866 certorum
2460 1792 2593 1862 ho-

461 2030 614 2079 quum
649 2032 742 2067 uos
772 2018 983 2070 nonani
1007 2016 1290 2083 reipublic·
1314 2018 1484 2083 periti,

462 2095 688 2145 civilibus
722 2097 870 2153 rebus
901 2098 1080 2150 assueti
1119 2096 1293 2147 eodem
1331 2096 1484 2147 modo

461 2179 822 2241 peccaverimus
838 2178 862 2225 Ρ

529 2256 620 2305 Π.
677 2272 722 2307 1.
783 2256 1080 2307 Consulibus.
1139 2258 1198 2305 1..
1241 2256 1484 2315 Lentulo,

461 2336 520 2388 C.
553 2337 819 2400 Marcello,
857 2338 946 2404 qui
982 2353 1048 2388 eo
1087 2354 1221 2388 anuo
1259 2336 1487 2388 consules

460 2417 655 2466 fuerunt
672 2434 775 2483 quo
789 2417 971 2466 bellum
989 2417 1134 2466 civile
1155 2418 1347 2466 exarsit.
1359 2419 1485 2482 Qua

461 2509 539 2543 res
577 2496 650 2543 sic
687 2495 752 2545 ab
796 2497 910 2562 ipso
943 2495 1132 2545 casare
1175 2495 1486 2560 exponitur:

387 2631 392 2636 ,
439 2573 442 2580 “
463 2596 489 2617 α
509 2574 798 2623 Decus-titur
817 2574 881 2622 ιὰ
897 2573 1024 2622 illud
1040 2585 1314 2623 exn-omum
1337 2585 1485 2638 atque

461 2653 693 2702 ultimum
723 2653 819 2703 SC.
849 2667 952 2718 quo
989 2653 1084 2700 nisi
1113 2667 1258 2718 poue
1295 2653 1348 2700 in
1373 2651 1486 2717 ipso

463 2733 602 2781 urbis
655 2731 886 2781 incendio
945 2741 1092 2797 atque
1153 2731 1492 2796 desperatione

463 2811 686 2860 omnium
728 2811 900 2860 salutis
917 2845 934 2871 ,
983 2811 1197 2860 latorum
1247 2810 1450 2862 audacia
1469 2843 1490 2872 ‚

460 2907 726 2956 numquam
759 2899 874 2940 aute
915 2891 1178 2940 &sconsum
1215 2899 1325 2940 est:
1361 2891 1494 2938 Dent

461 2987 660 3035 operam
703 2970 928 3019 eonsules
943 3005 960 3031 ,
999 2980 1238 3038 pretores
1251 3003 1268 3030 ,
1305 2969 1494 3019 tribuni

464 3049 623 3114 plebis
637 3084 652 3107 ,
691 3049 876 3114 quique
913 3049 1236 3115 proconsules
1273 3058 1392 3097 sunt
1427 3047 1494 3097 acl

463 3130 651 3192 urbem,
679 3145 745 3179 ne
769 3129 894 3194 quid
921 3130 1196 3196 respublica
1213 3130 1492 3180 dsuimeuti

465 3211 627 3274 capiat
643 3231 689 3259 n.

538 3305 588 3338 2.
629 3288 790 3337 Plebis
803 3323 820 3344 ,
849 3287 1004 3338 nobie.
1037 3287 1172 3338 Male
1197 3287 1490 3353 quibusdam

465 3367 822 3433 exemplaribus
843 3365 1076 3418 novis.—-
1094 3365 1491 3433 Imperant-13:1³.

465 3451 740 3512 Imperator
755 3446 926 3496 titulus
943 3456 1046 3496 erat
1055 3445 1359 3496 honorificus
1377 3447 1494 3496 duci

469 3537 582 3592 post
602 3527 882 3585 victoriam,
914 3526 1018 3575 sive
1039 3543 1068 3576 a
1090 3537 1286 3586 senatu,
1307 3527 1412 3576 sive
1428 3527 1492 3576 ab

466 3607 688 3656 exercitu
713 3605 870 3656 datus.
897 3607 1070 3656 Cicero
1101 3607 1232 3673 ipse,
1265 3607 1492 3657 hostibus

469 3687 521 3735 in
553 3685 727 3736 Cilicia
762 3684 967 3736 devictis
981 3719 1000 3747 ,
1021 3685 1288 3751 imperator
1323 3687 1490 3752 appel-

464 3767 592 3815 latus
617 3775 722 3828 est,
754 3775 806 3814 et
841 3781 870 3813 e
905 3766 1160 3830 provincia
1193 3767 1350 3815 redux
1366 3803 1383 3828 ,
1402 3782 1490 3831 spe

469 3845 704 3910 triumphi
726 3855 864 3893 extra
889 3846 1184 3911 pomarium
1201 3847 1390 3894 mansit.
1413 3846 1489 3907 Ei,

467 3935 522 3973 ut
560 3923 758 3988 reliquis
798 3924 1176 3990 proconsulibus
1195 3959 1211 3983 ,
1253 3941 1282 3974 a
1319 3934 1490 3973 senatu

465 4001 773 4062 mandatum,
807 4015 866 4052 ut
899 4003 1122 4053 viderent
1153 4019 1218 4051 ne
1243 4003 1364 4067 quid
1399 4019 1490 4052 res·

466 4081 660 4145 publica
689 4080 965 4132 detrimenti
989 4092 1248 4147 pateretur.

1644 2019 1697 2069 3.
1721 2018 1972 2067 Inclusam
1988 2016 2597 2069 videbas..Al.1·nctasmn

1572 2113 1673 2147 esse
1689 2096 1912 2147 videbat.

1645 2184 1694 2233 4.
1720 2176 1771 2225 C.
1790 2186 2029 2223 senamm.
2052 2177 2232 2225 Lucan.
2250 2176 2482 2235 Phars.V,
2505 2176 2597 2226 30:

1572 2276 1596 2299 ι
1624 2289 1697 2309 ...
1724 2256 1979 2304 moerenfia
2026 2265 2158 2304 tecta
2212 2256 2375 2305 Cesar
2424 2256 2599 2317 babet,

1546 2398 1559 2410 ι
1575 2351 1847 2402 vacuasque
1870 2334 2044 2386 domos
2062 2369 2079 2394 ,
2107 2336 2335 2400 legesque
2368 2334 2563 2386 silentes
2578 2370 2597 2397 ‚

1574 2416 1845 2480 Clausaque
1884 2415 2080 2476 justitio
2114 2414 2242 2463 tristi
2284 2415 2389 2462 fora
2406 2436 2449 2462 n.
2481 2415 2599 2463 Post

1574 2493 1757 2543 cadem
1774 2493 1975 2544 Cauri·
1992 2493 2167 2544 Cicero
2191 2491 2390 2541 liberius
2412 2493 2597 2542 cladem
2679 2483 2703 2501 ⁶

1572 2573 1691 2622 belli
1716 2573 1875 2621 civilis
1898 2583 2063 2622 narrat
2088 2572 2305 2638 Philipp.
2328 2575 2379 2621 11
2394 2606 2409 2632 ,
2446 2589 2597 2638 quum

1576 2673 1601 2697 ι
1628 2651 1853 2702 cousfles
1900 2653 1971 2700 ait
2024 2669 2089 2702 ex
2134 2651 2277 2700 Italia
2332 2653 2561 2716 expulsos
2582 2689 2597 2714 ‚

1578 2747 1786 2797 cumque
1806 2731 1884 2780 bis
1907 2731 2001 2780 Cu.
2028 2731 2319 2795 Pompeium
2337 2764 2353 2788 ,
2394 2731 2481 2794 qui
2507 2729 2599 2779 im·

1580 2811 1703 2876 perii
1742 2811 1931 2859 romani
1976 2810 2145 2859 lumen
2180 2825 2239 2857 sc
2282 2809 2435 2858 decus
2476 2811 2599 2868 fuitz

1581 2904 1749 2937 omnes
1774 2887 2051 2938 consulares
2066 2887 2156 2952 qui
2180 2903 2271 2953 per
2289 2889 2601 2938 valitudinem

1582 2967 1783 3032 exsequi
1814 2969 1977 3036 sugam
2014 2967 2151 3016 illam
2186 2967 2471 3032 clademque
2509 2985 2603 3033 po-

1584 3047 1819 3107 tuisseut3
1848 3059 2081 3112 proteres
2099 3080 2115 3105 ,
2140 3047 2424 3111 praetorios,
2446 3047 2603 3096 tribu·

1580 3143 1673 3176 ια
1695 3128 1853 3194 plebis
1866 3163 1883 3190 ,
1906 3143 2131 3192 magnam
2154 3138 2343 3192 partem
2372 3139 2568 3175 senatus
2581 3161 2597 3188 ‚
2650 3149 2655 3155 ·

1582 3223 1777 3256 omnem
1821 3207 2041 3256 sobolem
2071 3206 2368 3269 iuventutis,
2404 3223 2601 3271 unoque

1578 3286 1731 3336 verbo
1762 3285 2113 3352 rempublicam
2140 3286 2391 3352 expulsam
2408 3319 2424 3344 ‚
2452 3297 2601 3350 atque

1580 3368 1947 3416 exterminatam
1970 3365 2169 3415 sedibus
2188 3368 2289 3415 suis
2304 3387 2348 3418 a.
2375 3367 2497 3414 Hac
2514 3381 2603 3413 au-

1580 3459 1679 3497 tem
1697 3448 1796 3497 hoc
1818 3447 1937 3496 loco
1964 3445 2127 3494 mollit
2140 3479 2157 3506 ,
2190 3457 2243 3495 et
2258 3445 2392 3495 falsis
2408 3456 2599 3494 tantum

1580 3527 1765 3576 nuntiis
1784 3525 2009 3575 delusum
2029 3527 2317 3588 Deiotarum
2340 3523 2577 3573 ostendit.

1652 3607 1701 3656 5.
1728 3604 1873 3655 Nihil
1894 3605 1979 3659 ille
2004 3604 2068 3653 da
2090 3603 2453 3653 condicionibus
2488 3603 2598 3651 me‘s.

1579 3688 1713 3750 Quas
1732 3686 1895 3736 ens-1·
1916 3684 2170 3735 offerebat.
2190 3709 2263 3721 —-
2287 3682 2457 3732 sendo
2482 3697 2601 3730 con-

1577 3764 1780 3815 cordia.
1803 3763 1933 3814 Vide
1954 3765 2079 3814 eu.
2104 3764 2194 3813 lib.
2216 3765 2241 3810 1
2260 3761 2323 3811 de
2346 3763 2469 3812 Bell.
2492 3761 2599 3811 civ.

1649 3845 1700 3894 6.
1729 3845 1977 3893 Cet-torum
2016 3843 2279 3892 hominum.
2314 3841 2429 3890 Seil.
2470 3843 2603 3890 Mar-

1578 3923 1718 3984 celli,
1752 3923 1985 3982 Lentuli,
2040 3923 2249 3972 Domitii
2266 3955 2285 3981 ‚
2324 3921 2600 3987 Scipionis,

1578 4004 1801 4066 Catonis,
1826 4013 1875 4052 et
1900 4003 2136 4069 cujusque
2162 4001 2337 4068 optimi
2354 4001 2493 4060 civis,
2508 4001 2601 4064 qui

1579 4083 1777 4133 Cusas-is
1796 4094 1923 4133 artes
1939 4093 1989 4131 et
2008 4082 2323 4132 ambitionem
2344 4091 2597 4131 noverant.
