2996 4694
466 386 607 472 324
1090 390 1189 457 Μ.
1238 391 1317 459 Τ.
1368 392 1950 460 CICERONIS

468 512 795 581 ditanum
816 510 891 579 in
910 510 1273 581 civitatem
1296 526 1618 581 nostram
1645 514 1872 610 recipi
1889 538 2044 583 non
2073 512 2368 585 liceret?
2391 510 2590 585 Nihil

470 636 577 693 est
636 621 829 690 enim
882 618 1073 689 aliud
1120 621 1197 689 in
1254 617 1606 705 foedere¹,
1663 623 1840 705 nisi,
1877 638 1964 693 ut
1999 648 2122 693 ru
2167 648 2254 693 ετ
2293 648 2588 695 nemu

466 756 611 801 mx
646 732 757 799 sit.
794 727 989 817 Quid
1022 726 1097 799 id
1126 726 1219 799 ad
1254 731 1666 801 civitatem?
1701 732 2138 827 Adjunctum
2173 733 2348 804 illud
2375 736 2586 804 etiam

468 856 611 926 est,
654 838 857 937 quod
900 863 1049 909 non
1094 853 1205 909 est
1240 841 1313 909 in
1352 840 1698 913 omnibus
1737 840 2134 914 foederibus
2167 871 2186 913 z
2225 848 2590 914 Man-:sra-

470 978 617 1023 nm
668 976 919 1021 rorum
976 974 1257 1021 nonum
1308 974 1624 1021 courum
1669 964 2194 1025 constitua-0².
2237 954 2322 1024 Id
2373 952 2594 1025 habet

470 1062 659 1133 hanc
688 1066 831 1131 vim
854 1116 875 1147 ,
914 1074 997 1131 ut
1022 1063 1115 1130 sit
1143 1060 1263 1131 ille
1292 1062 1367 1131 in
1393 1060 1672 1133 foedere
1703 1061 2020 1134 inferior.
2045 1067 2362 1135 Primum
2391 1060 2591 1133 verbi

466 1196 693 1270 genus
724 1170 867 1241 hoc
900 1169 1369 1241 conservandi
1384 1163 1440 1256 3,
1464 1196 1619 1267 quo
1645 1175 1872 1269 magis
1907 1179 1984 1243 in
2019 1174 2328 1272 legibus,
2373 1196 2588 1271 quam

464 1288 541 1354 in
580 1280 1005 1365 foederibuS,
1046 1282 1153 1351 uti
1196 1280 1548 1365 solemus,
1589 1284 2016 1380 imperantis
2045 1299 2190 1370 est,
2239 1308 2386 1355 non
2435 1308 2592 1381 pre·

466 1395 713 1465 cantis.
767 1390 1085 1477 Deinde,
1121 1416 1351 1487 quum
1394 1391 1688 1463 alterius
1739 1393 1996 1491 populi
2041 1395 2372 1491 majestas
2417 1418 2592 1465 con-

466 1504 733 1575 servari
760 1502 1097 1596 jubetur,
1148 1500 1241 1571 de
1282 1501 1512 1573 altero
1551 1502 1836 1591 siletur,
1878 1518 2074 1576 certe
2111 1505 2234 1575 ille
2273 1503 2594 1603 populns

466 1615 541 1683 in
580 1613 933 1710 superiori
972 1610 1389 1682 conditione
1424 1636 1788 1709 causaque
1827 1616 2150 1711 ponitur,
2193 1616 2404 1711 eujus
2447 1639 2594 1685 ma-

462 1725 681 1819 jestas
732 1720 1023 1793 foederis
1058 1722 1431 1792 sanctione
1470 1720 1906 1794 defenditur.
1953 1728 2036 1794 ln
2073 1749 2226 1821 quo
2273 1740 2428 1797 erat
2471 1748 2592 1796 ac-

468 1833 813 1903 cusatoris
850 1833 1351 1928 interpretatio
1392 1828 1690 1929 indigna
1745 1836 2259 1930 responsione,
2323 1838 2448 1932 qui
2495 1836 2594 1905 ita

468 1942 783 2029 dicebat,
816 1971 851 2005 α
882 1942 1185 2013 comiter
1212 1972 1247 2007 υ
1272 1966 1427 2013 esse
1470 1972 1506 2007 α
1537 1946 2070 2014 communiter⁴
2101 1972 2170 2015 n:
2194 1946 2595 2042 quasivero

466 2056 785 2153 priscum
822 2050 1157 2149 aliquod,
1194 2067 1323 2124 aut
1344 2051 1718 2123 insolitum
1753 2052 2058 2124 verbum
2085 2056 2594 2155 interpretare-

467 2179 609 2236 tur.
635 2168 933 2249 Comes,
970 2160 1307 2259 benigni,
1336 2159 1618 2248 faciles,
1657 2186 1908 2234 suaves
1937 2162 2270 2235 homines
2303 2190 2458 2237 esse
2489 2164 2594 2235 di·

468 2289 869 2362 cuntur,
901 2302 937 2337 κ
972 2273 1101 2370 qui
1156 2273 1425 2343 erranti
1454 2261 1485 2315 ⁵
1541 2274 1846 2343 comiter
1891 2289 2248 2345 monstrat
2299 2279 2526 2363 viam3
2561 2306 2598 2339 υ

470 2385 827 2484 benigne,
869 2398 943 2454 et
990 2407 1141 2454 non
1184 2397 1471 2480 gravate
1517 2409 1534 2450 :
1595 2413 1628 2448 α
1659 2375 2256 2456 communiter&
2297 2385 2596 2483 quidem

538 2547 681 2595 XVI.
714 2559 759 2591 1.
788 2541 943 2590 Aliud
964 2541 1015 2588 in
1032 2540 1245 2606 foedere.
1273 2543 1489 2592 Accusa-
1649 2545 1703 2593 3.
1747 2545 1964 2594 Omnino
2005 2547 2358 2610 preferendum
2404 2564 2596 2596 conser-

474 2639 553 2674 tor
576 2639 693 2674 eane
726 2621 873 2670 verba
900 2619 981 2668 illa
1012 2620 1252 2685 popnlum
1284 2621 1489 2670 fund·-
1577 2626 1856 2675 mmmv.
1879 2627 1933 2675 1..

472 2703 580 2754 fleri
596 2739 611 2763 ,
634 2717 695 2749 ex
731 2699 839 2747 aliis
876 2699 1077 2748 fortasse
1115 2700 1380 2749 foederihm
1407 2700 1491 2749 de-

472 2793 757 2850 amp-erat.

544 2879 595 2912 a.
654 2863 969 2910 Conservam.
1014 2866 1151 2910 Voce
1206 2861 1492 2927 imperativa

474 2959 665 3008 κωμι-
692 2942 747 2990 ἱιι
770 2941 959 3005 legibus
984 2941 1275 3000 melantia-3
1302 2957 1493 2989 necea-e

474 3033 547 3071 eat
564 3039 702 3080 eane,
726 3033 783 3070 nt
815 3021 897 3070 hic
923 3019 1163 3069 scribatur
1192 3031 1491 3070 conservato.

474 3103 691 3153 Verbum
712 3101 837 3150 illud
861 3101 1141 3148 admisimus
1168 3100 1281 3148 loco
1303 3115 1498 3148 comer-

480 3195 625 3231 vanto
645 3219 661 3245 ,
708 3180 847 3246 qnod
886 3179 1110 3228 Lambin.
1148 3179 1339 3238 edidit3
1383 3181 1496 3244 qnia

478 3262 731 3311 verisimile
763 3271 837 3308 eet
868 3259 1081 3324 phrasim
1114 3259 1247 3306 illam
1284 3259 1498 3323 pendero

476 3359 541 3390 ex
578 3340 735 3389 verbi·
773 3360 797 3382 ι
819 3353 938 3402 gene
971 3337 1211 3386 Gaditana
1240 3359 1285 3387 n.
1328 3339 1411 3386 sie
1444 3338 1497 3384 in

480 3419 661 3468 fodere
687 3433 798 3466 cnm
820 3416 996 3464 Etolie
1020 3417 1151 3474 icto,
1186 3414 1323 3479 qnod
1354 3415 1500 3462 refert

480 3497 647 3545 Livina
665 3529 682 3554 ,
738 3495 972 3558 scriptum
1030 3505 1103 3541 cet
1122 3529 1141 3554 ,
1189 3517 1215 3535 ι
1240 3493 1498 3558 imperinm

480 3577 874 3636 majestatemque
930 3571 1105 3636 populi
1144 3571 1335 3619 mmani
1381 3589 1500 3636 gena

480 3652 755 3702 AEtolornm
782 3659 1074 3698 conservato
1108 3665 1211 3697 aine
1247 3649 1366 3699 dolo
1406 3667 1502 3699 ma-

482 3731 537 3780 lo
552 3753 596 3778 ιι.
638 3735 757 3780 Hac
796 3739 900 3776 tota
939 3727 1207 3792 disputatio
1248 3729 1301 3779 in
1341 3732 1502 3780 verbis

486 3809 699 3878 pendet,
724 3817 773 3856 et
806 3807 1089 3855 tenuissima
1118 3815 1217 3866 αις
1252 3821 1504 3859 accusator

482 3889 665 3938 insulae
685 3888 889 3936 verbnm
906 3885 1339 3948 interpretabatur:
1362 3891 1504 3954 quod

482 3968 681 4034 quidem
718 3965 945 4016 Ciceroni
991 3963 1197 4011 multum
1243 3983 1358 4016 eane
1397 3971 1502 4034 ph..

484 4048 613 4108 cnit3
628 4063 741 4095 nam
764 4048 815 4094 in
831 4045 909 4093 hi·
924 4041 1266 4095 delectabant.
1290 4047 1355 4095 Bt
1372 4065 1502 4114 saepe

480 4127 551 4173 aie
562 4125 755 4187 jndice·
770 4123 864 4172 eibi
882 4121 1191 4171 conciliabat.

1651 2715 1699 2762 4.
1741 2706 2084 2756 communicer.
2147 2708 2378 2756 Invenias
2435 2719 2598 2755 tamen

1579 2783 1714 2848 apud
1739 2787 1968 2848 antiquo·
2005 2785 2212 2833 comiter
2241 2785 2374 2833 idem
2399 2801 2500 2834 ease
2522 2796 2600 2833 at·

1581 2879 1676 2926 que
1695 2863 2028 2911 communiter.
2055 2865 2138 2911 Sic
2157 2865 2210 2912 in
2233 2865 2446 2913 carmine
2467 2865 2600 2912 Mar-

1581 2941 1718 2989 tiano
1738 2941 1871 3006 apud
1895 2943 2004 2991 Liv.
2033 2941 2120 2990 lib.
2143 2945 2318 2992 XXVI
2338 2957 2354 2992 z
2393 2965 2420 2986 ι
2437 2945 2600 3008 Apol-

1547 3067 1556 3074 ,
1582 3020 1671 3068 lini
1689 3020 1943 3069 vovendos
1965 3035 2140 3070 censeo
2158 3021 2302 3070 ludos
2315 3056 2330 3082 ,
2351 3024 2435 3086 qui
2453 3033 2600 3086 qnot-

1583 3099 1723 3147 annie
1764 3103 1968 3148 comiter
1999 3101 2222 3165 Apollini
2263 3101 2385 3148 fiant
2404 3133 2419 3159 ,
2449 3117 2602 3164 quum

1585 3177 1799 3243 populns
1824 3178 2014 3227 dederit
2043 3196 2105 3227 ex
2145 3179 2348 3243 publico
2381 3192 2600 3242 partem:

1585 3257 1764 3322 privati
1779 3273 1897 3305 vero
1915 3258 2166 3305 conferant
2185 3273 2278 3323 pro
2295 3275 2348 3306 ae
2366 3261 2606 3324 §niaque--

1660 3336 1709 3383 5.
1754 3336 1855 3400 Qui
1893 3335 2108 3396 erranei,
2161 3347 2260 3386 etc.
2297 3341 2413 3386 Para
2441 3355 2606 3387 verane

1587 3415 1826 3472 Enniani,
1859 3414 1991 3478 apud
2017 3415 2123 3466 Cic.
2152 3414 2215 3463 de
2243 3415 2392 3466 offic.
2429 3419 2479 3480 1,
2513 3419 2603 3468 16:

1588 3515 1615 3536 ι
1631 3493 1700 3542 Ut
1721 3493 1873 3540 homo
1903 3494 1988 3558 qni
2017 3495 2198 3542 erranti
2235 3497 2439 3544 comiter
2465 3513 2608 3545 mon-

1587 3583 1706 3621 strat
1735 3573 1863 3619 viam
1878 3608 1894 3634 ,
1931 3572 2082 3635 Quasi
2121 3573 2286 3622 lumen
2326 3574 2388 3622 de
2423 3575 2608 3624 lumine

1589 3649 1823 3700 accendat
1843 3685 1860 3709 ,
1901 3651 2018 3699 facit
2035 3685 2052 3707 .
2081 3653 2150 3699 Ut
2177 3651 2492 3702 nihilominus
2511 3653 2608 3718 ipai

1586 3731 1775 3791 luceat,
1801 3745 1952 3792 quum
1972 3730 2250 3778 accenderit
2264 3751 2308 3778 ιι.

1659 3810 1712 3858 6.
1755 3807 2083 3866 Cotnmeem’eer
2122 3808 2318 3873 quidem
2352 3821 2478 3857 eene
2509 3827 2608 3858 non

1590 3885 1828 3934 convenit.
1842 3889 1927 3934 Est
1948 3903 1975 3933 a
2005 3888 2151 3934 veteri
2177 3887 2396 3935 editione
2421 3899 2468 3935 et
2491 3889 2609 3937 acri·

1563 3965 1690 4031 'ptis
1729 3966 1908 4013 noeti-ia
1951 3965 2211 4015 omnibns:
2253 3965 2492 4016 recentius
2524 3985 2610 4016 ex·

1590 4043 1697 4093 cuti
1739 4043 2040 4093 admiserunt
2061 4078 2076 4103 ,
2125 4067 2151 4086 -
2165 4045 2367 4093 comiter
2411 4045 2610 4111 quidem

1589 4135 1747 4182 σαι-ω,
1771 4141 1876 4172 non
1903 4127 2226 4173 communiter
2250 4126 2487 4174 convenit
2505 4147 2547 4174 -.
