2996 4694
1059 425 1837 502 ARGUMENTUM.
2469 449 2557 520 7·

469 549 705 608 alteram
743 555 810 604 ut
843 548 1124 606 Catonem
1163 568 1200 607 a
1237 548 1539 629 republica
1576 555 1928 619 removeret,
1964 563 2092 624 cap.
2122 545 2331 625 ²⁵·29·
2370 549 2511 606 Hanc

469 644 664 703 omnia
691 643 958 702 consules
989 641 1275 722 adjuvisse
1307 646 1607 724 queritur,
1650 663 1781 722 cap.
1812 641 1906 702 30.

545 745 674 801 Jam
709 739 783 799 de
811 739 1007 800 reditu
1033 759 1142 800 suo
1175 741 1316 819 quid
1343 755 1565 830 gestum
1592 741 1669 801 sit
1696 750 1968 812 enarrnt3
2002 739 2263 818 Pompeii
2289 739 2479 800 studia
2495 781 2515 811 ,

471 851 702 898 senatus
751 837 1051 899 decretum
1085 838 1210 918 jam
1251 859 1384 900 ann.
1421 838 1571 901 Urb.
1604 839 1754 920 695,
1788 835 2015 898 kalend.
2049 833 2177 914 jun.
2223 835 2511 896 referente

467 935 780 997 L.·Ninnio
819 934 956 996 trib.
991 937 1074 1015 pl.
1107 937 1324 997 factum
1341 979 1362 1012 ,
1405 936 1933 1017 promulgationem
1971 946 2107 992 octo
2142 931 2513 994 tribunorum

469 1032 900 1112 designatorum
947 1033 1219 1114 exponit3
1253 1034 1464 1095 deinde
1498 1033 1643 1116 quid
1671 1051 1825 1093 anno
1860 1043 2137 1112 sequente
2178 1043 2371 1090 actum
2404 1030 2511 1103 sit,

469 1131 532 1190 in
561 1130 764 1210 primis
789 1129 866 1191 de
899 1131 1083 1192 Sextii
1133 1143 1192 1190 et
1230 1131 1470 1192 Milonis
1512 1127 1983 1191 contentionibus
2021 1141 2083 1188 et
2124 1127 2399 1207 periculis
2432 1125 2513 1186 ob

468 1227 766 1288 Ciceronis
786 1241 847 1288 et
875 1226 1213 1308 reipublicae
1238 1228 1483 1290 salutem
1508 1227 1790 1309 susceptis
1814 1237 2046 1300 narrat,
2073 1245 2203 1306 cap.
2222 1225 2434 1294 ,θη-41..

543 1327 621 1386 Et
637 1323 776 1402 quia
795 1324 856 1383 in
877 1324 1239 1384 accusatione
1263 1324 1666 1386 Albinovanus
1688 1324 2059 1404 quasiverat,
2080 1341 2345 1402 quanam
2365 1333 2517 1381 esset

467 1419 568 1479 illa
597 1420 762 1479 natio
795 1419 1162 1500 optimatum,
1201 1420 1342 1481 buic
1383 1420 1693 1501 quastioni
1732 1420 1817 1481 sic
1857 1417 2174 1500 respondet
2191 1460 2208 1489 ,
2241 1431 2308 1478 ut
2330 1417 2515 1489 dicat,

465 1516 781 1596 populares
807 1515 1036 1591 vocari,
1063 1518 1164 1596 qui
1189 1535 1324 1596 quae
1349 1517 1593 1590 faciant,
1620 1535 1868 1597 quasque
1902 1515 2129 1589 dicant,
2156 1512 2515 1576 multitudini

461 1612 719 1692 jucunda
744 1631 870 1673 esse
895 1613 1078 1674 velint
1100 1635 1118 1671 τ
1150 1613 1253 1692 qui
1292 1625 1487 1674 autem
1528 1613 1612 1673 ita
1651 1631 1715 1674 se
1752 1625 1987 1694 gerant,
2032 1625 2102 1673 nt
2136 1631 2243 1672 sua
2271 1611 2515 1671 consilia

468 1709 692 1788 optimo
719 1710 931 1790 cuique
959 1707 1246 1789 probent,
1271 1711 1583 1790 optimates
1612 1707 1836 1770 haberi.
1862 1711 1990 1771 Hos
2019 1709 2197 1787 igitur
2222 1727 2297 1768 ex
2328 1708 2516 1768 omni·

465 1803 578 1864 bns
601 1804 913 1867 ordinibus
949 1825 1078 1867 esse
1105 1825 1297 1886 posse.
1334 1803 1731 1887 Optimatibus
1760 1817 1955 1866 autem
1985 1803 2354 1886 propositum
2391 1823 2516 1864 esse

469 1921 603 1964 cnm
633 1902 914 1984 dignitate
945 1903 1152 1964 otium.
1199 1907 1406 1983 Itaque
1435 1923 1542 1964 eos
1569 1903 1721 1964 tueri
1746 1901 1811 1962 in
1840 1900 2145 1982 republica
2176 1901 2515 1982 religion‘es,

467 1999 752 2080 auspicia,
787 2011 1106 2080 potestates
1121 2001 1561 2080 magistratuum
1574 2043 1593 2075 ,
1608 2012 1843 2060 senatus
1870 1999 2275 2060 auctoritatem
2288 2043 2307 2074 ,
2326 1999 2481 2078 leges
2498 2041 2514 2068 ‚

467 2115 692 2158 morem
725 2096 1008 2175 majorum
1021 2139 1042 2171 ,
1072 2095 1295 2175 judicia
1309 2139 1328 2170 ,
1365 2095 1826 2173 iurisdictionem
1840 2141 1860 2171 ,
1903 2095 2078 2157 fidem
2093 2139 2115 2169 ,
2158 2095 2512 2176 provincias,

465 2192 698 2272 imperii
720 2191 953 2252 laudem
967 2235 986 2266 ,
1019 2211 1146 2251 rem
1166 2192 1503 2268 militarem,
1526 2195 1817 2254 orarium.
1840 2193 2000 2256 otim
2022 2193 2198 2253 fuisse
2218 2207 2478 2272 tempora
2496 2237 2513 2264 ,

311 2272 320 2282 ⁵
445 2289 530 2379 ’in
564 2286 778 2369 quibus
805 2287 1191 2350 multitudinis
1231 2287 1486 2350 studium
1527 2289 1604 2349 ab
1639 2289 1889 2349 utilitate
1926 2285 2267 2369 reipublicae
2294 2287 2518 2347 discre-

467 2387 682 2467 puerit.
709 2390 880 2449 Nunc
905 2387 1029 2466 jam
1057 2385 1204 2447 nihil
1230 2405 1382 2457 esse,
1404 2385 1567 2464 quod
1592 2384 1849 2467 populus
1884 2403 1920 2444 a
1960 2384 2197 2445 delectis
2235 2382 2519 2464 principi·
2602 2392 2607 2395 '

466 2482 693 2569 busque
719 2484 1044 2558 dissentiat;
1089 2502 1211 2543 non
1241 2502 1366 2543 esse
1403 2501 1688 2543 novarum
1716 2501 1916 2543 rerum
1947 2480 2223 2561 cupidum
2243 2524 2263 2556 ,
2296 2491 2356 2541 et
2392 2466 2517 2547 otio

467 2599 575 2640 suo
596 2600 667 2641 ac
689 2578 967 2659 dignitate
994 2578 1202 2658 optimi
1233 2580 1511 2658 cujusque
1552 2590 1611 2637 et
1653 2577 1939 2637 universa
1970 2574 2307 2657 reipublicae
2330 2577 2516 2657 gloria

467 2676 762 2737 delectari.
794 2680 1002 2755 Itaque
1034 2674 1299 2735 homines
1338 2674 1643 2735 seditiosos
1676 2693 1746 2734 ac
1786 2672 2153 2734 turbulentos
2167 2717 2184 2748 ,
2213 2675 2319 2753 qui
2355 2674 2515 2733 nulla

460 2773 582 2851 jam
612 2770 918 2852 largitione
942 2772 1228 2852 populum
1263 2788 1569 2832 romanum
1596 2770 1889 2831 concitare
1923 2771 2174 2849 possint,
2200 2770 2516 2832 conductas

466 2868 685 2931 babere
726 2870 1036 2931 conciones
1049 2912 1068 2944 ,
1099 2869 1162 2931 b.
1203 2888 1256 2931 e.
1298 2869 1565 2932 homines
1612 2854 1845 2951 egentes
1889 2868 2084 2951 pretio
2122 2889 2193 2929 ac
2248 2868 2513 2929 mercede

467 2967 832 3040 conducere,
861 2979 930 3027 ut
957 2967 1018 3026 in
1049 2965 1427 3027 concionibus
1451 2980 1667 3048 praesto
1694 2970 1811 3027 sint
1829 3008 1849 3040 ,
1895 2978 1958 3026 et
1994 2986 2286 3027 assensum
2314 2966 2511 3025 bomi-

467 3062 639 3124 nibus
664 3064 1043 3139 turbulentis,
1070 3064 1174 3143 qui
1197 3084 1259 3125 se
1282 3066 1601 3145 populares
1622 3063 1855 3137 dicant,
1882 3062 2213 3143 praebeant,
2246 3080 2377 3142 cap.
2400 3070 2510 3133 44·-

469 3167 565 3240 49.
583 3162 810 3221 Horum
834 3159 1135 3221 hominum
1161 3160 1426 3221 mercede
1449 3158 1875 3221 conductorum
1896 3178 2092 3239 operas
2114 3159 2163 3217 si
2188 3176 2515 3218 removean-

468 3268 588 3328 tur,
613 3256 905 3317 existimat
937 3274 1140 3316 omnes
1181 3255 1340 3316 idem
1375 3253 1450 3315 de
1484 3254 1790 3336 republica
1832 3272 2103 3316 sensuros
2138 3252 2345 3314 videri.
2384 3258 2515 3316 Hoc

467 3353 674 3433 populi
687 3352 974 3432 judicium
997 3351 1186 3413 tribus
1203 3352 1450 3413 maxime
1477 3354 1625 3414 locis
1649 3352 1961 3432 significari
1984 3370 2157 3433 posse
2174 3393 2191 3422 ‚
2212 3352 2513 3425 concione,

467 3450 746 3523 comitiis,
782 3450 1055 3511 ludorum
1099 3448 1501 3530 (scenicorum)
1540 3449 2043 3529 gladiatorumque
2077 3450 2140 3529 (i.
2163 3468 2217 3509 e.
2244 3446 2513 3509 ludorum

470 3546 968 3628 gladiatorior-um)
999 3566 1290 3607 consessu.
1313 3552 1523 3628 Itaque
1543 3548 1657 3607 tria
1686 3548 1795 3607 ista
1815 3548 1899 3607 sic
1921 3547 2195 3627 exponit,
2225 3560 2294 3608 ut
2318 3566 2517 3609 exem-

471 3642 570 3722 pla
598 3661 633 3702 a
667 3643 1060 3707 benivolentia
1098 3642 1212 3703 sibi
1249 3642 1505 3715 absenti,
1535 3663 1717 3723 quum
1748 3644 1824 3704 de
1855 3642 2051 3705 reditu
2086 3660 2195 3705 suo
2226 3654 2515 3723 ageretur,

470 3749 715 3818 repetat.
745 3743 947 3821 Itaque
973 3740 1046 3801 ad
1079 3741 1390 3801 conciones
1415 3741 1609 3801 Clodii
1640 3742 1928 3803 neminem
1953 3742 2355 3821 incorruptum
2369 3783 2390 3814 ,
2417 3760 2517 3800 ne·

471 3836 686 3896 minem
709 3835 996 3916 integrum
1021 3837 1259 3913 adiisse,
1285 3838 1360 3899 ad
1388 3838 1621 3899 Lentuli
1662 3840 1919 3899 consulis
1964 3839 2307 3898 concionem
2348 3836 2423 3897 de
2454 3858 2517 3897 se

471 3930 729 3992 habitam
755 3951 1098 3995 concursum
1127 3935 1306 3995 totius
1328 3936 1533 4015 populi
1560 3954 1684 3995 esse
1712 3936 1958 4008 factum,
1989 3954 2121 4014 cap.
2150 3934 2241 3993 50.
2267 3934 2517 3995 Comitia

474 4049 655 4107 quum
688 4029 802 4090 alia
841 4029 957 4089 sint
999 4032 1188 4109 legum
1229 4031 1597 4091 ferendarum
1616 4074 1633 4105 ,
1663 4032 1775 4091 alia
1800 4032 2271 4110 magistratuum3
2314 4030 2375 4089 in
2402 4031 2517 4089 illis

476 4144 657 4203 quum
692 4138 895 4187 contra
919 4146 981 4185 sc
1007 4126 1104 4185 lex
1132 4129 1248 4189 lata
1275 4142 1422 4189 esset
1449 4128 1735 4189 neminem
1766 4146 1919 4201 esse,
1949 4126 2050 4207 qui
2074 4146 2133 4187 se
2164 4126 2359 4187 tulisse
2388 4126 2515 4186 suf-
