2996 4694
470 398 563 470 30
1100 391 1197 460 M.
1249 391 1325 459 T.
1380 391 1964 460 CICERONIS

558 519 685 591 XI.
714 517 849 588 Hic
872 527 1033 586 tum
1056 525 1344 584 senatus
1370 510 1748 598 sollicitum,
1776 535 1904 582 vos
1929 509 2211 608 equites
2228 521 2250 554 ¹
2285 513 2592 602 excitati,

466 629 667 704 Italia
704 637 965 697 cuncta
1008 635 1405 721 permota‚'
1436 645 1694 693 omnes
1737 620 2056 718 denique
2103 622 2431 694 omnium
2469 647 2593 721 ge-

468 761 727 812 nerum
756 751 973 832 atque
1004 730 1347 806 ordinum
1376 734 1566 804 cives
1593 755 1888 803 summae
1913 731 2328 831 reipublicae
2351 757 2393 804 a
2419 757 2596 804 con-

472 848 748 926 sulibus
790 860 1007 943 atque
1046 865 1088 912 a
1130 837 1431 913 summo
1456 842 1758 940 imperio
1795 840 2193 939 petendum
2229 867 2383 914 esse
2411 842 2599 912 auxi-

474 960 655 1032 lium
690 952 1249 1059 aaebitrabantum
1290 975 1522 1048 quum
1565 951 1670 1021 illi
1713 950 1848 1023 soli
1890 967 2162 1042 essent,
2207 966 2467 1051 praeter
2497 948 2601 1021 fu-

475 1071 753 1142 riosum
800 1065 1007 1136 illum
1060 1059 1476 1150 tribunum,
1529 1058 1676 1132 duo
1723 1061 2143 1161 reipublicae
2193 1061 2524 1134 turbines
2543 1071 2600 1145 ²,

478 1181 609 1278 qui
644 1202 797 1250 non
831 1171 1052 1246 modo
1098 1171 1574 1270 praecipitanti
1615 1174 1860 1270 patriae
1899 1197 2050 1244 non
2093 1170 2602 1259 subvenirent,

482 1289 611 1364 sed
654 1309 809 1360 eam
838 1282 867 1329 ³
924 1286 1137 1355 etiam
1176 1281 1481 1352 nimium
1525 1281 1730 1353 tarde
1762 1281 2146 1354 concidere
2189 1294 2604 1353 moererent.

482 1395 963 1496 Flagitabatur
1004 1390 1097 1463 ab
1137 1391 1249 1464 his
1282 1390 1613 1490 quotidie
1641 1417 1872 1491 quum
1905 1393 2215 1491 querelis
2240 1390 2607 1464 bonorum

484 1509 850 1590 omnium,
884 1517 1039 1574 tum
1075 1503 1291 1573 etiam
1332 1499 1671 1600 precibus
1705 1517 2033 1591 senatus,
2059 1519 2142 1574 ut
2177 1525 2412 1573 meam
2443 1527 2607 1573 cau-

484 1641 635 1690 sam
660 1615 1138 1712 susciperent,
1166 1626 1500 1710 agerent3
1531 1613 1801 1712 aliquid
1825 1613 2145 1710 denique
2167 1613 2254 1685 ad
2281 1627 2606 1685 senatum

484 1725 859 1802 referrent.
890 1723 981 1794 Hi
1006 1745 1161 1793 non
1186 1720 1407 1793 modo
1432 1721 1800 1820 negando,
1826 1723 1948 1796 sed
1979 1725 2196 1795 etiam
2218 1722 2612 1812 irridendo,

488 1835 999 1936 amplissimum
1048 1855 1417 1928 quemque
1458 1831 1648 1903 illius
1697 1832 1970 1906 ordinis
2017 1831 2608 1931 insequebantur.

488 1951 622 2020 Hic
648 1944 890 2018 subito
925 1967 1155 2041 quum
1184 1940 1624 2015 incredibilis
1649 1944 1728 2013 in
1758 1943 2194 2042 Capitolium
2224 1941 2614 2014 multitudo

492 2081 583 2130 ex
630 2069 782 2128 tota
830 2050 1053 2141 urbe,
1110 2065 1518 2149 cunctaque
1568 2053 1771 2124 Italia
1818 2056 2265 2126 convenisset
2284 2108 2304 2143 ‚
2348 2068 2616 2126 vestem

494 2163 915 2240 mutandam
954 2187 1250 2250 omnes,
1297 2186 1561 2259 meque
1613 2167 1826 2235 etiam
1875 2169 2079 2236 omni
2119 2165 2434 2252 ratione,
2475 2164 2622 2262 pri-

494 2292 663 2351 vato
712 2275 1014 2349 consilio
1056 2271 1450 2372 (quoniam
1501 2273 1810 2373 publicis
1859 2274 2165 2347 ducibus
2214 2274 2622 2376 respublica

497 2387 859 2484 careret),
908 2382 1446 2457 defendendum
1501 2398 1870 2483 putarunt.
1919 2388 2090 2457 Erat
2139 2385 2394 2458 eodem
2437 2400 2626 2457 tem-

502 2523 681 2599 pore
732 2509 1019 2569 senatus
1060 2494 1137 2564 in
1177 2492 1331 2565 aede
1376 2493 1796 2567 Concordiae
1819 2498 1874 2581 ⁴,
1916 2495 2119 2594 quod
2161 2498 2402 2593 ipsum
2444 2511 2626 2568 tem-

501 2610 707 2708 plum
784 2600 1347 2702 repraesentabat
1438 2607 1860 2676 memoriam
1949 2606 2361 2679 consulatus
2437 2604 2626 2689 mei,

506 2739 737 2815 quum
784 2712 967 2784 flens
1015 2712 1393 2783 universus
1441 2711 1628 2785 ordo
1670 2717 2158 2787 cincinnatum
2188 2710 2219 2759 ⁵
2259 2714 2630 2787 consulem

506 2826 805 2899 orabat:
846 2844 1015 2892 nam
1066 2819 1247 2891 alter
1301 2821 1419 2893 ille
1464 2820 1807 2897 horridus
1853 2840 1927 2897 et
1977 2850 2265 2898 severus
2301 2822 2634 2897 consulto

502 2962 578 3011 se
621 2933 821 3007 domi
866 2930 1307 3003 continebat.
1348 2934 1508 3021 Qua
1553 2948 1710 3006 tum
1751 2936 2093 3036 superbia
2127 2960 2420 3009 coenum
2458 2930 2635 3007 illud

510 3071 594 3119 ac
628 3044 827 3117 labes
874 3040 1292 3140 amplissimi
1326 3043 1599 3117 ordinis
1638 3070 1888 3145 preces
1909 3102 1930 3139 ,
1969 3062 2040 3120 et
2081 3048 2634 3121 clarissimorum

578 3264 673 3314 11.
704 3278 754 3312 ι.
786 3262 883 3309 Vos
896 3258 1090 3325 equites.
1111 3258 1373 3308 Praeseutes
1396 3260 1530 3323 iudi-

509 3360 589 3394 ces
610 3358 626 3393 ε
656 3358 766 3390 nam
793 3354 855 3389 ex
876 3338 1033 3387 tribus
1068 3338 1324 3389 ordinibus
1344 3342 1532 3402 judicit

437 3406 447 3418 ’
508 3421 793 3472 const-bant
806 3453 821 3479 ,
849 3418 1090 3467 senatorio
1107 3452 1125 3479 ,
1151 3421 1363 3483 equestri
1378 3457 1394 3482 ‚
1420 3420 1531 3488 ple-

510 3502 639 3551 heio.

582 3596 633 3629 α.
664 3576 911 3627 Tur-bins.
938 3576 1051 3625 Piso
1076 3584 1126 3625 et
1150 3577 1388 3627 Gabinius
1407 3613 1422 3637 ,
1445 3580 1531 3643 qui

512 3676 667 3725 remp.
704 3655 1025 3723 procellarum
1066 3656 1219 3705 instar
1248 3658 1497 3718 jactabant
1516 3692 1531 3719 ‚

511 3738 901 3800 seditionumque
926 3734 1102 3786 fluctus
1129 3739 1457 3789 concitabant.

582 3822 632 3869 3.
655 3816 755 3865 Sed
768 3832 892 3864 eam.
921 3816 1071 3865 Abest
1090 3832 1217 3866 eam.
1239 3818 1289 3865 J.
1306 3820 1369 3867 V.
1392 3818 1447 3866 L.

580 3907 633 3957 4.
660 3900 716 3944 In
744 3896 852 3943 cede
876 3894 1183 3945 Concordia.
1213 3896 1322 3959 Qus
1348 3896 1401 3945 in
1426 3896 1531 3945 ede

510 3978 691 4025 factum
727 3984 801 4022 est
828 3972 1063 4023 Cicerone
1091 3974 1289 4023 consule
1320 3986 1531 4024 senatus·

510 4054 785 4103 consultum
812 4051 875 4100 de
910 4052 1173 4114 coniuratis
1204 4053 1487 4103 occidendis
1513 4070 1529 4105 ε

510 4134 623 4183 ideo
642 4132 747 4193 suhi
754 4130 839 4179 icit
858 4144 875 4179 z
899 4152 927 4174 α
946 4130 1093 4192 Quod
1117 4131 1277 4195 ipsum
1296 4132 1530 4198 templum

1615 3262 1987 3329 repraesentabat
2033 3264 2314 3315 memoriam
2358 3260 2636 3311 consulatus

1615 3344 1709 3392 mei
1727 3360 1782 3393 n:
1806 3359 1899 3407 qus
1924 3345 1985 3393 de
2008 3361 2061 3394 re
2080 3345 2132 3393 in
2155 3344 2424 3409 Philippica
2439 3344 2517 3391 V:
2537 3340 2636 3386 ⁸111

1615 3423 1738 3487 bac,
1771 3424 1963 3489 inquit,
1988 3426 2108 3475 cella
2143 3422 2430 3475 Concordia
2469 3418 2544 3485 (ο
2566 3416 2636 3465 dxi

1616 3504 1908 3552 immortales
1923 3502 1994 3569 l),
2013 3508 2066 3554 in
2083 3521 2178 3569 qua
2201 3517 2278 3551 me
2302 3498 2498 3551 consule
2516 3498 2639 3546 salu-

1619 3594 1744 3632 ures
1770 3584 2020 3631 sententiae
2038 3584 2182 3631 ‹lictae
2202 3592 2312 3629 sunt
2328 3616 2343 3639 ‚
2372 3578 2548 3645 quibus
2574 3574 2638 3624 sd

1618 3660 1744 3709 banc
1764 3662 1894 3709 diem
1911 3663 2118 3711 viximus
2135 3700 2150 3723 ,
2172 3678 2282 3711 cum
2302 3660 2472 3725 gladiis
2489 3652 2640 3705 homi-

1617 3757 1703 3789 nes
1728 3741 1956 3789 collocati
1981 3752 2114 3790 stsnt
2126 3764 2169 3790 ιο.
2255 3724 2262 3737 ’

1691 3818 1738 3868 5.
1771 3818 2105 3868 Cincinnatum
2129 3820 2389 3869 consulem.
2413 3813 2492 3863 Ad
2514 3826 2636 3859 con-

1617 3908 1854 3962 temptum
1894 3914 1907 3947 :
1958 3898 2092 3963 quod
2141 3898 2459 3964 amplissimus
2511 3888 2636 3939 ordo

1618 3976 1966 4039 nequissimum
1999 3979 2245 4028 consulem
2258 4008 2274 4035 ,
2311 3973 2397 4037 qui
2431 3971 2522 4019 sibi
2556 3984 2639 4017 m-

1619 4055 1834 4104 lsmistro
1875 4074 2062 4106 comam
2105 4059 2158 4105 iu
2193 4053 2445 4103 cincinnos
2479 4052 2634 4101 intor-

1618 4146 1812 4200 queret,
1845 4152 1956 4185 cum
1975 4136 2200 4199 lacrymis
2216 4140 2392 4207 pretet.
