2996 4694
489 368 584 450 αι.
1129 363 1228 432 Μ.
1277 363 1357 431 T.
1413 359 1981 431 clcERoms

482 488 817 560 tribunus
843 482 1076 582 plebis
1103 483 1643 554 nancisceretur
1660 478 1745 570 ³³,
1778 480 1956 579 quid
1982 479 2213 553 dicam
2240 486 2619 558 consules?

481 597 789 668 hoccine
826 608 911 666 ut
937 619 1073 692 ego
1111 593 1472 693 appellem
1510 595 1811 663 nomine
1848 616 2213 664 eversores
2244 594 2463 690 hujus
2494 599 2619 668 im-

481 707 716 808 perii?
754 705 1164 805 proditores
1215 717 1469 775 vestrae
1514 700 1920 798 dignitatis?
1963 701 2207 774 hostes
2248 701 2613 778 bonorum

483 817 872 890 omnium?
927 818 1058 913 qui
1123 811 1216 884 ad
1279 809 1673 883 delendum
1732 827 2102 910 senatum,
2150 810 2611 912 affligendum

484 942 896 1026 equestrem
933 922 1266 996 ordinem
1285 919 1374 1007 ¹4,
1405 919 1919 1018 exstinguenda
1946 924 2188 994 omnia
2206 923 2371 1017 jura
2396 937 2613 1022 atque

479 1039 810 1110 instituta
833 1035 1192 1130 majorum
1209 1085 1230 1118 ‚
1264 1055 1342 1102 se
1375 1030 1517 1102 illis
1546 1029 1859 1102 fascibus
1884 1035 2287 1129 ceterisque
2316 1034 2611 1132 insigni-

479 1149 622 1220 bus
657 1148 920 1220 summi
960 1144 1265 1214 honoris
1300 1156 1521 1239 atque
1560 1142 1847 1240 imperii
1886 1156 2185 1214 ornatos
2226 1167 2381 1215 esse
2418 1143 2611 1216 arbi-

483 1255 901 1330 trabantur?
919 1257 1250 1344 Quorum
1268 1304 1289 1341 ‚
1317 1275 1449 1349 per
1473 1250 1649 1322 deos
1684 1252 2125 1323 immortales
2145 1304 2166 1339 ‚
2192 1252 2250 1323 si
2280 1252 2609 1325 nondum

480 1365 752 1439 scelera
777 1364 1227 1458 vulneraque
1259 1361 1501 1432 inusta
1522 1358 1933 1460 reipublicae
1959 1362 2177 1434 vultis
2205 1361 2565 1434 recordari
2586 1417 2607 1452 ‚

472 1477 762 1546 vultum
823 1487 1045 1569 atque
1097 1472 1456 1544 incessum
1510 1471 1767 1542 animis
1818 1472 2265 1543 intueamini.
2308 1474 2611 1545 Facilius

472 1583 658 1656 facta
707 1606 962 1654 eorum
1006 1593 1394 1652 occurrent
1439 1578 1809 1652 mentibus
1850 1583 2105 1652 vestris
2126 1635 2146 1669 ,
2190 1582 2250 1652 si
2287 1605 2413 1653 ora
2452 1586 2615 1682 ipsa,

471 1693 698 1766 oculis
741 1690 1283 1789 proposueritis.
1560 1781 1565 1788 ἡ

391 1891 399 1898 ,
568 1805 761 1874 VIII.
793 1799 992 1872 Alter
1025 1802 1416 1898 unguentis
1441 1797 1749 1871 affluens
1766 1809 1823 1888 ¹,
1851 1799 2349 1872 calamistrata²
2376 1825 2603 1892 coma,

469 1913 876 2010 despiciens
909 1911 1241 1982 conscios
1293 1925 1711 2008 stuprorum
1734 1963 1755 1997 ,
1792 1933 1877 1982 ac
1918 1922 2196 1981 veteres
2233 1925 2605 1984 vexatores

469 2021 773 2092 aetatulae
821 2043 966 2092 suae
981 2017 1035 2108 ³,
1079 2019 1400 2119 puteali⁴
1439 2033 1515 2092 et
1554 2017 2073 2092 foeneratorum
2116 2019 2455 2117 gregibus
2490 2025 2603 2092 in-

467 2129 680 2218 flatus
731 2142 952 2227 atque
999 2129 1374 2228 perculsus
1396 2125 1448 2218 ⁵,
1504 2129 1679 2202 olim
1704 2181 1725 2218 ,
1778 2154 1873 2201 ne
1926 2129 2221 2227 Scyllaeo
2270 2129 2397 2201 illo
2446 2133 2603 2204 aeris

1648 2378 1698 2411 α.
1742 2360 2092 2411 calamistrata
2124 2378 2283 2411 coma.
2316 2364 2392 2411 De
2428 2362 2601 2413 eodem

1575 2442 1631 2488 in
1650 2440 1815 2489 eadem
1856 2441 2109 2489 oratioue:
2143 2462 2167 2483 ι
2192 2443 2292 2489 Gur
2320 2440 2375 2487 iu
2400 2440 2593 2500 lustris,

1577 2531 1627 2568 et
1677 2518 2058 2569 helluationibus
2096 2518 2243 2581 hujus
2284 2518 2592 2568 calamistrati

541 2362 629 2412 13.
665 2361 1050 2413 Naneisoemeur.
1087 2364 1198 2413 Fuit
1227 2364 1357 2413 enim
1383 2365 1490 2413 for-

466 2452 599 2489 tuna
624 2441 900 2506 cujusdam,
933 2454 990 2492 ut
1021 2444 1194 2491 eoda-
1225 2460 1354 2492 anno
1385 2444 1487 2492 duo

462 2518 774 2585 perditissimi
807 2522 1031 2569 consules
1063 2531 1248 2580 essent,
1276 2537 1488 2584 quorum

463 2608 668 2661 uterque
693 2614 804 2647 cum
828 2600 1030 2657 tribuno
1056 2600 1126 2664 pl.
1155 2600 1338 2649 Clodio
1363 2615 1488 2648 con·

461 2676 630 2725 sensit.

539 2762 625 2811 ¹4.
675 2754 1008 2822 Affligeudum
1051 2766 1312 2820 equestrem
1357 2756 1492 2804 ordi-

463 2848 592 2882 nem.
633 2833 830 2897 Spectat
867 2833 930 2881 ad
969 2833 1113 2888 illud,
1146 2833 1282 2899 quod
1321 2836 1375 2883 1..
1402 2836 1488 2883 Ln-

463 2911 638 2969 mhm,
676 2913 948 2977 principem
990 2914 1226 2977 equestris
1267 2914 1484 2973 ordinis,

460 3004 557 3053 pro
575 2990 734 3039 salute
751 2992 1007 3041 Ciceronis
1023 2992 1253 3040 acerrime
1272 3006 1489 3056 puguan-

459 3078 560 3117 tem
579 3104 597 3131 ‚
647 3069 886 3119 Gabinius
934 3069 1106 3119 consul
1151 3070 1206 3116 in
1251 3074 1486 3120 concione

457 3146 718 3210 relegavit,
741 3148 994 3213 edixitque
1010 3158 1068 3195 ut
1083 3147 1145 3196 ab
1157 3149 1278 3199 urbs
1299 3150 1486 3200 abesset

459 3226 612 3277 millia
647 3243 880 3291 passum
915 3228 1163 3278 ducenta:
1199 3228 1260 3276 ds
1289 3245 1392 3293 quo
1429 3230 1481 3279 in

457 3304 681 3352 oratioue
716 3314 832 3369 post
865 3305 1076 3353 reditum
1113 3306 1166 3353 iu
1202 3319 1398 3369 senatu,
1431 3319 1501 3357 et·

458 3398 539 3447 ep.
567 3382 632 3431 ad
657 3383 776 3431 Div.
801 3382 890 3433 lib.
911 3386 1008 3432 11.

525 3462 669 3510 vm.
703 3476 752 3510 ι.
786 3462 1053 3526 Unguentis
1071 3464 1298 3532 affluens.
1329 3467 1478 3517 Gabi·

453 3541 592 3587 nium
609 3538 876 3604 siguificat,
899 3542 986 3606 qui
1005 3543 1070 3592 ob
1085 3544 1336 3595 mollitiem
1357 3547 1477 3605 odo·

456 3618 575 3666 ratis
619 3618 895 3683 liquoribus
947 3624 1324 3686 perfundebatur
1353 3643 1366 3675 ε
1413 3626 1476 3674 de

457 3712 560 3760 quo
593 3706 644 3744 et
681 3698 736 3745 iu
771 3702 990 3750 oratione
1027 3714 1141 3767 post
1175 3704 1384 3753 reditum
1421 3706 1476 3752 in

452 3784 661 3823 acuatu:
688 3796 714 3817 α
727 3776 817 3824 Ille
831 3812 850 3839 ‚
869 3780 1052 3845 inquit,
1065 3787 1327 3846 unguentis
1348 3782 1474 3831 obli-

452 3862 532 3901 tus
557 3852 710 3903 irrisit
733 3856 1000 3919 squalorem
1025 3872 1237 3911 vesu-um
1259 3876 1318 3923 »ς
1345 3871 1397 3908 et
1419 3861 1474 3907 in

451 3930 675 3980 orations
727 3934 780 3982 in
825 3937 1046 3987 Pisone·
1089 3954 1102 3989 z
1151 3962 1177 3982 ιι
1209 3942 1358 3988 Erant
1401 3938 1472 3985 illi

451 4009 639 4073 compti
663 4012 848 4076 capilli,
876 4026 926 4065 et
946 4018 1191 4067 madentes
1213 4018 1472 4065 cincinno-

450 4102 560 4134 rum
581 4084 782 4140 fimbrias
803 4113 847 4142 ιο.

1576 2598 1815 2647 saltatoris
1849 2608 1947 2655 tam
1980 2598 2157 2647 eximia
2192 2598 2349 2645 virtus
2382 2607 2483 2645 tam
2510 2596 2601 2646 diu

1578 2678 1816 2726 cessavit?
1834 2698 1863 2720 a
1888 2689 1937 2727 st
1964 2688 2078 2742 post
2100 2675 2309 2725 melitum
2330 2676 2385 2724 in
2404 2686 2601 2733 sumtu,

1579 2754 1641 2804 de
1665 2756 1835 2805 eodem
1856 2771 1872 2809 ε
1892 2778 1919 2799 ιι
1933 2759 2307 2821 Unguentorum
2328 2754 2473 2813 odor,
2494 2755 2597 2803 vini

1576 2834 1813 2883 anhelitus
1830 2870 1845 2894 ,
1910 2836 2047 2884 frons
2106 2834 2369 2883 calamistri
2426 2844 2595 2882 notata

1576 2914 1787 2979 vestigiis
1806 2936 1832 2957 a
1857 2930 1871 2963 ε
1904 2924 1977 2962 est
1992 2924 2149 2963 autem
2172 2914 2497 2963 calamistrum
2522 2922 2597 2961 te·

1574 3006 1670 3040 nne
1704 2994 1883 3041 ferrum
1897 3026 1913 3052 ,
1949 3010 2050 3058 quo
2084 2994 2137 3041 in
2172 2994 2333 3041 cinere
2358 2992 2611 3040 calefacto·

1573 3072 1845 3136 crispantur
1895 3072 2061 3136 capilli
2079 3108 2095 3135 ,
2146 3072 2279 3121 unde
2340 3070 2467 3119 fiunt
2520 3070 2595 3118 illi

1571 3160 1814 3217 tamquam
1836 3152 2007 3201 annuli
2020 3185 2036 3211 ,
2062 3152 2151 3215 qui
2176 3150 2393 3199 cincinni
2412 3163 2592 3196 vocau-

1572 3240 1689 3280 tur:
1720 3230 2031 3295 intorquebat
2068 3230 2218 3293 igitur
2256 3228 2353 3275 sibi
2389 3224 2594 3289 capillos

1570 3310 1841 3359 calamistro
1866 3310 2106 3359 Gabinius
2138 3306 2313 3355 consul
2329 3337 2348 3366 ,
2372 3304 2590 3365 mollIor,

1569 3398 1715 3451 atque
1760 3388 2101 3443 effeminatior,
2142 3400 2289 3449 quam
2342 3394 2393 3433 et
2438 3385 2591 3433 astatis

1562 3465 1721 3527 illius,
1747 3478 1797 3515 et
1822 3468 1952 3527 ejus,
1977 3480 2125 3529 quam
2151 3461 2448 3520 sustinebat,
2472 3480 2587 3529 per-

1564 3560 1698 3593 sono
1723 3544 1935 3608 dignitas
1958 3541 2159 3591 ferebat.

1634 3624 1685 3671 3.
1734 3622 1972 3670 AEtatuloe
2014 3636 2135 3669 aua.
2180 3620 2283 3683 Qui
2319 3620 2439 3670 oli-
2482 3622 2587 3682 ejus

1562 3700 1849 3767 pudicitiam
1882 3715 1973 3764 per
2000 3712 2239 3746 nmmum
2272 3698 2485 3749 dedecus
2508 3708 2587 3747 at-

1562 3780 1817 3835 triverant.

1634 3866 1684 3915 4.
1726 3855 1936 3907 Puteoli.
1974 3857 2173 3908 RasilIca
2206 3859 2303 3908 fuit
2337 3872 2365 3905 a
2399 3853 2587 3903 Libone

1562 3947 1806 3988 exstructa
1822 3971 1837 3995 ,
1905 3935 1959 3987 in
2006 3954 2101 4003 qua
2152 3938 2375 3987 fenebres
2426 3948 2584 3983 causo

1560 4016 1845 4082 agebantur.

1634 4096 1681 4145 5.
1708 4094 1913 4163 Irfiatus
1938 4107 2087 4160 aeque
2108 4092 2373 4159 perculsus.
2396 4092 2583 4140 Locum
