2996 4694
372 407 1478 430 mmmssmmmmmm
1483 409 2498 434 mmmmmmmtsss

878 619 1999 809 ARGUMENTUM.

376 895 548 950 Anno
579 888 727 950 Urb.
767 889 937 948 cond.
972 907 1120 962 7oo‚
1151 891 1221 946 Τ.
1255 888 1477 948 Annius
1509 889 1682 962 Milo,
1741 893 1803 949 P.
1833 891 2055 952 Plotius
2087 897 2400 972 Hypsaeus,
2453 911 2512 958 et

455 991 531 1059 Q.
558 987 829 1046 Metellus
862 985 1060 1064 Scipio
1093 985 1457 1043 consulatum
1490 987 1822 1066 petierunt:
1851 1009 1968 1066 quo
2002 1003 2266 1068 tempore
2290 997 2354 1052 P.
2379 993 2516 1053 Clo-

454 1085 587 1144 dius
610 1099 923 1163 praeturam
951 1082 1228 1142 ambibat.
1264 1087 1465 1160 Longa
1498 1103 1643 1142 vero
1667 1069 1790 1162 'jam
1833 1085 2054 1145 dudum
2097 1109 2229 1147 eum
2265 1091 2418 1150 inter
2459 1105 2519 1152 et

454 1183 737 1241 Milonem
762 1181 899 1240 odia
926 1193 1300 1253 exarserant3
1327 1200 1578 1258 quorum
1617 1183 1680 1240 in
1721 1183 1926 1261 primis
1969 1186 2266 1245 Ciceronis
2301 1188 2362 1246 in
2408 1210 2516 1268 pa-

455 1280 625 1339 triam
652 1278 902 1350 reditus,
931 1298 1103 1337 causa
1126 1279 1315 1337 suerat
1340 1292 1399 1337 et
1422 1281 1709 1338 materies.
1733 1281 2024 1340 Intellexit
2043 1283 2262 1360 optime
2282 1285 2520 1347 Clodius

456 1395 575 1434 non
618 1377 786 1434 facile
822 1375 935 1434 sibi
967 1375 1231 1434 futurum
1260 1374 1682 1453 rempublicam
1709 1389 2002 1449 evertere,
2044 1379 2092 1437 si
2129 1381 2276 1438 Milo
2319 1384 2518 1442 consul

454 1475 917 1530 renuntiaretur:
946 1491 1081 1529 nam
1104 1483 1261 1528 certe
1290 1471 1463 1529 latius
1492 1471 1772 1550 grassanti
1794 1473 1946 1531 viam
1978 1474 2076 1533 ille
2112 1489 2238 1534 erat
2269 1480 2521 1556 praeclu-

456 1587 642 1626 surus.
674 1569 882 1645 Itaque
909 1568 1067 1626 omni
1096 1585 1211 1646 ope
1238 1566 1485 1626 adnixus
1513 1579 1629 1640 est,
1661 1583 1728 1626 ut
1747 1568 1956 1627 Miloni
1985 1570 2322 1646 obsisteret,
2354 1594 2519 1634 com—

455 1665 804 1748 petitoribus
846 1666 1015 1738 savit,
1064 1664 1371 1744 pecuniam
1416 1683 1532 1748 per·
1563 1664 1819 1723 infimam
1866 1666 2095 1744 plebem
2141 1671 2520 1751 spargendam

456 1764 711 1834 curavit,
757 1762 1083 1841 saepiusque
1126 1761 1359 1824 comitia
1406 1781 1514 1840 per
1555 1761 1673 1818 vim
1720 1763 1780 1821 in
1823 1783 2030 1844 campo
2075 1765 2521 1834 disturbaverat.
2605 1827 2610 1840 ,

459 1865 585 1918 Nec
612 1874 799 1918 tamen
828 1859 1037 1917 Miloni
1060 1877 1295 1937 quoque
1318 1858 1574 1915 fautores
1592 1856 1860 1932 deerant,
1879 1862 2224 1942 quotiesque
2241 1867 2412 1925 nimis
2435 1887 2526 1926 ar-

458 1970 735 2035 roganter
763 1975 889 2016 sese
910 1955 1160 2033 jactaret
1188 1957 1251 2012 P.
1282 1951 1475 2013 Clodii
1505 1953 1742 2012 andacia
1759 1997 1776 2026 ,
1815 1975 1910 2014 res
1941 1959 2146 2032 armis,
2173 1979 2282 2039 per
2302 1961 2525 2039 gladia—

460 2069 615 2113 tores
630 2097 648 2126 ,
691 2051 1130 2112 decernebatur.
1192 2051 1288 2111 Sic
1340 2050 1651 2129 sepissime
1697 2051 1861 2110 varia
1905 2067 2226 2134 pugnatum
2270 2057 2521 2118 fortuna.

460 2152 673 2210 Acrius
704 2151 927 2210 interea
954 2149 1016 2207 in
1047 2147 1171 2207 dies
1200 2148 1451 2239 accensis
1480 2148 1684 2206 animis
1701 2192 1719 2221 ,
1763 2146 1982 2208 diutius
2009 2149 2144 2209 odia
2178 2151 2278 2211 illa
2309 2153 2522 2214 confla-

464 2269 663 2328 grare,
692 2262 753 2308 et
772 2247 1011 2308 excitari
1038 2267 1157 2306 non
1184 2259 1489 2326 poterant,
1513 2246 1656 2325 quin
1682 2247 1962 2307 alteruter
1979 2250 2216 2310 omnino
2235 2253 2526 2332 opprime-

462 2362 645 2409 retur.
678 2350 1059 2409 Occasionem
1096 2367 1218 2405 non
1257 2347 1339 2405 ita
1376 2344 1451 2405 ab
1485 2344 1654 2406 Urbe
1691 2345 1901 2425 procul
1943 2347 2062 2409 fors
2105 2350 2334 2410 obtulit.
2374 2353 2522 2412 Milo

458 2446 782 2505 Lanuvium
822 2444 1105 2523 petierat,
1152 2442 1226 2500 ad
1254 2442 1544 2501 flaminem
1576 2441 1972 2521 prodendum,
2005 2445 2360 2526 Clodiusque
2399 2451 2522 2527 pri-

458 2543 555 2602 die
584 2562 719 2603 cum
750 2542 987 2620 triginta
1018 2538 1439 2619 gladiatoribus
1474 2539 1731 2598 Ariciam
1765 2555 1890 2600 erat
1919 2542 2236 2621 profectus.
2279 2550 2522 2605 Romam

460 2642 690 2703 rediens
734 2660 921 2722 prope
966 2639 1210 2699 fundum
1250 2658 1419 2699 suum
1458 2638 1669 2697 Miloni
1705 2640 1992 2700 occurrit:
2021 2642 2175 2701 inter
2220 2646 2522 2724 utriusque

460 2760 661 2799 servos
702 2740 829 2799 rixa
872 2739 1013 2798 levis
1053 2740 1309 2818 primum
1351 2736 1687 2795 exorditur:
1719 2756 1898 2815 quum
1927 2758 2068 2797 vero
2095 2738 2336 2800 Clodius
2359 2761 2530 2800 arro-

462 2839 689 2917 gantius
726 2838 789 2896 in
831 2836 1217 2896 Milonianum
1258 2834 1596 2894 comitatum
1635 2835 1905 2894 incedere
1934 2837 2265 2911 videretur,
2309 2840 2528 2913 Birria,

463 2955 613 2993 unus
643 2955 677 2992 e
703 2932 1154 3015 gladiatoribus,
1177 2933 1485 2990 humerum
1513 2930 1648 3007 ejus·
1671 2930 1870 2990 lancea
1899 2934 2140 3011 trajecit.
2166 2934 2312 2993 Inde
2330 2955 2530 3013 pugna

463 3032 662 3111 ingens
680 3076 697 3105 ,
728 3032 789 3089 in
824 3033 983 3110 ipsos
1016 3049 1298 3089 conversa
1326 3026 1608 3085 dominos.
1639 3027 1844 3085 Rheda
1874 3030 2020 3088 Milo
2055 3026 2398 3107 'vehebatur,
2423 3052 2530 3111 pe-

466 3128 695 3186 nulatus
724 3127 958 3206 quidem
976 3146 1139 3199 ,cum
1166 3145 1376 3198 uxore,
1397 3136 1456 3183 et
1482 3128 1649 3187 Fufio
1667 3123 1922 3202 quodam
1947 3126 2216 3184 familiari
2242 3146 2378 3199 suo;
2413 3129 2529 3188 cir-

466 3223 828 3283 cumstabant
882 3222 1053 3303 pueri
1098 3234 1159 3279 et
1208 3221 1459 3293 ancillae3
1502 3220 1604 3280 sed
1650 3238 1832 3298 quum
1879 3220 2079 3298 paucis
2127 3234 2260 3280 ante
2325 3224 2532 3285 diebus
2595 3246 2606 3260 ·

467 3320 708 3380 Clodius
728 3342 799 3380 se
818 3320 1028 3380 Miloni
1053 3338 1254 3378 necem
1283 3318 1554 3378 daturum
1572 3317 1931 3396 jactavisset,
1957 3319 2310 3396 sequebatur
2331 3322 2532 3401 ingens

468 3434 771 3477 servorum
800 3430 1153 3476 armatorum
1180 3416 1684 3494 gladiatorumque
1723 3432 1942 3491 agmen.
1982 3415 2175 3474 Clodii
2213 3417 2384 3477 turba
2415 3440 2531 3480 nu-

467 3532 631 3573 mero
665 3514 874 3586 minor,
902 3534 936 3573 a
966 3513 1304 3572 Milonianis
1332 3532 1612 3591 oppressa
1643 3523 1759 3581 est,
1796 3511 2168 3590 graviterque
2197 3514 2532 3576 vulneratus

469 3610 740 3683 Clodius,
783 3610 845 3668 in
882 3610 1207 3688 proximam
1251 3608 1553 3668 tabernam
1598 3627 1632 3666 a
1671 3606 1788 3666 suis
1828 3621 1916 3667 est
1956 3607 2196 3667 delatus.
2221 3614 2384 3671 Jaeta
2407 3628 2533 3673 erat

468 3708 630 3767 alea:
674 3708 873 3784 itaque
921 3706 1067 3764 Milo
1120 3726 1216 3765 res
1266 3719 1556 3765 extremas
1613 3704 1872 3783 experiri
1921 3704 2207 3781 decrevit3
2255 3722 2532 3789 ratusque

467 3804 772 3873 Clodium,
806 3804 855 3862 si
888 3820 1165 3879 umquam
1207 3823 1242 3861 a
1272 3800 1613 3861 vulneribus
1641 3798 2091 3876 convalesceret,
2124 3806 2310 3863 multo
2343 3808 2532 3864 acrius

468 3901 885 3982 rempublicam
916 3899 1301 3978 agitaturum,
1329 3899 1675 3978 imperavit,
1713 3912 1778 3957 nt
1805 3898 2030 3959 foribus
2061 3900 2322 3961 tabernas
2349 3902 2533 3961 effra—

394 4031 401 4041 ·
470 4001 609 4073 ctis,
652 4018 787 4057 eum
826 3996 1178 4076 gladiatores
1217 4015 1457 4075 quoquo
1496 3996 1675 4055 modo
1721 3997 1849 4055 neci
1899 3994 2127 4055 darent.
2175 4002 2310 4056 Non
2356 3998 2536 4057 dilata

470 4116 589 4168 res,
618 4095 901 4174 brevique
931 4090 1121 4153 Clodii
1154 4073 1403 4151 cadaver
1436 4112 1470 4151 e
1503 4091 1743 4151 taberna
1785 4104 2175 4170 protractum,
2225 4094 2533 4172 multisque

2130 4186 2243 4259 30.
