2996 4694
512 389 647 463 532
1159 394 1255 461 M.
1308 394 1384 461 T.
1437 395 2009 466 CICERONIS

503 539 670 599 νος,
711 519 1042 611 inquam,
1088 514 1404 612 imploro
1433 530 1655 613 atque
1692 531 1938 605 testor,
1972 540 2288 615 vosque,
2325 519 2646 594 Albano-

505 650 666 697 rum
711 622 990 695 obrutae
1045 648 1217 712 arae,
1271 650 1669 712 sacrorum,
1696 628 1952 726 populi
1991 630 2273 700 romani
2322 633 2530 703 sociae
2570 649 2643 706 et

503 736 811 833 aequales
823 732 881 823 ⁴,
915 758 1110 832 quas
1155 734 1306 823 ille,
1352 760 1671 836 praeceps
1707 741 2050 824 amentia,
2088 742 2283 833 caesis
2324 758 2643 839 prostra-

500 847 742 942 tisque
775 845 1232 916 sanctissimis
1279 846 1492 935 luciS‚
1528 845 2152 919 substructionum
2186 849 2454 921 insanis
2490 875 2643 923 mo·

499 954 690 1029 libus
723 970 1176 1055 oppresserat
1207 982 1224 1025 :
1267 970 1524 1027 vestrae
1561 970 1720 1029 tum
1758 981 1929 1045 arae,
1962 972 2215 1029 vestrae
2245 960 2643 1057 religiones

495 1071 912 1164 viguerunt3
965 1080 1198 1137 vestra
1237 1070 1344 1163 vis
1403 1066 1659 1156 valuit,
1704 1092 1923 1165 quam
1970 1067 2092 1140 ille
2130 1070 2331 1146 omni
2366 1071 2639 1144 scelere

499 1177 858 1277 polluerat
889 1204 904 1245 ε
959 1192 1182 1273 tuque
1212 1202 1300 1247 ex
1343 1192 1475 1249 tuo
1514 1178 1709 1249 edito
1748 1192 2028 1263 monte,
2060 1180 2355 1251 Latiaris
2395 1197 2641 1254 sancte

495 1293 800 1386 Jupiter,
829 1288 1037 1384 cujus
1065 1285 1182 1359 ille
1203 1286 1400 1359 lacus
1419 1277 1472 1376 ⁵,
1510 1310 1843 1375 nemora,
1868 1287 2199 1388 finesque
2229 1315 2417 1391 saepe
2436 1294 2641 1364 omni

498 1398 780 1469 nefario
833 1410 1088 1495 stupro
1149 1411 1224 1468 et
1281 1398 1551 1470 scelere
1610 1397 2037 1485 macularat,
2100 1399 2497 1498 aliquando
2546 1404 2638 1475 ad

499 1534 670 1580 eum
724 1506 1178 1606 puniendum
1225 1508 1478 1579 oculos
1518 1510 1911 1607 aperuistis
1964 1507 2173 1581 vobis
2208 1511 2383 1598 illae,
2433 1510 2639 1583 vobis

450 1704 454 1707 ,
501 1633 740 1689 vestro
772 1618 845 1687 in
881 1630 1278 1715 conspectu
1315 1642 1488 1689 serae
1501 1612 1558 1707 δ’,
1598 1618 1726 1691 sed
1754 1618 1961 1714 justae
1996 1634 2239 1691 tamen
2275 1634 2349 1692 et
2380 1619 2638 1693 debitae

497 1753 732 1826 poenae
769 1727 1023 1799 solutae
1053 1741 1246 1797 sunt.

588 1834 743 1911 'Nisi
790 1837 976 1909 forte
997 1850 1022 1895 7
1078 1838 1222 1909 hoc
1273 1840 1490 1910 etiam
1534 1862 1703 1909 casu
1756 1837 2025 1910 factum
2074 1864 2231 1911 esse
2268 1838 2636 1931 dicemus,

496 1963 607 2034 ut,
669 1962 838 2019 ante
899 1950 1143 2045 ipsum
1195 1950 1585 2019 sacrarium
1630 1952 1846 2019 Bonae
1895 1952 2103 2036 Deae,
2152 1948 2356 2047 quod
2401 1966 2511 2022 est
2556 1952 2633 2023 in

496 2057 723 2129 fundo
759 2064 837 2129 T.
877 2060 1100 2129 Sextii
1129 2057 1351 2143 Galli,
1384 2059 1460 2128 iu
1495 2060 1747 2156 primis
1776 2057 2065 2129 honesti
2093 2072 2167 2130 et
2193 2060 2433 2130 ornati
2464 2059 2637 2131 ado·-

497 2170 871 2254 lescentiS,
911 2184 1080 2239 ante
1116 2169 1388 2266 ipsam,
1434 2169 1737 2263 inquam
1776 2171 2049 2237 Bonam
2092 2171 2364 2257 Deam,
2407 2194 2635 2266 quum

495 2280 820 2378 praelium
865 2278 1380 2366 commisisset,
1435 2278 1755 2376 primum
1798 2276 1979 2352 illud
2024 2278 2291 2350 vulnus
2333 2302 2634 2379 accepe-

462 2393 818 2487 ·rit,·quo
861 2391 1302 2460 teterrimam
1348 2383 1987 2472 mortemobiret⁸
2036 2417 2053 2460 τ
2096 2404 2181 2460 ut
2223 2416 2395 2470 non,
2422 2390 2631 2464 abso-

495 2503 690 2572 lutus
741 2497 1020 2595 judicio
1075 2499 1273 2595 illos»,
1303 2496 1595 2574 nefario
1654 2497 2056 2587 videretur,
2114 2498 2241 2570 sed
2296 2498 2385 2571 ad
2442 2499 2631 2572 hanc

494 2612 853 2708 insignem
893 2605 1187 2705 poenam
1222 2622 1645 2680 reservatus.

565 2816 614 2863 4.
640 2803 796 2852 Socia-
817 2814 866 2851 et
884 2803 1114 2868 oequales.
1158 2800 1400 2852 Sacrificia
1434 2802 1519 2851 ina
1606 2815 1747 2866 runt,
1776 2818 1833 2854 ut
1858 2775 2058 2857 numina
2090 2805 2227 2872 ipsa,
2250 2821 2363 2870 qun
2388 2805 2595 2855 vioiarat
2614 2843 2632 2872 ,

492 2885 677 2936 Latinis
699 2901 812 2934 cum
842 2885 1034 2949 populo
1063 2898 1265 2931 romano
1297 2898 1519 2931 commu·
1609 2885 1848 2932 teterrima
1870 2902 1956 2934 sua
1976 2896 2136 2932 morte
2160 2893 2397 2949 pasceret.

493 2968 572 3016 uia
599 2967 831 3024 fuet-unu
856 2977 886 3012 a
911 2964 1180 3028 Tarquinio
1209 2963 1436 3028 Superbo
1461 2963 1517 3013 iu

491 3047 773 3100 memoriam
815 3044 905 3094 icti
949 3042 1148 3092 foederis
1179 3043 1316 3092 fuere
1373 3042 1518 3091 insti·

499 3139 620 3176 tuta.
645 3124 1034 3176 Celebrabantur
1051 3121 1314 3188 quotannis
1337 3111 1364 3168 a
1386 3123 1517 3169 Lati-

493 3206 570 3254 nis
590 3204 869 3254 civitatibus
891 3214 1079 3268 septem
1105 3212 1153 3250 et
1172 3200 1514 3265 quadraginta

489 3302 602 3350 quae
620 3301 732 3332 eum
757 3273 948 3348 populo
971 3297 1174 3330 romano
1199 3280 1253 3327 in
1270 3279 1517 3328 Albanum

491 3374 708 3412 montem
733 3362 1092 3411 conveniebant
1121 3359 1183 3406 ad
1205 3369 1396 3406 taurum
1420 3358 1514 3405 La-

492 3443 595 3493 tiali
611 3444 728 3491 Jovi
749 3439 1117 3489 sacrificandum
1133 3474 1149 3498 ‚
1165 3440 1305 3500 cujus
1327 3447 1515 3502 partem

491 3521 871 3584 uniuscujusque
896 3518 1109 3567 civitatis
1134 3517 1348 3582 populus
1382 3515 1512 3563 acci-

489 3603 672 3670 piebat.

562 3686 611 3735 5.
650 3679 798 3746 Cujus
833 3678 919 3728 ille
955 3679 1109 3727 lacus.
1138 3676 1258 3723 Tres
1287 3676 1340 3722 in
1374 3676 1513 3732 Latio

490 3769 622 3815 fuere
656 3761 790 3810 lacus
807 3793 821 3819 ,
855 3773 983 3806 unus
1009 3755 1354 3813 Nemorensis,
1391 3755 1515 3802 alter

487 3851 740 3898 Juturnae,
767 3837 938 3888 tertius
971 3847 1020 3884 et
1053 3833 1272 3882 omnium
1300 3833 1513 3881 celeber-

487 3927 637 3974 rimus
660 3920 895 3969 Albanus.

555 4007 603 4052 6.
644 4003 792 4049 δἐι-ω’.
833 3995 1112 4045 Potuissent
1139 4007 1252 4038 sane
1291 3990 1359 4038 dii
1387 3989 1505 4039 Clo-

1682 2979 1733 3024 7.
1756 2961 2025 3029 ΝὺίῙονω.
2050 2963 2284 3012 Ostendit
2300 2977 2446 3028 quam
2466 2962 2633 3013 abma-

1606 3039 1724 3089 dnm
1765 3054 1891 3092 esset
1928 3042 2151 3109 profiteri
2190 3043 2417 3092 Clodium
2456 3059 2559 3092 non
2600 3061 2630 3092 a

1605 3122 1887 3170 numinibus
1926 3123 2071 3171 fuisse
2118 3137 2433 3186 oppressum,
2475 3138 2629 3186 quum

1604 3211 1681 3248 tot
1699 3211 1749 3249 et
1774 3211 1905 3249 tanta
1925 3211 2183 3250 occurrant
2203 3201 2319 3250 sacti
2340 3201 2472 3250 illius
2490 3217 2631 3267 argn-

1604 3290 1782 3328 menti.

1678 3360 1723 3407 8.
1746 3358 2055 3408 Peter-rimam
2074 3369 2275 3408 mortem
2286 3357 2445 3407 obiret.
2461 3361 2626 3423 Quum

1604 3435 1666 3486 de
1684 3438 1863 3487 Clodio
1885 3452 1913 3485 a
1934 3438 2123 3486 Milone
2140 3438 2305 3486 occiso
2326 3441 2502 3502 agitur,
2521 3455 2629 3487 ver-

1599 3515 1675 3563 bis
1695 3532 1794 3564 rem
1816 3516 1942 3565 velat
1964 3528 2146 3575 orator,
2168 3527 2223 3564 ut
2239 3533 2384 3581 supra
2405 3519 2629 3583 exposui-

1600 3611 1723 3644 mus.
1760 3595 1885 3658 mo,
1918 3611 2021 3645 uon
2050 3597 2151 3657 jam
2190 3595 2348 3659 Milo,
2380 3595 2466 3644 sed
2502 3596 2571 3645 dii
2598 3615 2624 3646 a

1601 3673 1783 3722 Clodio
1804 3689 1973 3738 poenas
2001 3674 2267 3739 repetivere
2292 3687 2307 3722 t
2334 3675 2501 3738 itaque
2524 3691 2625 3723 rem

1602 3752 1745 3816 plane
1772 3751 1993 3814 judicum
2030 3753 2187 3801 oeulis
2225 3753 2625 3802 contrectandam

1599 3833 1869 3895 patefacere
1900 3843 2025 3880 ‘non
2084 3831 2275 3880 dubitat
2294 3866 2310 3893 ,
2368 3833 2626 3897 verbisque

1600 3912 1743 3959 etiam
1769 3911 2035 3976 amplificat
2058 3909 2383 3974 gravioribus.

1670 4007 1720 4054 9.
1740 3989 1939 4040 Iudicio
1964 3991 2070 4039 mo.
2094 3990 2173 4037 ob
2197 3987 2425 4038 violatam
2449 3999 2623 4055 stupro

486 4085 618 4131 dium
641 4099 668 4128 e
693 4077 854 4126 medio
875 4075 1046 4123 tollere
1069 4087 1221 4135 quum
1244 4068 1508 4118 seditiones
1594 4069 1745 4116 Bonae
1760 4071 1872 4118 Deae
1886 4070 2167 4133 religionem
2185 4070 2234 4115 in
2248 4069 2487 4130 judicium
2508 4085 2623 4133 pro·

485 4165 655 4210 Romae
695 4159 912 4216 foveret3
943 4153 1026 4200 sed
1067 4165 1261 4216 poenam
1303 4147 1506 4198 distule-

1596 4157 1776 4196 traetus
1804 4149 2009 4197 Clodius
2025 4183 2040 4206 ‚
2068 4149 2271 4212 pecunia
2295 4147 2484 4208 judiees
2509 4163 2623 4197 cor-
