2996 4694
467 355 609 427 216

1113 356 1209 423 M.
1259 356 1338 423 T.
1391 354 1950 425 CICERONIS

457 480 618 550 miis
679 475 1134 573 eloquentiae,
1201 488 1400 545 tanta
1462 473 1835 572 voluptate
1912 470 2203 545 dicendi
2230 467 2292 517 ¹⁶
2314 528 2332 559 ,
2396 488 2599 545 tanta

464 586 787 671 laude¹⁷‚
851 598 1050 655 tanta
1117 587 1342 683 gratia
1367 576 1454 671 ¹⁸,
1518 598 1723 687 tanto
1787 583 2175 667 houm-12¹9,
2240 598 2387 653 tam
2450 584 2601 655 sint

461 700 674 797 pauci
691 708 780 785 ²⁰,
835 720 1268 794 semperque
1309 692 1584 765 fuerint
1607 748 1627 779 ‚
1663 694 1793 792 qui
1840 694 1916 763 in
1968 692 2111 764 hoc
2142 691 2389 765 labore
2434 717 2601 765 ver-

461 810 762 883 sentur?
825 804 1258 878 Obterendae
1317 820 1492 877 sunt
1548 828 1799 876 omnes
1828 804 2305 901 .voluptates;
2372 804 2598 874 relin-⁶

461 919 754 1018 quenda
809 917 1045 990 studia
1097 916 1629 1005 delectationis»,
1676 912 1994 1010 judices;
2046 911 2300 1003 ludus7
2347 914 2595 1008 jocus,

539 1079 620 1127 16.
645 1078 806 1125 Tanta
829 1075 1086 1139 voluptate
1111 1072 1322 1123 dicendi.
1353 1072 1484 1121 vide

463 1155 597 1223 apud
628 1156 856 1205 Tacitum
891 1154 1140 1217 dialogum
1179 1152 1240 1201 de
1265 1151 1484 1201 Oratori-

459 1237 580 1295 bus,
607 1251 715 1299 cap.
735 1232 785 1281 6.
814 1231 1008 1281 'rullius
1031 1231 1092 1280 de
1121 1232 1353 1289 Oratore,
1389 1230 1482 1279 lib.

461 1318 511 1363 11
535 1330 551 1364 ε
583 1311 759 1377 «Quid
778 1314 906 1360 enim
935 1324 1010 1359 est
1036 1322 1121 1359 ant
1147 1321 1243 1359 tam
1278 1309 1484 1358 admira·

463 1394 580 1454 bile,
603 1408 748 1457 quam
771 1407 834 1439 ex
856 1389 1050 1441 infinita
1071 1389 1384 1437 multitudine
1399 1390 1487 1438 ho·

463 1472 650 1521 minum
678 1470 906 1519 exsistere
931 1485 1108 1527 unum,
1139 1468 1226 1533 qni
1260 1468 1314 1517 id
1349 1468 1487 1533 quod

463 1550 692 1599 omnibus
717 1560 885 1597 natura
912 1549 976 1597 sit
997 1549 1162 1597 datum
1179 1582 1196 1609 ‚
1213 1547 1292 1595 vel
1317 1548 1454 1597 solus
1468 1583 1484 1609 ,

463 1630 544 1680 vel
561 1645 676 1679 cum
699 1630 870 1694 paucis
893 1630 1052 1677 facere
1070 1623 1267 1693 possit?
1285 1638 1372 1675 aut
1387 1636 1486 1675 tam

459 1709 734 1773 jucundum
789 1708 1025 1772 cognitu,
1080 1718 1228 1771 atque
1279 1706 1450 1755 auditu
1469 1740 1484 1763 ‚

465 1804 612 1853 quam
635 1786 936 1853 sapientibus
955 1784 1211 1835 sententiis
1237 1786 1488 1851 gravibus-

466 1883 564 1933 que
609 1866 774 1915 verbis
839 1876 1010 1914 ornata
1063 1866 1227 1915 oratio
1279 1876 1328 1915 et
1379 1882 1490 1931 per-

465 1947 624 2011 polita
641 1946 664 1994 Ρ
685 1967 712 1987 a·

543 2042 626 2088 ¹7·
649 2027 812 2073 Tama
839 2022 1007 2074 laude.
1024 2022 1154 2073 Vide
1171 2024 1308 2088 apud
1326 2022 1486 2073 Tacit.

469 2104 650 2169 dialog.
677 2105 739 2153 de
763 2104 899 2153 Orat.
927 2120 1035 2168 cap.
1069 2120 1120 2165 7.
1146 2103 1274 2153 Plin.
1294 2104 1492 2163 Junior,

467 2185 616 2249 epist.
640 2200 670 2233 2
685 2218 704 2245 2
717 2182 808 2233 lib.
829 2186 879 2233 11
899 2199 912 2233 :
933 2205 958 2227 α
974 2182 1312 2245 Numquamne
1331 2182 1492 2247 legisti

467 2264 765 2313 Gaditanum
793 2263 1051 2329 quemdam
1069 2264 1129 2311 Τ.
1148 2262 1273 2309 Livii
1293 2263 1492 2311 nomine

471 2344 726 2410 gloriaque
766 2353 1067 2392 commotum
1086 2375 1102 2402 ,
1139 2340 1204 2388 ad
1240 2340 1493 2390 visendum

468 2441 582 2474 eum
605 2426 668 2474 ab
695 2425 869 2473 ultimo
895 2435 1130 2472 terrarum
1151 2421 1272 2469 orbe
1291 2422 1493 2491 venisse,

471 2505 730 2569 statimque
755 2519 814 2552 ac
839 2502 1052 2562 viderat,
1078 2501 1252 2551 abiisse
1263 2523 1304 2547 ιι.

549 2583 632 2631 18.
660 2584 818 2632 Tama
851 2582 1039 2647 potia.
1079 2579 1266 2630 Eodem
1297 2579 1492 2644 dialogo

472 2663 536 2710 de
581 2661 872 2710 Oratoribus
909 2675 923 2708 :
977 2681 1000 2703 ι
1035 2662 1236 2723 Quanto
1287 2659 1494 2723 quique

469 2740 584 2806 plus
618 2739 830 2789 dicendo
868 2749 1086 2802 poterat,
1127 2749 1266 2787 tanto
1305 2738 1495 2788 facilius

471 2821 687 2868 honores
729 2817 1072 2882 assequebatur
1095 2834 1112 2876 ς
1163 2827 1300 2866 tanto
1343 2818 1493 2883 magis

475 2901 544 2948 iu·
585 2899 709 2964 ipsis
769 2897 1046 2946 honoribus
1097 2897 1307 2961 collegas
1377 2915 1494 2946 snos

474 2977 723 3036 anteibat3
779 2986 919 3026 tanto
973 2976 1087 3040 plus
1132 2975 1266 3039 apud
1308 2978 1493 3042 princi-

473 3075 560 3123 pes
611 3057 803 3124 gratie,
849 3057 966 3122 plus
1006 3057 1310 3106 auctoritatis
1359 3057 1494 3122 apud

474 3149 660 3202 patres,
679 3137 796 3203 plus
819 3137 1008 3186 notitia
1033 3152 1092 3184 ac
1119 3137 1337 3186 nominis
1359 3137 1493 3204 apud

472 3218 666 3284 plebem
691 3217 916 3283 parabat;
951 3216 1068 3266 huic
1093 3217 1330 3268 clientela
1347 3220 1494 3268 etiam

472 3309 746 3347 exterarum
793 3297 1048 3346 nationum
1085 3298 1489 3348 redundabant».

469 3378 727 3439 Valerius,
749 3377 840 3428 lib.
867 3379 1024 3436 vm,
1063 3393 1174 3442 cap.
1199 3379 1228 3426 8
1259 3393 1273 3426 :
1311 3400 1337 3420 α
1355 3377 1492 3440 Quid

464 3456 594 3506 inter
629 3456 930 3506 Pisistratum
969 3467 1018 3504 et
1061 3457 1294 3506 Periclem
1335 3456 1490 3505 iuter-

465 3536 596 3583 fuit?
621 3535 718 3582 nisi
747 3535 883 3598 quod
905 3535 988 3583 ille
1013 3546 1249 3596 armatus,
1275 3535 1359 3584 hic
1385 3537 1490 3584 sine

462 3615 610 3664 armis
635 3613 946 3678 tyrannidem
985 3616 1131 3680 gessit
1151 3637 1196 3664 a.
1233 3614 1491 3678 Appianus

463 3692 551 3742 lib.
585 3693 657 3740 lv
695 3691 819 3741 Bell.
858 3693 968 3743 civ.
1009 3694 1296 3744 Ciceronem
1343 3693 1491 3743 tradit

466 3783 596 3822 tanta
621 3773 772 3838 gratia
799 3771 1019 3824 floruisse
1035 3809 1050 3834 ,
1071 3784 1129 3821 ut
1151 3789 1303 3837 quum
1328 3771 1490 3820 Caesar

463 3853 636 3910 armis,
695 3851 777 3902 ille
823 3851 1102 3916 eloquentia
1153 3849 1486 3902 monarchiam

466 3931 743 3981 obtineret:
769 3953 796 3974 c·
815 3930 992 3981 Cicero
1007 3965 1024 3990 ‚
1057 3931 1145 3994 qui
1163 3941 1278 3995 post
1296 3932 1356 3980 C.
1379 3931 1489 3982 Coe·

465 4027 618 4061 amm
643 4011 902 4060 maximam
929 4019 1222 4073 potestatem
1251 4009 1490 4070 habebat,

463 4100 645 4154 quanta
694 4105 796 4137 esse
839 4097 1007 4154 potest
1048 4087 1260 4138 oratoris
1297 4103 1488 4140 monar-

1574 1070 1687 1119 chia
1698 1089 1745 1120 ιο.
1764 1069 1969 1135 Egregie
1993 1068 2319 1134 eloquentiam
2356 1068 2600 1119 Lucianus

1575 1151 1799 1215 depinxit
1842 1150 1899 1197 in
1950 1149 2203 1199 rhetorum
2244 1160 2551 1215 preceptore
2584 1164 2600 1197 τ

1574 1234 1773 1295 «Ipsam
1799 1230 1855 1278 in
1877 1229 1991 1278 loco
2019 1228 2216 1277 excelso
2254 1228 2421 1277 sedere
2446 1228 2603 1295 finga-

1572 1326 1681 1357 mus
1695 1343 1710 1368 ,
1732 1310 1996 1358 formosam
2017 1309 2161 1373 plane
2183 1320 2233 1357 et
2254 1308 2375 1355 i’scie
2394 1308 2602 1357 honesta

1573 1399 1624 1438 et
1656 1388 1847 1437 liberali
1866 1405 1882 1449 ς
1926 1388 2094 1437 dextra
2138 1399 2291 1453 gestet
2330 1386 2601 1436 Amaltheae

1574 1485 1748 1531 cornu,
1767 1469 1927 1517 omnis
1948 1469 2139 1533 generis
2164 1467 2404 1517 fiuctibus
2422 1466 2603 1515 exube-

1575 1564 1689 1596 rans
1706 1563 1723 1611 3
1741 1548 1805 1595 ad
1825 1548 1995 1596 laevam
2010 1559 2195 1612 spectet
2218 1548 2410 1595 divitias
2431 1564 2601 1596 aureas

1532 1668 1541 1675 .
1575 1627 1721 1693 plane
1740 1639 1791 1677 et
1806 1628 2055 1687 amabiles3
2077 1638 2125 1675 et
2142 1626 2297 1691 gloria
2314 1638 2363 1675 et
2380 1628 2603 1691 potentia

1576 1708 1964 1767 circumsistunt,
1994 1719 2045 1757 et
2078 1707 2247 1757 laudes
2275 1709 2441 1772 parvis
2463 1722 2604 1757 atno-

1573 1788 1713 1837 rihus
1742 1782 1924 1837 similes
1963 1789 2094 1837 illam
2130 1789 2223 1836 hac
2260 1798 2312 1837 et
2347 1788 2459 1836 illac
2504 1788 2601 1835 cir-

1577 1869 1877 1917 cumvolent.
1905 1868 1989 1916 Ad
2016 1868 2151 1917 illam
2185 1883 2337 1932 quum
2374 1866 2603 1915 ascende-

1578 1948 1673 2007 ris,
1702 1964 1907 1997 uxorem
1934 1947 2113 2006 ducas,
2151 1958 2199 1996 et
2226 1947 2391 1995 omnia
2412 1946 2498 1995 illa
2520 1945 2605 1994 ha-

1576 2026 1723 2087 beas,
1752 2026 1976 2090 divitias,
2000 2026 2233 2090 gloriam,
2258 2026 2471 2097 honores
2483 2047 2529 2073 a.

1656 2121 1737 2169 19.
1780 2108 1941 2155 Tanto
1992 2105 2189 2154 honore.
2214 2104 2457 2153 Videlicet
2498 2104 2607 2153 elo-

1580 2184 1843 2250 quentibus
1876 2185 1942 2234 ad
1966 2184 2183 2233 honores
2208 2196 2261 2233 et
2296 2185 2605 2247 magistratus

1583 2264 1775 2314 facilem
1798 2262 1983 2313 aditum
2018 2275 2185 2329 patere
2221 2263 2471 2327 intelligit.
2499 2265 2605 2312 Au-

1583 2359 1691 2394 ctor
1712 2344 1895 2410 dialogi
1928 2345 1989 2394 de
2016 2344 2333 2396 Oratoribus:
2366 2368 2392 2388 ι
2412 2346 2518 2394 Hos
2554 2354 2605 2392 et

1582 2436 1807 2492 praturae
1846 2435 1897 2474 et
1934 2426 2217 2474 consulatus
2253 2441 2432 2473 vocare
2470 2424 2605 2474 ultro

1584 2505 1899 2565 videbantur-3
1924 2504 1977 2552 hi
2002 2521 2065 2554 ne
2088 2505 2265 2570 privati
2284 2505 2481 2569 quidem
2498 2505 2605 2554 sine

1582 2595 1822 2650 potestate
1840 2597 1975 2634 erant
1992 2622 2008 2647 ,
2032 2602 2185 2649 quum
2210 2597 2261 2635 et
2286 2587 2529 2651 populum
2556 2597 2606 2635 et

1580 2673 1803 2714 senatum
1826 2663 2035 2712 consino
2064 2675 2115 2713 et
2140 2668 2430 2716 auctoritate
2466 2681 2605 2730 rege-

1546 2789 1559 2804 ,
1582 2753 1721 2801 rent3
1748 2745 1873 2808 quin
1900 2745 2051 2792 immo
2086 2744 2183 2792 sibi
2226 2747 2321 2810 ipsi
2356 2761 2608 2810 persuase-

1582 2832 1691 2870 rant
1704 2855 1720 2878 ,
1770 2824 2009 2872 neminem
2056 2825 2157 2872 sine
2204 2823 2482 2888 eloquentia
2524 2835 2609 2874 aut

1580 2901 1771 2965 assequi
1804 2919 1947 2967 posse
1990 2905 2045 2951 in
2080 2903 2277 2952 civitate
2297 2938 2314 2963 ‚
2355 2916 2442 2953 aut
2482 2904 2609 2952 tueri

1583 2982 1903 3046 conspicuum
1926 2993 1977 3031 et
2000 2982 2296 3030 eminentem
2322 2983 2550 3032 locum·.

1654 3075 1742 3109 ao.
1772 3060 1891 3108 Tam
1908 3058 2005 3108 sine
2010 3060 2165 3125 pauci
2176 3094 2191 3119 ,
2204 3077 2488 3126 semperque
2490 3059 2609 3124 free·

1581 3137 1697 3188 rim.
1722 3141 1825 3190 Cic.
1852 3139 1913 3188 de
1933 3141 2141 3189 Oratore
2157 3174 2173 3199 ,
2194 3141 2284 3190 lib.
2314 3144 2340 3190 1
2358 3177 2375 3204 ,
2404 3157 2511 3205 cap.
2534 3147 2567 3196 4
2588 3155 2605 3190 τ

1581 3241 1608 3261 ιι
1628 3219 1753 3282 Quis
1795 3233 1901 3268 non
1946 3221 2057 3280 jure
2102 3219 2333 3280 miretur,
2376 3237 2439 3268 ex
2467 3221 2609 3269 omni

1580 3299 1813 3346 memoria
1837 3309 2063 3360 etatum,
2092 3309 2397 3363 temporum,
2432 3299 2605 3348 civita·

1578 3388 1713 3438 tum,
1748 3387 1846 3426 tam
1878 3379 2109 3442 exiguum
2146 3387 2407 3426 oratorum
2438 3395 2609 3427 nume·

1578 3471 1687 3504 rum
1720 3456 1962 3504 inveniri?
1994 3476 2017 3499 ι
2057 3457 2120 3505 Et
2161 3458 2418 3506 Petronius
2456 3473 2607 3523 quum

1579 3547 1765 3584 ceteras
1775 3546 1903 3584 artes
1930 3546 2069 3584 tanto
2096 3536 2213 3584 olim
2241 3536 2407 3586 studio
2428 3537 2608 3596 cultas,

1579 3627 1683 3664 tum
1721 3614 1776 3663 in
1816 3615 1988 3679 primis
2026 3615 2355 3679 eloquentiam
2387 3617 2610 3680 queritur

1578 3709 1779 3744 snorum
1814 3705 2091 3760 temporum
2126 3693 2251 3744 luxu
2288 3695 2565 3744 concidisse
2590 3710 2605 3744 :

1580 3775 1687 3823 ..Δί
1716 3789 1809 3822 noa
1836 3773 1953 3822 vino
1978 3773 2253 3839 scortisque
2280 3773 2517 3835 demersi,
2546 3790 2609 3822 ne

1578 3862 1769 3918 paratas
1796 3851 1997 3916 quidem
2030 3861 2160 3900 artes
2196 3867 2390 3902 avemus
2414 3868 2608 3916 cogno-

1578 3947 1709 3980 scere
1729 3947 1744 3989 ;
1764 3930 1852 3980 sed
1876 3941 2181 3982 accusatores
2204 3931 2507 3996 antiquitatis
2534 3933 2607 3980 vi-

1578 4013 1645 4060 tia
1670 4020 1865 4059 tanum
1888 4010 2147 4070 docemus,
2184 4022 2235 4058 et
2257 4010 2526 4062 discimus.
2546 4046 2559 4058 .
2582 4046 2595 4058 .

1578 4089 1702 4154 Quis
1732 4105 1961 4155 umquam
1988 4091 2124 4139 venit
2164 4090 2221 4140 in
2263 4089 2496 4156 tenplum
2514 4125 2530 4148 ‚
2556 4101 2606 4140 et
