2996 4694
870 406 1268 476 ORATIO
1317 407 1528 474 PRO
1563 405 1655 474 ι.
1695 406 1770 472 c.
1813 406 2170 474 BALBo.
2449 398 2583 500 307

466 598 478 609 ,
557 537 681 605 VI.
726 510 1187 601 Gratificatur
1230 526 1411 596 mihi
1448 540 1658 622 gestu
1699 540 2123 597 accusator:
2163 527 2588 599 inscientem

458 649 593 716 Cn.
621 641 1079 737 Pompeium¹
1114 636 1366 708 fecisse
1398 634 1774 733 significat.
1795 637 2020 728 Quasi
2039 660 2210 708 vero
2230 638 2456 709 levius
2475 641 2589 724 sit,

458 778 687 852 quum
742 753 820 821 in
868 764 1069 820 tanta
1102 746 1479 846 republica
1527 771 1846 835 versere,
1887 762 1962 817 et
2001 749 2328 818 maximis
2365 773 2594 845 nego-

462 866 579 935 tiis
620 861 896 961 praesis,
933 856 1167 929 facere
1202 854 1516 952 aliquid,
1551 856 1755 953 quod
1791 858 1970 928 scias
2015 882 2167 927 non
2205 856 2419 928 licere
2444 912 2464 945 ,
2503 880 2594 927 an

463 976 764 1045 omnino
806 972 1123 1054 nescire,
1164 966 1343 1064 quid
1370 967 1602 1037 liceat.
1645 968 1930 1038 Etenim
1959 990 2192 1064 quum
2225 968 2300 1036 in
2337 968 2594 1063 Hispa-

464 1086 583 1155 nia
614 1080 887 1155 bellum
920 1078 1353 1151 acerrimum
1378 1093 1451 1149 et
1472 1077 1867 1147 maximum
1891 1090 2238 1175 gesserat,
2263 1102 2415 1172 quo
2433 1077 2596 1172 jure

466 1193 822 1271 Gaditana
858 1190 1106 1261 civitas
1144 1202 1367 1274 esset,
1414 1186 1824 1259 nesciebat?
1847 1212 1980 1275 an,
2030 1187 2236 1282 cujus
2277 1188 2600 1287 linguam

426 1317 433 1329 ·
467 1302 723 1400 populi
758 1324 911 1371 non
950 1313 1232 1385 nosset,
1268 1299 1942 1395 interpretationem
1974 1297 2268 1369 foederis
2298 1324 2450 1369 non
2491 1312 2600 1369 te-

467 1409 730 1483 nebat?
771 1408 857 1481 Id
900 1410 1121 1505 igitur
1147 1408 1537 1505 quisquam
1580 1411 1716 1478 Cn.
1759 1410 2188 1507 Pompeium
2234 1410 2602 1505 ignorasse

467 1522 705 1593 dicere
736 1518 1071 1608 audebit,
1100 1516 1301 1615 quod
1332 1518 1736 1589 mediocres
1766 1517 2132 1607 homines„
2161 1520 2364 1617 quod
2398 1520 2604 1591 nullo

466 1656 607 1702 usu
643 1684 663 1717 ,
717 1627 927 1701 nullo
990 1627 1237 1700 studio
1284 1627 1574 1699 militari
1624 1627 1948 1726 praediti,
1993 1630 2196 1727 qnod
2257 1628 2608 1703 librarioli

467 1740 783 1835 denique
810 1740 987 1809 scire
1000 1724 1481 1833 profiteantur
1494 1748 1526 1780 ²
1543 1740 1572 1808 Ρ
1597 1738 1956 1835 Equidem
1973 1754 2147 1811 cont
2155 1765 2229 1811 ra
2244 1741 2604 1826 existim0‚

464 1849 775 1945 judices,
830 1871 1065 1943 quum
1121 1848 1197 1917 in
1232 1848 1433 1917 omni
1466 1872 1732 1945 genere
1781 1872 1864 1919 ac
1914 1851 2259 1922 varietate
2313 1854 2612 1939 artium,

473 1962 687 2031 etiam
738 1957 1062 2042 illarum,
1116 1980 1277 2052 quae
1312 1959 1467 2027 sine
1505 1980 1792 2029 summo
1845 1960 1998 2031 otio
2049 1984 2200 2031 non
2249 1957 2456 2032 facile
2504 1959 2619 2032 die-

474 2082 797 2154 scuntur,
834 2072 965 2138 Cn.
1005 2069 1397 2165 Pompeius
1439 2067 1777 2156 excellat,
1821 2063 2302 2167 singularem³
2355 2094 2616 2168 quam·

476 2179 647 2251 dam
695 2177 983 2249 laudem
1020 2177 1218 2272 ejuS,
1271 2191 1345 2248 et
1393 2176 1872 2276 praestabilem
1921 2203 2076 2251 esse
2127 2182 2500 2252 scientiam
2537 2184 2614 2253 in

479 2289 919 2380 foederibuS,
976 2288 1481 2389 pactionibus»,
1538 2291 2080 2366 conditionibus
2129 2294 2619 2394 populorum,

478 2427 735 2502 regum
763 2457 781 2489 ,
824 2416 1233 2474 exterarum
1298 2403 1717 2490 nationum,
1755 2406 1832 2474 in
1894 2406 2237 2477 universo
2299 2404 2621 2504 (lenique

477 2513 650 2586 belli
691 2513 854 2609 jure
878 2566 897 2600 ,
938 2537 1023 2583 ac
1055 2512 1270 2609 pacis.
1311 2514 1464 2584 Nisi
1508 2510 1734 2599 forte,
1772 2539 1935 2610 quae
1970 2539 2106 2586 nos
2138 2514 2304 2586 libri
2354 2515 2621 2588 docent

482 2627 557 2696 in
620 2622 885 2696 umbra
935 2636 1009 2694 et
1068 2625 1257 2708 oti0,
1304 2645 1387 2692 ea
1422 2625 1553 2694 Cn.
1589 2625 2067 2720 Pompeium,
2105 2651 2350 2722 neque
2390 2650 2618 2723 quum

454 2736 1009 2832 requiesceret,
1072 2731 1331 2818 literae,
1369 2755 1652 2830 neque,
1683 2757 1917 2830 quum
1946 2759 2101 2804 rem
2141 2749 2424 2834 gereret
2450 2790 2469 2826 ,
2504 2759 2620 2808 res

483 2847 655 2943 ipsae
678 2838 711 2900 4
748 2843 1011 2916 docere
1046 2856 1470 2940 potuerunt.

578 2959 853 3052 Atque,
915 2966 999 3024 ut
1059 2975 1196 3048 ego
1258 2956 1491 3023 sentio
1516 2949 1569 3041 ⁵,
1602 2951 1922 3047 judices,
1969 2977 2184 3025 causa
2219 2952 2442 3025 'dicta
2511 2969 2623 3026 est
2705 3033 2714 3044 x

552 3107 645 3154 VI.
668 3121 712 3156 ι.
734 3104 1051 3162 Insciemem,
1068 3113 1161 3152 etc.
1183 3105 1510 3166 Quocumque

484 3201 537 3232 ee
580 3195 736 3232 vertat
774 3193 1029 3232 accusator
1079 3181 1178 3230 hoc
1224 3192 1510 3244 argumento

486 3262 711 3326 capitul-5
752 3263 932 3310 etenim
960 3277 1022 3309 ne
1050 3261 1285 3324 suspicari
1310 3259 1510 3324 quidem

484 3357 719 3406 possum,
766 3341 1049 3405 Pompeium
1080 3341 1313 3388 scientem
1340 3340 1510 3387 fecisse

486 3423 743 3484 injuriam;
764 3421 927 3470 obstat
962 3420 1054 3468 viri
1082 3420 1291 3484 dignitas
1320 3431 1371 3468 et
1397 3419 1510 3467 reli-

489 3503 572 3566 gio
591 3518 607 3560 ;
626 3501 671 3550 si
695 3511 865 3548 contra
880 3501 1091 3549 insciens
1112 3501 1283 3548 fecisse
1308 3499 1508 3556 dicitnr,

488 3579 611 3646 qnid
638 3579 843 3642 cogitari
866 3590 1027 3642 potest
1054 3579 1309 3626 absurdius
1324 3613 1339 3637 ‚
1358 3595 1512 3642 quum

488 3661 577 3725 qni
608 3675 685 3706 res
733 3659 1037 3722 gravissimas
1078 3659 1383 3715 tractaverit,
1424 3659 1512 3723 qui

486 3739 729 3788 bonorum
774 3739 961 3786 sutores
1000 3739 1370 3800 temperaverit,
1410 3737 1512 3786 hoc

488 3820 687 3884 quidem
711 3818 1010 3881 ignoraverit
1037 3816 1175 3880 qnod
1200 3833 1357 3864 rerum
1386 3819 1516 3882 peri-

490 3911 593 3950 tum
613 3913 921 3962 nequaquam
943 3897 1101 3961 possit
1118 3897 1299 3959 sugere.

1597 3103 1815 3152 Tullium
1849 3119 1952 3152 estc
1987 3119 2128 3152 nsum
2169 3105 2414 3153 novimus.
2453 3105 2622 3156 Lamb-

1597 3197 1650 3230 ω
1686 3180 1834 3240 scire,
1864 3181 1926 3230 de
1955 3181 2236 3250 conjectura
2251 3215 2266 3240 ‚
2303 3197 2450 3245 qnam
2480 3181 2626 3232 innn-

1599 3261 1849 3310 motabiles
1875 3261 1971 3309 loci
1997 3263 2304 3311 subvertunt.

1670 3341 1720 3389 3.
1737 3340 2048 3416 <singularem
2081 3341 2364 3406 quamdam.
2402 3343 2624 3395 Lambin.

1598 3431 1698 3468 cum
1719 3419 2016 3484 singularem
2033 3456 2048 3478 ,
2077 3423 2180 3469 sine
2201 3421 2378 3470 idonee
2405 3439 2549 3472 canu
2575 3435 2626 3474 et

1597 3500 1703 3547 sine
1725 3500 2008 3548 testimonio
2027 3500 2284 3551 librorum.

1671 3590 1720 3637 4.
1746 3581 1839 3627 Res
1877 3579 2014 3642 ipsa.
2043 3581 2256 3643 Quidem
2293 3581 2411 3630 libri
2443 3583 2627 3633 hebent

1598 3659 1821 3724 regiones
1845 3657 1968 3723 ipsa
1980 3677 2002 3716 ,-
2027 3661 2163 3723 qnod
2197 3660 2446 3711 habebant
2481 3664 2624 3711 etiam

1599 3740 1758 3788 codex
1769 3739 1984 3804 optimus
2001 3741 2114 3789 Car.
2130 3741 2392 3805 Stephani,
2414 3751 2626 3805 quatuor

1600 3821 1716 3867 item
1742 3818 2023 3868 Britannici.

1677 3899 1726 3946 5,
1749 3903 1939 3961 Atque,
1964 3908 2019 3944 ur
2043 3914 2134 3963 ego
2161 3897 2334 3946 sentio.
2355 3899 2630 3962 Corruptus
2690 3950 2696 3956 ,

565 3997 615 4031 a.
672 3982 821 4048 Quod
862 3980 1110 4030 librarioli
1148 3979 1357 4044 detaeique
1392 3978 1520 4028 seire
1607 3977 1872 4027 admodum
1902 3977 2042 4026 locun
2072 3979 2198 4036 inte,
2237 3993 2396 4040 neque
2441 3979 2628 4042 corrigi

488 4061 849 4126 profiteantur?
874 4061 999 4110 Cod.
1020 4059 1165 4108 Barb.
1200 4057 1520 4108 librat-iimcc!
1607 4069 1796 4124 potent,
1819 4057 1915 4104 nisi
1953 4073 2198 4106 novorum
2229 4056 2432 4105 accedat
2467 4069 2632 4106 ancto-

498 4141 855 4192 deminntivnm
892 4143 1231 4207 aptissitnnn3
1270 4157 1371 4205 quo
1406 4141 1522 4189 alibi
1611 4143 1728 4186 ritus
1763 4137 1906 4185 MSS.
1951 4137 2154 4184 Sensum
2195 4135 2634 4199 deprehendimne,

2235 4245 2344 4290 20.
