2996 4694
744 360 1127 430 ORATIO
1175 361 1386 432 PRO
1435 363 1515 430 C.
1556 363 1642 429 R.
1694 355 2205 434 POSTUMO.
2391 365 2537 466 449

401 479 896 574 Quamobrem
933 478 1114 551 illud
1146 493 1436 566 maneat
1469 493 1547 550 et
1586 477 1819 552 fixum
1860 483 1987 569 sit,
2042 487 2245 583 quod
2292 513 2536 586 neque

399 593 713 682 moveri,
747 615 990 690 neque
1026 590 1294 662 mutari
1329 603 1610 690 potest3
1646 593 1727 661 in
1762 615 1915 688 quo
1945 600 2135 692 oequi
2152 607 2179 654 ⁷
2216 617 2537 694 sperasse

399 709 824 777 Postumum
863 701 1154 788 dicunt,
1197 723 1534 798 peccasse
1577 701 1845 799 iniqui,
1890 707 2045 802 ipse
2092 707 2308 778 etiam
2348 711 2539 782 insa.

401 813 590 886 nisse
620 836 698 884 se
724 809 1138 897 confitetur,
1163 809 1368 908 quod
1387 835 1591 882 suam
1612 865 1635 900 ‚
1666 812 1867 910 quod
1896 816 2294 890 amicorum
2321 841 2543 916 pecu·

403 925 600 995 niam
645 924 802 1020 regi
847 919 1232 993 crediderit
1275 943 1444 994 cum
1497 935 1705 994 tanto
1746 921 2201 999 fortunarum
2244 951 2543 1001 suarum

403 1031 731 1132 periculo
791 1059 810 1102 z
867 1029 1012 1102 hoc
1059 1028 1360 1130 quidem
1425 1031 1649 1104 semel
1706 1050 2045 1132 suscepto
2100 1051 2321 1136 atque
2375 1065 2549 1112 con·

404 1156 676 1228 tracte,
720 1137 1192 1239 perpetienda
1229 1139 1352 1212 illa
1393 1137 1747 1228 fuerunt‚.
1766 1157 1851 1214 ut
1894 1167 1973 1216 se
2018 1145 2411 1245 aliquando
2453 1148 2547 1222 ad

405 1275 577 1324 suos
625 1243 1099 1322 vindicaret⁸.
1150 1252 1408 1350 Itaque
1461 1249 1763 1347 objicias
1820 1253 2018 1345 licet,
2074 1281 2298 1354 quam
2348 1258 2549 1332 voles

407 1387 632 1462 saepe,
683 1361 1056 1462 palliatum
1094 1357 1346 1445 fuisse,
1404 1359 1645 1458 aliqua
1689 1360 2028 1438 habuisse
2071 1390 2223 1438 non
2264 1372 2547 1442 romani

405 1473 722 1544 hominis
779 1471 1108 1568 insignia.
1186 1473 1494 1564 Quoties
1558 1494 1819 1544 eorum
1872 1476 2249 1574 quippiam
2312 1477 2507 1551 dices
2527 1535 2548 1569 ,

404 1584 618 1656 toties
663 1605 896 1654 unum
947 1581 1148 1653 dices
1195 1594 1422 1680 atque
1475 1580 1663 1654 illud
1680 1595 1747 1674 9‚·
1774 1597 2050 1656 temere
2097 1585 2298 1659 hunc
2328 1611 2551 1685 pecu-

405 1695 602 1766 niam
635 1693 785 1790 regi
824 1686 1250 1777 credidisse;
1289 1715 1456 1762 suas
1485 1689 1817 1766 fortunas
1852 1709 2069 1793 atque
2100 1695 2367 1770 famam
2395 1698 2554 1772 libi-

407 1803 561 1875 dini
586 1805 800 1900 regiae
825 1803 1284 1876 commisisse.
1312 1807 1611 1876 Fecerat
1633 1819 1943 1896 temere3
1980 1805 2257 1882 fateor:
2286 1815 2555 1884 mutari

408 1913 676 2002 factum
715 1914 867 2011 jam
897 1912 1106 1985 nullo
1143 1911 1366 1984 modo
1403 1927 1695 2011 poterat
1724 1940 1741 1984 τ
1780 1929 1905 1988 aut
1935 1914 2235 2014 pallium
2260 1944 2555 1993 sumen-

409 2023 586 2096 dum
632 2022 1116 2112 Alexandriae,
1161 2037 1246 2094 ut
1290 2023 1360 2094 ei
1395 2026 1645 2094 Romae
1666 2033 1731 2070 ¹⁰
1782 2039 2031 2123 togato
2073 2050 2229 2100 esse
2268 2026 2555 2120 liceret’;

409 2148 537 2207 aut
575 2157 832 2208 omnes
866 2131 1178 2206 fortunae
1224 2127 1676 2228 abjiciendae,
1732 2135 1791 2204 si
1839 2147 2081 2233 togam
2117 2136 2555 2210 retinuisset.

502 2249 593 2316 X.
643 2243 1084 2316 Deliciarum
1111 2265 1328 2315 causa
1359 2259 1434 2314 et
1459 2243 1889 2342 voluptatis,
1926 2269 2079 2318 non
2115 2247 2338 2320 modo
2365 2249 2557 2322 cives

407 2378 780 2441 romanos,
837 2352 968 2425 sed
1017 2368 1094 2425 et
1145 2352 1432 2425 nobiles
1485 2352 2014 2445 adolescenteS‚
2072 2372 2147 2429 et
2202 2358 2557 2456 quosdam

409 2466 626 2537 etiam
665 2478 1074 2551 senatoreS‚
1127 2486 1414 2535 summo
1457 2464 1624 2535 loco
1659 2478 1905 2553 natos,
1953 2490 2106 2537 non
2150 2469 2227 2539 in
2280 2466 2512 2541 hortis
2532 2526 2553 2559 ‚

407 2589 535 2646 aut
568 2571 1010 2647 suburbanis
1051 2574 1233 2661 suis,
1261 2572 1389 2645 sed
1419 2572 1758 2672 Neapoli,
1804 2575 1883 2645 in
1912 2574 2389 2650 celeberrimo
2422 2602 2555 2677 op-

409 2685 586 2784 pido
608 2739 629 2774 ‚
699 2708 870 2757 cum
929 2681 1202 2755 mitella
1221 2694 1242 2728 ¹
1316 2706 1507 2784 saepe
1578 2684 1912 2758 vidimus.
1993 2687 2551 2787 chlamydatum

411 2795 492 2867 L.
559 2794 832 2871 Sullam
903 2792 1458 2892 imperatorem.;
1524 2798 1603 2866 L.
1661 2820 1837 2869 vero
1907 2797 2265 2897 Scipionis
2294 2812 2361 2888 ²,
2418 2804 2549 2899 qui

485 3013 534 3057 7.
574 2993 732 3060 AEqm'
753 3008 991 3061 sperasse.
1023 2992 1153 3041 Vide
1180 2992 1438 3041 exordium

413 3070 632 3123 Van-ina
663 3074 726 3123 de
755 3072 952 3138 Signis:
983 3092 1008 3117 ι
1025 3072 1188 3121 Venio
1213 3086 1346 3121 nunc
1375 3068 1440 3119 ad

413 3154 575 3212 inlus,
603 3163 699 3203 etc.
720 3174 747 3195 ι·
801 3179 874 3191 -
908 3150 1152 3201 Insam'sse
1175 3166 1246 3198 se.
1284 3148 1441 3199 Abest

414 3249 498 3289 se,-
525 3234 744 3299 reposuit
768 3232 992 3283 Gravius
1029 3247 1096 3280 ex
1131 3228 1435 3277 Frauciico-

487 3390 538 3439 8.
590 3391 656 3437 Ue
686 3404 759 3437 se.
779 3422 794 3437 .
815 3422 828 3437 .
875 3388 948 3437 ad
981 3404 1093 3437 suos
1137 3386 1434 3437 vindicaret.

414 3469 638 3519 Graviu-
673 3468 830 3529 mjieit
863 3468 938 3517 ad
969 3483 1082 3515 suos
1101 3502 1118 3530 ,
1155 3467 1296 3531 quani
1331 3482 1434 3515 nou

411 3549 587 3608 latinu
601 3546 751 3613 legit,
773 3556 824 3594 ee
841 3561 951 3595 suos
965 3544 1273 3606 νὺιᾰίσωοε,
1295 3545 1436 3593 uimi-

413 3644 522 3677 rum
564 3644 596 3675 a
635 3624 824 3673 damni·
866 3626 1204 3685 fortunarum,
1234 3641 1346 3690 quae
1384 3634 1436 3673 et

413 3710 519 3773 ipse
554 3716 604 3754 et
639 3706 744 3767 eju·
777 3704 920 3751 amici
951 3702 1434 3764 secisoeut,uisihac

413 3787 602 3837 atione
619 3782 859 3833 medinam
879 3793 1127 3846 servasset.

484 3882 536 3929 9.
565 3865 722 3911 Unum
743 3861 875 3910 dicos
903 3864 1062 3926 aeque'
1079 3860 1218 3911 illud.
1243 3822 1458 3910 lambi--

355 3990 367 4001 ,
415 3961 506 3993 um
536 3960 600 3992 ex
627 3942 736 3995 aliis
759 3939 902 3989 libris
930 3939 1078 4005 legit,
1121 3956 1272 3991 unum
1305 3942 1436 3991 dices

415 4034 565 4087 aeque
579 4022 708 4070 idem
717 4039 739 4079 ,-
759 4019 898 4085 quod
917 4020 1064 4082 longe
1082 4020 1269 4069 melius.

493 4118 570 4151 10.
596 4106 658 4149 Ue
673 4101 720 4149 ei
738 4102 920 4148 Bomce.
941 4104 992 4149 Ε.
1015 4099 1176 4147 Uniu.
1195 4114 1260 4147 ex
1277 4109 1436 4147 vetere

611 4190 693 4258 Ἓν.
747 4201 841 4251 cic.
857 4216 974 4267 pars
993 4194 1212 4250 vecorde.

1526 2992 1655 3041 libro
1678 2994 1839 3045 Fulvii
1863 2994 2009 3060 legit,
2043 3008 2100 3044 ue
2122 2997 2173 3045 ei
2194 3000 2387 3058 Roma,
2416 3000 2555 3064 quod

1526 3072 1713 3137 reecpit
1731 3072 1983 3133 Gravia„
2006 3089 2181 3140 netupe
2200 3074 2284 3124 hic
2298 3074 2463 3127 nunus
2478 3090 2555 3128 est

1527 3151 1669 3199 locus
1686 3162 1747 3200 ee.

1594 3232 1663 3279 X.
1712 3247 1735 3279 1
1748 3266 1761 3281 .
1816 3228 2025 3282 Metella.
2071 3234 2425 3299 'tegumentum
2474 3248 2549 3287 eut

1524 3309 1696 3373 eapitis
1744 3308 2043 3360 Asiaticum·
2100 3312 2293 3361 AEueid.
2342 3316 2433 3375 tv,
2485 3317 2548 3365 de

1522 3388 1697 3437 Paride
1711 3406 1727 3438 ε
1748 3406 1776 3431 α
1790 3391 2005 3439 Maenia
2022 3402 2241 3440 mentum
2262 3394 2430 3456 mitra,
2450 3398 2548 3447 cri.

1522 3482 1730 3532 nemque
1742 3466 2017 3517 madentem
2030 3468 2277 3519 subnixus
2290 3492 2333 3521 ι.
2352 3474 2549 3524 Baccho

1520 3546 1713 3595 min-am
1741 3546 2038 3597 uibuebnut.
2069 3550 2289 3613 Propert.
2326 3551 2416 3604 lib.
2454 3556 2547 3616 IV,

1521 3624 1643 3689 eleg.
1666 3642 1697 3673 ι
1720 3638 1737 3677 2
1758 3646 1785 3668 ι
1800 3626 1957 3689 Cinge
1976 3638 2121 3692 caput
2136 3628 2277 3677 mitra
2291 3664 2309 3691 ,
2330 3634 2541 3697 speeiem

1520 3702 1721 3752 furabor
1728 3704 1978 3753 IacchL—
1987 3705 2227 3768 Vidimus,
2237 3709 2300 3757 al.
2310 3710 2547 3760 videmus.

1596 3798 1644 3831 a.
1664 3784 1721 3832 L.
1739 3798 1863 3831 vem
1882 3782 2133 3848 Scipionis.
2151 3786 2262 3834 Fuit
2278 3788 2358 3835 hic
2376 3791 2432 3835 P.
2449 3792 2565 3837 Sci--

1522 3862 1687 3927 pionis
1698 3862 1917 3910 Africani
1927 3864 2075 3912 frater
2083 3879 2101 3925 3
2120 3864 2175 3911 iu
2188 3864 2354 3915 Asiam
2369 3868 2543 3916 miuus

1524 3940 1823 3989 Antiochum
1843 3941 1995 4005 Syria
2013 3958 2173 4006 regem
2194 3943 2392 4003 devicit,
2410 3949 2547 3993 caesis

1525 4020 1777 4068 hominum
1802 4020 2151 4085 quinquaginta
2184 4021 2423 4081 millibus,
2460 4042 2543 4073 ca-

1526 4099 1625 4163 ptis
1648 4098 1858 4147 duobus.

2261 4214 2349 4283 29
