2996 4694
491 373 629 442 260

1131 373 1225 439 M.
1277 372 1354 438 T.
1404 366 1973 439 CICERONIS

487 498 713 592 Igitur
762 494 836 562 in
892 492 1086 588 Syria
1105 545 1126 578 ‚
1174 496 1607 587 imperatore
1664 486 1827 572 illo,
1888 484 2072 557 nihil
2127 485 2325 559 aliud
2372 502 2613 561 actum

487 620 592 675 est
611 658 630 687 ‚
675 604 814 675 nisi
856 606 1226 700 pactiones
1257 599 1731 697 pecuniarum
1763 620 1929 667 cum
1958 601 2281 694 tyrannis
2296 608 2389 687 ²²,
2420 599 2614 672 deci-

483 718 758 797 siones,
791 713 1230 810 direptiones
1249 706 1338 795 ²³,
1374 709 1745 781 latrocinia
1764 761 1785 793 ‚
1816 706 2043 783 coedes
2064 764 2084 795 ‚
2117 734 2349 807 quum
2379 712 2616 808 palam

489 824 736 924 populi
780 824 1061 895 romani
1097 825 1521 919 imperator,
1562 820 1927 921 *instructo
1970 823 2330 908 exercitu,
2376 820 2618 894 dexte-

485 960 636 1009 ram
673 934 976 1007 tendens
991 937 1080 1020 ²⁴,
1109 958 1254 1004 non
1289 931 1380 1003 ad
1410 929 1699 1002 laudem
1734 929 1991 1003 milites
2022 931 2459 1021 hortaretur,
2486 932 2615 1005 sed

487 1048 732 1123 omnia
763 1045 896 1117 sibi
933 1058 1006 1117 et
1041 1057 1283 1141 empta
1306 1098 1324 1130 ‚
1363 1056 1435 1113 et
1469 1038 1773 1115 emenda
1808 1065 1961 1113 esse
1994 1042 2351 1114 clamaret.

582 1163 668 1229 V.
703 1162 858 1229 Jam
895 1180 1067 1227 vero
1099 1144 1525 1253 pu'blicanos
1567 1153 1868 1223 miseros
1890 1162 1909 1195 ¹
1954 1154 2117 1249 (me
2148 1156 2361 1225 etiam
2400 1155 2619 1226 mise-

487 1294 650 1341 rum
673 1322 694 1355 ,
729 1268 1018 1339 illorum
1065 1266 1161 1335 ita
1204 1262 1296 1335 de
1337 1284 1454 1333 me
1491 1262 1917 1335 meritorum
1939 1271 1968 1303 ²
2014 1264 2317 1335 miseriis
2358 1288 2439 1335 ac
2479 1264 2617 1337 do·-

487 1377 685 1471 lore)
727 1374 1025 1447 tradidit
1066 1377 1142 1444 in
1191 1370 1607 1443 servitutem
1638 1366 1666 1411 ³
1710 1375 1749 1441 J
1756 1370 1971 1443 udaeis
2008 1387 2081 1445 et
2116 1374 2309 1470 Syris
2329 1427 2349 1463 ‚
2383 1376 2615 1447 natio-

489 1486 708 1561 nibus
745 1489 930 1557 natis
967 1484 1314 1555 servituti.
1360 1480 1623 1551 Statuit
1656 1478 1747 1551 ab
1790 1483 1998 1554 initio
2017 1486 2075 1571 ⁴,
2112 1497 2184 1555 et
2218 1486 2293 1555 in
2324 1510 2413 1556 eo
2448 1508 2615 1583 per-

558 1678 644 1713 υ.
695 1664 812 1713 Cum
851 1662 1090 1725 τγναιυιίε.
1135 1661 1267 1709 Olim
1308 1657 1507 1722 tyranni

491 1744 778 1792 dicebantur
825 1742 877 1789 in
921 1742 1110 1792 Gracia
1147 1740 1374 1789 homines
1419 1752 1515 1803 pos

487 1834 644 1871 tentes
669 1832 718 1869 et
744 1820 966 1887 opulenti
983 1856 1000 1881 ‚
1026 1836 1150 1885 quos
1170 1822 1324 1868 Persae
1343 1829 1509 1867 sacra-

481 1918 572 1965 pas
597 1900 924 1965 appellabant.
949 1926 1018 1936 —-
1047 1898 1334 1948 Decisiones.
1363 1895 1508 1945 Deci-

489 1982 603 2029 dere
624 1993 696 2029 est
721 1981 1002 2045 transigere.
1027 1981 1234 2027 ‘Verrina
1253 1978 1513 2027 frumenta-

489 2063 556 2109 ria
576 2075 590 2109 ε
635 2058 1052 2125 «Inprobissimis
1091 2056 1511 2122 recuperatoribus

486 2140 756 2189 conflictari
773 2139 1020 2189 malebant
1035 2174 1052 2196 ‚
1067 2154 1215 2203 quam
1241 2137 1510 2202 quidquam

487 2236 598 2267 cum
624 2218 712 2267 illo
737 2236 823 2268 sna
847 2218 1097 2266 voluntate
1125 2218 1346 2265 decidere
1369 2238 1411 2266 ι.

561 2300 646 2350 23.
667 2298 982 2364 Bit-cptiones.
1003 2298 1148 2346 Notae
1172 2308 1289 2345 sunt
1311 2294 1511 2347 Gabinii

490 2383 671 2446 rapiuae
687 2395 749 2428 ex
777 2379 1035 2428 Sextiam:
1069 2399 1092 2421 ι
1117 2379 1327 2426 Ham-iro
1346 2377 1513 2441 qnpti·

491 2460 570 2508 die
593 2477 654 2508 ex
691 2459 1008 2523 pacatissimis
1036 2467 1180 2521 atque
1202 2456 1511 2521 opulentissi-

489 2539 580 2588 mis
604 2539 756 2604 SyrIae
783 2538 912 2601 gazis
937 2537 1288 2584 innumerabile
1315 2537 1511 2600 pondus

491 2617 616 2674 auri,
644 2615 824 2664 bellum
849 2615 1030 2662 inferre
1053 2613 1435 2676 quiescentibus,
1451 2624 1511 2662 ut

491 2709 661 2743 eorum
684 2704 870 2741 veteres
893 2692 1196 2756 illibatasque
1235 2691 1426 2741 divitias
1457 2694 1511 2740 in

491 2771 926 2837 profundissimum
989 2769 1253 2818 libidinum
1315 2787 1513 2822 suarum

489 2853 728 2917 gurgitem
755 2848 1022 2914 profundat
1035 2872 1080 2897 n.
1095 2850 1222 2900 Vide
1255 2851 1400 2900 etiam
1429 2853 1511 2933 1:1-

489 2931 758 2988 misnam,
776 2945 884 2992 cap.
906 2943 988 2989 17,
1017 2945 1100 2976 αι.

562 3017 649 3066 aa.
679 3010 948 3058 Dea-teram
973 3009 1194 3058 tendens.
1221 3009 1414 3060 alludit
1445 3011 1513 3061 ad

492 3088 900 3138 consuetudinem
927 3104 1096 3138 eorum
1111 3125 1128 3148 ‚
1147 3089 1303 3153 quiin
1321 3091 1513 3140 auctio-

490 3167 636 3216 nibus
657 3170 698 3217 si
725 3167 848 3232 quid
879 3167 1020 3216 liceri
1051 3169 1233 3217 vellent
1248 3206 1265 3231 ,
1284 3185 1512 3230 manum,

492 3259 578 3296 aut
619 3246 826 3313 digitum
863 3247 1120 3298 tollebant.
1161 3252 1328 3298 Festus
1365 3249 1512 3298 Pom-

489 3328 667 3392 peius:
706 3351 733 3371 ι
751 3325 988 3393 Manceps
1021 3327 1227 3391 dicitnr,
1269 3329 1356 3392 qui
1388 3327 1513 3391 quid

490 3424 516 3456 a
540 3407 728 3472 populo
743 3408 876 3468 emit,
895 3407 1214 3466 conducitve‚
1233 3407 1345 3471 qnia
1363 3420 1511 3453 manu

489 3485 680 3536 sublata
703 3484 943 3551 sig-nificat
965 3503 1017 3534 se
1038 3496 1288 3534 auctorem
1318 3483 1511 3533 auctio-

492 3565 568 3612 nis
586 3579 687 3612 esse
702 3587 748 3614 »-

561 3646 624 3694 Ὺ.
652 3660 696 3693 1.
717 3643 1007 3694 Publicanos
1029 3641 1240 3690 miseros.
1259 3639 1513 3690 Publiceni

489 3721 794 3785 dicebantur,
821 3725 906 3788 qui
943 3719 1166 3786 presenti
1191 3721 1397 3782 pecunia
1423 3737 1509 3768 ve·

489 3803 682 3867 ctigalia
719 3801 894 3868 populi
936 3797 1122 3848 romani
1159 3813 1188 3844 a
1229 3797 1511 3848 censoribus

489 3881 816 3937 redimebant,
840 3890 895 3928 ut
919 3887 1086 3942 postea
1111 3876 1211 3923 suis
1235 3879 1509 3926 commodis

490 3959 752 4018 seu-viseum
783 3972 883 4021 qno
909 3956 962 4002 in
997 3963 1186 4018 questu
1212 3956 1511 4019 rapacissimi

489 4037 866 4101 aperiebantur.
891 4033 1084 4096 Livius,
1103 4033 1218 4082 bv:
1247 4055 1272 4074 κ
1292 4033 1394 4084 Ubi
1419 4051 1513 4102 pn-

485 4113 706 4164 blieanus
727 4125 826 4173 est,
850 4113 922 4162 ibi
949 4124 996 4160 et
1015 4113 1096 4174 jus
1121 4110 1376 4177 publicum
1399 4115 1515 4165 nul-

1594 1657 1694 1706 lum
1711 1693 1726 1717 ‚
1774 1671 1858 1707 ant
1908 1659 2177 1709 libertatem
2229 1662 2379 1709 sociis
2432 1662 2618 1711 nullam

1594 1756 1697 1789 esse
1712 1764 1754 1791 ιο.
1794 1741 1891 1791 Sed
1922 1752 2085 1791 tamen
2114 1740 2167 1787 in
2200 1740 2396 1806 imperii
2428 1746 2618 1793 romani

1594 1818 1775 1870 finibus
1800 1832 1850 1869 et
1870 1822 2119 1885 precipue
2142 1819 2259 1867 belli
2283 1831 2503 1886 tempore
2528 1840 2619 1889 pu·

1595 1901 1776 1949 blicani
1800 1900 2050 1965 vectigalia
2082 1899 2314 1965 colligere
2343 1918 2447 1951 non
2474 1913 2618 1967 pote-

1596 1992 1705 2029 rant
1723 2015 1740 2040 ,
1792 1992 1841 2030 et
1890 1979 2178 2046 plerumque
2231 1991 2615 2046 reprnentatam

1594 2060 1878 2110 amittebant
1914 2059 2199 2125 pecuniam,
2222 2064 2265 2109 si
2300 2072 2495 2111 senatus
2518 2060 2617 2109 illis

1596 2155 1697 2191 uon
1718 2139 1959 2189 redderet.

1669 2237 1718 2267 a.
1746 2222 1825 2267 Ita
1844 2220 1907 2267 de
1924 2236 2002 2268 me
2024 2219 2319 2269 meritorum.
2346 2222 2440 2269 Pro
2465 2221 2616 2269 domo

1596 2314 1721 2351 sua:
1776 2316 1944 2350 omnes
1990 2301 2208 2349 omnium
2245 2301 2615 2366 publicanorum

1594 2379 1851 2430 societates
1884 2381 1945 2430 de
1984 2397 2093 2430 meo
2135 2381 2419 2438 consulatu,
2462 2397 2521 2430 ae
2556 2379 2621 2428 de

1596 2461 1717 2508 meis
1755 2460 1900 2508 rebus
1944 2461 2090 2524 gestis
2132 2460 2421 2524 amplissima
2472 2472 2618 2525 atque

1597 2539 1899 2587 ornatissima
1932 2539 2124 2586 decreta
2158 2539 2389 2585 fecerunt.
2423 2538 2619 2600 Quibus

1596 2629 1775 2681 quanta
1808 2619 1955 2666 fuerit
1991 2635 2103 2666 cnm
2134 2617 2371 2666 Cicerone
2404 2617 2615 2678 conjun-

1596 2698 1727 2758 ctio,
1762 2708 1865 2746 tum
1904 2713 1969 2744 ex
2010 2697 2119 2744 aliis
2154 2695 2373 2752 videbis,
2418 2703 2518 2743 tum
2552 2711 2617 2743 ex

1596 2777 1739 2840 epist.
1771 2791 1795 2826 1
1824 2776 1888 2824 ad
1912 2777 1979 2836 Q.
2008 2775 2231 2834 fratrem,
2272 2783 2378 2821 tum
2402 2789 2465 2821 ex
2484 2773 2617 2822 libro

1597 2856 1664 2918 Q.
1687 2855 1847 2904 fratris
1866 2855 1927 2902 de
1944 2853 2181 2917 petitione
2202 2853 2499 2902 consulatus.

1666 2935 1718 2982 3.
1751 2930 1977 2980 Tradidit
1998 2929 2049 2978 in
2076 2930 2362 2980 ser-rincum.
2390 2932 2614 2980 oratorie

1598 3011 1809 3066 dictumz
1832 3010 1887 3058 id
1908 3019 2006 3066 est,
2026 3008 2091 3058 ita
2112 3011 2307 3058 vexavit
2324 3010 2616 3076 publicanos

1595 3101 1649 3138 ut
1674 3089 1801 3138 servi
1825 3086 2110 3138 Jndaeorum
2140 3105 2245 3137 esse
2276 3091 2445 3155 potius
2474 3090 2614 3139 vide·

1596 3181 1763 3218 rentiu-
1778 3183 1926 3231 quam
1944 3178 2209 3216 meteres.

1668 3256 1716 3306 4.
1736 3247 1918 3296 Statuit
1931 3246 1999 3293 ab
2019 3245 2171 3296 initio.
2191 3246 2421 3298 Ostendit
2439 3247 2619 3312 quibua

1594 3325 1863 3376 rationibus
1899 3326 2189 3390 publicanos
2217 3327 2479 3376 vexaverit.
2513 3327 2617 3376 Pri-

1596 3421 1679 3454 mo
1706 3420 1722 3455 z
1756 3407 1981 3454 «Statuit
2019 3404 2087 3453 eis
2116 3407 2197 3468 jus
2232 3422 2333 3455 non
2374 3407 2537 3458 dicere
2558 3427 2616 3462 ιι,

1596 3501 1755 3549 neque
1798 3483 2047 3532 debitores
2089 3485 2294 3534 sudno-
2338 3495 2425 3534 aut
2466 3487 2618 3550 Syros

1590 3565 1781 3628 judicio
1806 3563 2126 3630 compellere,
2150 3577 2209 3615 ut
2234 3565 2505 3630 publicanis
2528 3565 2619 3614 tri-

1596 3642 1744 3702 buta'‚
1774 3643 1849 3691 vel
1886 3643 2097 3707 quodvis
2132 3644 2269 3694 aliud
2311 3661 2377 3693 α
2406 3644 2617 3693 alienum

1597 3721 1951 3786 persolvet-eun
1968 3723 2185 3771 secundo
2197 3760 2211 3783 ‚
2222 3723 2479 3788 pactiones
2490 3757 2505 3782 ‚
2520 3724 2558 3772 i.
2572 3739 2615 3771 e.

1599 3801 1762 3850 noluit
1792 3811 1851 3850 ut
1883 3801 2045 3851 sndaei
2078 3803 2151 3850 vel
2188 3802 2303 3868 Syri
2338 3813 2619 3851 tenerentur

1598 3879 1657 3928 iis
1714 3880 2083 3930 conditionibus
2096 3915 2114 3943 ,
2163 3897 2281 3945 quas
2332 3882 2619 3946 pepigerant

1598 3961 1937 4008 contrahentes
1955 3993 1970 4018 ‚
1996 3974 2144 4023 seque
2176 3957 2483 4023 publicanis,
2512 3961 2619 4008 sine

1600 4039 1701 4088 nlla
1720 4038 2115 4089 contrabentium
2134 4037 2313 4099 iniuria
2328 4035 2619 4103 obligara'nt.

1601 4117 1741 4182 Soepe
1764 4117 1939 4183 populi
1970 4127 2025 4164 ut
2046 4126 2327 4164 maurum
2348 4115 2619 4182 effugerent
