2996 4694
489 381 575 456 52
1112 377 1209 444 M.
1260 376 1337 443 T.
1391 373 1972 444 CICERONIS

584 501 841 572 XXIII.
888 499 1072 570 Nam
1116 508 1415 567 externa
1446 493 1640 565 bella
1663 504 1682 538 ¹
1731 517 2027 592 regum,
2061 493 2430 591 gentium,
2481 519 2618 566 na-

485 615 769 686 tionum
788 662 809 696 ,
856 603 1287 705 jampridem
1336 610 1434 676 ita
1484 603 1834 676 exstincta
1889 616 2057 676 sunt
2077 657 2098 692 ,
2142 617 2225 675 ut
2278 602 2620 702 praeclarc

480 746 647 796 cum
692 721 777 792 iis
818 740 1152 816 agamus,
1204 739 1391 813 quos
1428 729 1722 814 pacatos
1767 723 1920 788 ‘esse
1961 716 2338 814 patiamur.
2386 719 2640 789 Beni--

478 857 625 931 que
659 856 749 905 ex
791 829 1047 903 bellica
1089 827 1386 900 victoria
1426 851 1582 897 non
1621 824 1772 898 fere
1809 851 2248 925 quemquam
2285 842 2398 900 est
2431 831 2616 900 invi-

477 943 595 1015 dia
646 942 910 1015 civium
964 951 1433 1034 consequuta.
1492 938 1920 1010 Domesticis
1971 938 2172 1008 malis
2191 990 2211 1026 ‚
2263 951 2338 1010 et
2379 936 2607 1009 auda-

478 1057 674 1126 cium
716 1053 981 1124 civium
1025 1047 1341 1120 consiliis
1382 1069 1573 1145 saepe
1613 1061 1722 1119 est
1757 1047 2274 1138 resistendum3
2325 1071 2616 1120 eorum-

479 1189 623 1264 que
677 1161 1168 1261 periculorum
1230 1171 1339 1230 est
1398 1162 1477 1229 in
1535 1157 1906 1256 republica
1957 1158 2337 1232 retinenda
2387 1160 2614 1232 medi·

476 1277 679 1348 cina²
710 1299 727 1342 ε
767 1294 987 1368 quam
1032 1291 1321 1341 omnem
1342 1320 1361 1352 ,
1406 1266 1690 1364 judices
1711 1323 1731 1359 ‚
1781 1269 2307 1369 perdidissem,
2345 1273 2404 1342 si
2442 1295 2610 1342 meo

474 1385 775 1456 interitu
808 1383 1093 1452 senatui
1122 1378 1548 1477 populoque
1584 1403 1888 1454 romano
1925 1380 2196 1452 doloris
2225 1381 2337 1452 sui
2367 1379 2460 1452 de
2487 1405 2610 1452 me

474 1489 887 1566 declarandi
927 1503 1243 1588 potestas
1294 1504 1483 1562 esset
1523 1505 1794 1588 erepta.
1845 1493 2086 1581 Quare
2133 1515 2398 1563 moneo
2442 1515 2607 1578 vos,

474 1603 1000 1685 adolescenteS‚
1036 1614 1255 1698 atque
1292 1598 1433 1671 hoc
1478 1624 1644 1671 meo
1671 1601 1836 1696 jure
1873 1602 2208 1699 praecipio
2225 1598 2282 1690 3,
2333 1602 2462 1699 qui
2496 1599 2607 1672 di·

471 1714 819 1814 gnitatem
843 1763 867 1798 ‚
916 1710 1045 1808 qui
1092 1708 1618 1807 rempublicam
1640 1764 1661 1799 ‚
1710 1711 1838 1808 qui
1874 1709 2176 1807 gloriam
2219 1711 2602 1808 spectatis:

468 1849 599 1910 ne,
638 1823 698 1894 si
737 1844 883 1918 qua
918 1845 1049 1892 vos
1096 1819 1489 1917 aliquando
1528 1823 1912 1893 necessitas
1947 1820 2040 1894 ad
2080 1820 2606 1921 rempublicam

470 1947 725 2007 contra
796 1928 1173 2028 improbos
1234 1932 1429 2001 cives
1501 1927 2030 2002 defendendam
2098 1930 2384 2002 vocabit
2413 1985 2433 2018 ‚
2493 1954 2602 2003 se-

470 2046 759 2142 gniores
798 2041 949 2113 sitis
968 2095 989 2128 ‚
1045 2055 1119 2111 et
1170 2039 1672 2112 recordatione
1719 2044 1862 2112 mei
1917 2046 2166 2114 casus‘*
2213 2066 2254 2112 a
2289 2040 2606 2114 consiliis

468 2153 779 2227 fortibus
826 2150 1215 2249 refugiatiS.
1272 2152 1628 2239 Primum,
1667 2172 1818 2223 non
1855 2167 1976 2224 est
2021 2153 2419 2251 periculum
2440 2207 2462 2238 ‚
2510 2179 2606 2224 ne

468 2267 597 2365 qui
631 2287 979 2363 umquam
1016 2263 1159 2334 sint
1190 2263 1263 2332 in
1304 2262 1587 2334 civitate
1620 2262 1980 2358 ejusmodi
2014 2261 2389 2352 consules»,
2428 2287 2606 2363 prae·

466 2376 713 2448 sertim
772 2377 831 2445 si
888 2375 1024 2445 erit
1083 2371 1197 2443 his
1245 2371 1316 2442 id
1341 2426 1360 2451 ,
1412 2371 1615 2470 quod
1668 2371 1978 2444 debetur
1997 2427 2017 2462 ‚
2078 2375 2528 2471 persolutum
2551 2374 2602 2447 ⁵.

466 2483 747 2557 Deinde
767 2506 1168 2580 numquam
1195 2482 1341 2576 jam
1362 2536 1382 2569 ‚
1402 2497 1484 2553 ut
1509 2506 1750 2579 spere,
1784 2484 2172 2582 quisquam
2198 2485 2600 2585 improbuS‚

468 2595 773 2669 consilio
826 2608 903 2665 et
946 2592 1211 2663 auxilio
1250 2589 1620 2663 bonorum
1645 2589 1678 2635 ⁶
1731 2616 1823 2665 se«
1847 2618 2272 2693 oppugnare
2308 2620 2604 2694 rempu-

463 2705 727 2778 blicam
784 2700 1014 2789 dicet‚
1070 2700 1207 2773 illis
1262 2701 1704 2789 tacentibu3‚
1753 2726 1888 2775 nec
1936 2706 2190 2777 armati
2247 2710 2604 2779 exercitus

465 2829 818 2886 terrorem
856 2825 1184 2909 opponet
1223 2812 1514 2910 togatis3
1565 2838 1808 2910 neque
1858 2817 1995 2886 erit
2027 2815 2224 2911 justa
2256 2842 2470 2891 causa
2509 2817 2602 2889 ad

533 3002 733 3051 xxm.
769 3016 790 3048 ι
802 3036 815 3048 .
844 3000 1069 3049 Externa
1096 3000 1241 3049 bella.
1276 3000 1347 3048 De
1368 3000 1489 3048 Pro·
1649 3001 1678 3048 3
1689 3038 1704 3051 .
1719 3004 1954 3070 Moojure
1961 3005 2216 3071 proecfflo.
2235 3010 2344 3057 noe
2361 3009 2490 3057 enim
2509 3024 2602 3073 ego

466 3082 641 3131 vinciis
658 3080 1012 3141 consularibm,
1032 3081 1061 3129 3
1074 3092 1095 3129 1
1112 3095 1125 3129 ε
1148 3100 1171 3122 ι
1184 3078 1329 3129 Nulla
1348 3094 1489 3143 genn,
1576 3093 1754 3146 proter
1797 3094 1984 3133 ceteros
2019 3101 2164 3149 posse
2203 3087 2376 3137 videor
2407 3088 2566 3139 θοι-η
2583 3126 2599 3151 ,

464 3178 575 3226 quoe
610 3175 711 3209 non
741 3171 824 3208 aut
859 3161 927 3208 ita
962 3158 1159 3209 subacta
1190 3158 1280 3215 nit,
1314 3169 1371 3207 ut
1402 3158 1489 3207 vix
1577 3177 1728 3226 quum
1759 3166 1976 3213 ominium
2005 3167 2214 3217 mxime
2229 3200 2246 3226 ,
2281 3182 2428 3231 quam
2459 3180 2600 3231 grato

466 3252 652 3299 entem
686 3250 771 3287 aut
803 3238 873 3287 ita
902 3238 1115 3297 domita,
1149 3248 1203 3285 ut
1238 3239 1487 3302 quiue-u
1577 3243 1741 3291 animo
1759 3244 2032 3308 respublica
2047 3245 2182 3295 cive·
2197 3246 2384 3309 optime
2401 3250 2600 3297 merito·

464 3330 549 3368 aut
566 3320 633 3368 ita
650 3327 847 3383 pacata,
862 3327 921 3364 ut
940 3316 1145 3366 victoria
1160 3327 1325 3367 nostr·
1342 3318 1491 3383 impe-
1577 3321 1910 3387 amplectatur,
1925 3324 1979 3371 in
1999 3339 2076 3372 me
2091 3325 2202 3389 ipso
2219 3326 2310 3375 siin
2327 3336 2578 3391 expertus.

466 3400 637 3463 rioque
657 3398 847 3446 letetur
864 3417 909 3445 ιι.
1651 3406 1700 3457 4.
1719 3402 1784 3449 Ee
1801 3402 2136 3453 mor-dacione
2146 3404 2245 3453 mei
2255 3422 2416 3455 casus.
2431 3408 2600 3470 Quum

536 3492 593 3525 a.
632 3475 901 3525 Retineuda
948 3473 1203 3526 medicina.
1248 3479 1374 3540 Qua
1418 3477 1489 3525 ita
1575 3479 1757 3541 ejectus
1808 3496 1914 3529 sum
1943 3498 1958 3531 :
2007 3484 2190 3535 reditun
2239 3486 2370 3535 enim
2417 3485 2597 3550 gloria,

464 3556 723 3615 retinetur,
746 3556 787 3603 si
806 3554 967 3604 bono·
990 3565 1041 3603 et
1064 3555 1215 3605 forte·
1237 3555 1367 3603 viro·
1386 3570 1487 3603 res·
1576 3574 1678 3607 non
1735 3559 1976 3611 diocesem
2026 3564 2296 3626 ethmim,
2339 3566 2598 3629 cogitanda

463 3635 659 3700 public·
678 3635 837 3683 fovet:
858 3644 907 3682 et
924 3633 986 3682 ab
998 3634 1187 3698 impetu
1200 3632 1486 3697 insidiisque
1573 3638 1716 3687 vobin
1741 3648 1830 3689 ent.

461 3723 626 3761 tuetur
640 3712 1019 3777 improborum:
1050 3728 1139 3761 nec
1158 3712 1369 3761 alienum
1388 3712 1484 3761 hoe
1647 3717 1696 3765 5.
1731 3718 2050 3769 Persolueum.
2081 3722 2134 3771 si
2167 3732 2228 3771 nt
2259 3723 2424 3773 meriti
2451 3736 2595 3787 nunt,

458 3808 485 3840 a
506 3792 661 3840 Sextii
678 3806 821 3840 canu
838 3790 1031 3839 videtur
1051 3808 1064 3838 ε
1082 3791 1161 3837 cni
1178 3801 1383 3855 propter
1400 3806 1455 3837 en
1465 3824 1481 3850 ,
1570 3795 1640 3843 iu
1655 3796 1938 3860 punientur.

459 3872 635 3935 quein
650 3870 900 3919 tfibumtn
916 3869 1093 3935 phpro
1112 3869 1367 3929 Cicerone,
1381 3868 1481 3917 hoc
1583 3893 1590 3909 ι
1639 3876 1694 3923 6.
1725 3877 1992 3927 Bonorum.
2033 3878 2199 3927 Bono·
2230 3892 2404 3940 vocat,
2433 3882 2594 3931 Cann-

458 3961 555 4009 en,
572 3965 667 4014 pro
684 3948 932 4014 republica
958 3958 1165 4011 generat
1180 3980 1195 4005 ,
1222 3948 1481 3995 excitatam
1571 3966 1672 4001 rem
1685 3986 1701 4012 ,
1715 3954 2002 4019 Pompeium
2015 3988 2032 4015 ‚
2051 3956 2298 4021 Cum,
2311 3974 2438 4023 qno.
2451 3976 2597 4009 σιω.

454 4029 779 4077 accusationis
812 4026 1071 4092 procellnm
1106 4042 1207 4075 non
1238 4026 1383 4075 nemci
1414 4027 1481 4074 ei·
1571 4040 1668 4089 nt,
1685 4042 1744 4079 ut
1765 4032 1818 4081 in
1839 4035 2062 4085 consule·
2083 4046 2134 4083 et
2149 4036 2378 4087 Clodium
2397 4038 2594 4103 culpam

452 4105 667 4172 gnificat.
1571 4121 1819 4161 convertat
1842 4114 2135 4163 universnm.
