2996 4694
753 383 1130 454 ORATIO
1180 385 1284 453 IN
1335 383 1412 450 L.
1461 383 1543 450 C.
1595 380 2087 450 PISONEM.

352 502 998 603 constringendum
1053 517 1440 601 putarent:

2334 379 2472 477 387

1491 502 1905 600 praesidium
1944 515 2025 574 tu
2065 503 2321 601 populi
2353 529 2478 576 ro·-

353 620 584 705 mani,
624 614 1023 688 custodiam
1073 616 1485 712 provinciae,
1520 614 1803 708 injussu
1858 611 2111 710 pop'uli
2152 629 2477 686 senatus·

354 749 500 822 que
541 724 962 806 dimisisses,
999 725 1060 794 si
1097 738 1236 792 tuae
1273 723 1537 794 mentis
1564 745 1865 819 compos
1892 720 2191 794 fuisses?

450 837 640 904 XXI.
685 837 866 904 Ecce
915 831 1049 903 tihi
1095 831 1336 919 alter1,
1381 829 1613 902 effusa
1648 833 1795 926 jam
1845 835 2157 902 maxima
2202 834 2481 930 praeda,

356 968 576 1039 quam
601 968 691 1014 ex
731 941 1041 1014 fortunis
1075 942 1689 1040 publicanorum,
1710 966 1797 1014 ex
1824 945 2011 1038 agris
2032 941 2487 1042 urbibusque

359 1055 720 1126 sociorum
753 1053 1212 1140 exhauserat,
1251 1075 1482 1149 quum
1522 1055 1783 1150 partim
1818 1052 1973 1147 ejus
2019 1055 2277 1148 praedae
2311 1079 2485 1152 pro-

359 1163 600 1236 fnndae
629 1163 966 1236 libidines
997 1161 1494 1250 devorassent,
1533 1165 1793 1262 partim
1828 1187 2015 1234 nova
2052 1165 2381 1261 quaedam
2416 1181 2488 1238 et

363 1273 676 1346 inaudita
717 1276 1032 1347 luxuries
1051 1329 1070 1362 ,
1099 1271 1403 1373 partim³
1432 1276 1647 1347 etiam
1675 1275 1753 1344 in
1782 1275 1921 1346 illis
1947 1275 2123 1346 locis
2140 1329 2158 1360 ,
2184 1275 2311 1346 ubi
2342 1299 2489 1346 om·

363 1387 476 1455 nia
506 1385 828 1482 diripuit,
853 1389 1278 1483 emptiones,
1295 1389 1555 1484 partim
1588 1385 2155 1481 permutationes
2176 1385 2269 1454 ad
2298 1385 2497 1456 hunc

361 1496 846 1566 Tusculanum
885 1498 1255 1567 montem⁴
1297 1493 1855 1582 exstruendum3
1902 1519 2129 1592 quum
2154 1495 2299 1591 jam
2338 1519 2499 1594 ege-

361 1620 508 1694 ret,
546 1631 774 1703 quum
811 1606 930 1677 illa
957 1607 1112 1701 ejus
1149 1609 1492 1677 immensa
1514 1621 1587 1678 et
1622 1605 2091 1678 intolerabilis
2124 1605 2499 1678 aedificatio

364 1713 892 1802 constitisset5,
937 1741 1014 1788 se
1065 1719 1342 1814 ipsum,
1387 1715 1611 1788 fasces
1666 1741 1871 1804 suos„
1926 1718 2319 1788 exercitum
2362 1743 2497 1815 po-

365 1825 516 1925 puli
546 1829 823 1898 romani
841 1823 898 1914 ⁶,
927 1851 1200 1898 numen
1231 1826 1845 1924 interdictumque
1871 1828 2177 1897 deorum
2203 1830 2497 1900 immor—

367 1937 651 2024 talium,
691 1963 1042 2035 responsa
1075 1937 1533 2009 sacerdotum
1560 1949 1612 2024 ⁷,
1652 1934 2149 2008 auctoritatem
2174 1953 2499 2024 senatuS,

361 2049 554 2143 jussa
585 2047 878 2146 populi,
919 2073 1186 2118 nomen
1219 2072 1300 2119 ac
1327 2048 1745 2145 dignitatem
1772 2049 2092 2144 imperii,
2118 2051 2269 2144 regi
2306 2053 2503 2146 AEgy-

369 2159 524 2254 ptio
565 2155 909 2229 vendidit.
957 2161 1206 2248 Quum
1239 2157 1421 2229 fines
1449 2159 1833 2256 provinciae
1878 2172 2119 2228 tantos
2160 2157 2500 2250 haberet,

371 2287 680 2371 quantos
725 2271 1101 2359 'voluerat,
1159 2287 1474 2371 quantos
1518 2276 1921 2371 optaverat}
1978 2286 2291 2369 quantos
2354 2272 2501 2344 mei

371 2385 622 2483 capitis
651 2387 888 2481 pretio
922 2384 1394 2481 periculoque
1421 2378 1769 2470 emerat83
1808 2382 1921 2452 his
1957 2404 2035 2452 se
2065 2397 2315 2454 tenere
2346 2406 2499 2453 non

371 2567 636 2627 pertinent,
680 2580 742 2612 eo
771 2564 944 2624 majori
969 2564 1144 2629 dignus
1175 2564 1388 2612 animad-

369 2646 594 2695 versione
615 2646 812 2694 videris.

442 2727 588 2774 xxt.
637 2742 686 2773 1.
728 2727 852 2772 Ecce
887 2722 970 2771 ἄδι·
1006 2723 1148 2771 alter.
1191 2723 1392 2773 Gabinii

375 2804 586 2852 furorem
617 2821 681 2852 ex
705 2820 765 2853 eo
796 2802 1051 2862 desei-ibit,
1077 2802 1214 2867 quod
1247 2804 1388 2867 expi-

373 2882 554 2931 latione
587 2883 742 2947 Syriae
768 2898 870 2931 non
897 2882 1124 2942 satiatus,
1150 2898 1200 2930 se
1230 2882 1389 2930 Ptole-

373 2978 520 3021 maeo,
545 2962 855 3011 Alexandriae
873 2962 972 3025 regi
985 2999 998 3021 ,
1018 2976 1128 3009 cum
1147 2962 1360 3011 exercitu
1377 2996 1392 3021 ,

373 3041 596 3091 mercede
615 3052 754 3105 pecta
778 3041 1038 3089 addixerit.

448 3139 497 3169 α.
531 3120 847 3183 Eaejbreum's
866 3120 1255 3185 publicanorum.
1293 3122 1390 3168 Pu·

377 3200 555 3249 hlicnni
573 3211 709 3249 erant
727 3200 914 3265 equites
926 3198 1112 3247 romani
1131 3200 1394 3263 :equestris

379 3290 536 3328 sutem
551 3278 736 3328 ordinis
751 3280 1110 3328 inimicissimus
1131 3278 1393 3335 Gabinius;

378 3360 542 3423 itaque
574 3360 700 3408 dixit
728 3358 898 3407 consul
917 3394 931 3419 ,
962 3356 1096 3422 quod
1133 3359 1186 3405 in
1221 3374 1277 3405 ea
1301 3372 1394 3422 pro

381 3440 548 3488 Sextio
561 3476 574 3499 ,
591 3440 712 3488 etin
735 3458 789 3489 ea
807 3450 920 3506 post
937 3436 1061 3487 ned.
1087 3439 1140 3485 in
1158 3453 1259 3486 sen.
1283 3437 1399 3484 scri-

378 3528 520 3583 ptum
560 3528 668 3566 est:
703 3518 902 3582 Equites
939 3532 1164 3564 romanos
1197 3515 1396 3563 daturos

379 3596 508 3644 illius
535 3594 633 3644 diei
658 3612 852 3661 poenas,
892 3610 1021 3659 quo,
1057 3610 1133 3641 me
1165 3592 1396 3653 consule,

379 3690 492 3723 eum
528 3672 699 3739 gladiis
733 3674 782 3722 in
817 3674 946 3721 clivo
973 3672 1255 3738 Capitolino
1279 3672 1398 3719 fuis·

378 3764 503 3803 sent.
532 3756 592 3801 In
614 3752 753 3818 Syria
783 3768 899 3801 vero
923 3748 1214 3817 proconsul,
1245 3766 1398 3813 quan·

381 3847 486 3882 turn
507 3834 560 3881 in
585 3848 644 3880 eo
667 3832 783 3894 fnit,
811 3830 1099 3896 publicanos
1125 3828 1320 3887 afflixit,
1343 3844 1398 3876 uc

378 3912 608 3977 perdidit.

455 3986 503 4039 3.
533 3990 733 4039 Partim.
761 3986 978 4036 Verbum
999 3984 1124 4033 illud
1145 3996 1405 4048 usurpatur

1552 2575 1601 2623 4.
1640 2567 1872 2612 Mentem.
1911 2564 1991 2613 Al.
2025 2564 2213 2613 addunt
2240 2565 2292 2613 t’n
2323 2578 2497 2615 monce.

1476 2641 1605 2691 villu
1650 2652 1748 2691 erat
1795 2646 1953 2693 monti
1990 2644 2199 2693 similior
2232 2661 2377 2709 quam
2420 2646 2505 2693 do·

1475 2736 1600 2771 mus.
1626 2725 1679 2771 J.
1700 2728 1763 2773 Va
1788 2727 1841 2773 L.

1559 2798 1609 2850 5.
1652 2802 1982 2853 Intolerabilis
2028 2802 2289 2871 aedificatio
2334 2803 2500 2851 eonsti-

1479 2880 1627 2930 tissee.
1669 2882 1785 2931 Non
1818 2885 2056 2949 potuisset
2088 2884 2277 2932 absolvi
2303 2894 2503 2949 propter

1479 2960 1657 3010 nimios
1678 2974 1918 3027 sumptus.
2408 3008 2427 3029 ,

1553 3042 1602 3088 6.
1626 3042 1903 3091 Exercitum
1920 3042 2092 3107 populi
2106 3042 2311 3091 romani.
2342 3042 2507 3091 Ptole·

1481 3117 1629 3165 maeus
1645 3118 1859 3177 Auletes,
1876 3116 2188 3169 Alexandriae
2213 3134 2324 3179 rex,
2351 3136 2379 3167 a
2403 3122 2505 3168 suis

1482 3196 1712 3260 expulsus
1724 3232 1739 3255 ,
1760 3215 1786 3245 a
1808 3209 1977 3247 senatu
1995 3199 2231 3247 auxilium
2248 3200 2510 3265 petiverat,

1482 3284 1539 3324 ut
1566 3278 1623 3323 iu
1656 3292 1855 3340 regnum
1884 3278 2230 3327 restitueretur.
2279 3276 2507 3345 Sibyllini

1484 3364 1643 3403 sutem
1656 3354 1771 3403 libri
1790 3356 2131 3421 prohibebant,
2148 3372 2209 3404 ne
2230 3373 2340 3404 cum
2363 3361 2507 3407 armis

1483 3434 1821 3482 remitteretur.
1863 3436 2103 3484 Gabinius
2128 3454 2245 3486 vero
2272 3451 2507 3488 renuente

1484 3524 1653 3562 senatu
1675 3552 1690 3577 ‚
1737 3532 1789 3563 se
1843 3517 2003 3580 ipsum
2054 3517 2233 3565 obtulit
2282 3520 2505 3568 mercede

1482 3604 1627 3657 pacta
1640 3628 1654 3653 ‚
1673 3596 2036 3661 exercitumque
2056 3597 2105 3643 in
2124 3600 2393 3663 AEgyptum
2412 3610 2507 3649 trs·

1486 3671 1661 3733 duxit;
1698 3674 1769 3721 sie
1806 3676 1915 3722 eaesi
1956 3675 2308 3741 Alexandrini,
2350 3679 2511 3727 Ptole·

1487 3766 1732 3814 maeusque
1754 3753 1806 3798 in
1834 3770 2033 3817 regnum
2053 3755 2148 3802 suit
2171 3756 2434 3804 restitutus.

1563 3846 1609 3889 7.
1633 3830 1879 3893 Responsa
1902 3832 2227 3883 sacerdotum.
2250 3835 2375 3898 Quia
2396 3832 2510 3880 libri

1491 3908 1718 3972 Sibyllini
1736 3910 1979 3959 vetabant.
2002 3914 2127 3973 Dio,
2148 3914 2237 3961 lib.
2262 3914 2511 3961 xxxlx.

1572 3986 1619 4033 8.
1656 3988 1869 4035 Emer-at.
1898 3992 1943 4036 A
1974 3990 2173 4039 tribuno
2206 3990 2274 4056 pl.
2308 3988 2484 4040 Clodio
2506 4025 2521 4049 ,

378 4084 472 4133 pro
511 4080 722 4133 partem.
772 4064 1034 4115 nari-sime
1080 4064 1296 4111 occurrit
1337 4062 1408 4109 sic
1502 4064 1587 4127 qui
1610 4062 1763 4127 legem
1787 4064 1897 4111 tulit
1923 4065 1983 4113 de
2010 4070 2295 4115 Macedonis
2325 4066 2521 4125 Pisoni,

383 4146 612 4209 positum.

1508 4144 1647 4207 Syria
1666 4142 1879 4189 Gabinio
1901 4144 2146 4195 tradenda.

2172 4214 2279 4286 25.
