2996 4694
515 418 658 498 420
1139 414 1236 479 M.
1287 412 1366 478 T.
1421 411 1993 480 CICERONIS

446 521 453 529 ’
508 536 886 633 idemque,
944 547 1026 603 ut
1071 529 1340 619 essetfi,
1386 530 1587 629 quod
1655 532 1731 603 in
1793 531 1953 602 basi
2008 546 2453 632 tropaeorum
2507 537 2626 606 in·

505 643 723 718 scribi
757 641 1157 739 incidique?
1195 655 1462 739 posset,
1500 639 2031 738 Dyrrhachium
2066 657 2153 713 ut
2179 643 2639 732 venit,dece-

505 757 723 840 denS,
758 753 1090 825 obsessus
1133 765 1241 822 est
1268 750 1359 822 ab
1399 753 1485 822 iis
1518 753 1693 848 ipsis
1739 751 2120 840 militibus,
2162 778 2347 850 quos
2385 755 2636 853 paullo
2722 779 2731 788 ·

505 879 670 936 ante
709 868 1079 960 Torquato
1119 860 1494 959 respondit
1544 859 1887 932 beneficii
1930 858 2190 934 causa⁸
2227 861 2321 934 ab
2366 889 2441 935 se
2478 889 2635 937 esse

505 977 854 1048 dimissos.
899 971 1184 1064 Quibus
1229 996 1457 1069 quum
1483 971 1769 1066 juratus
1815 970 2279 1062 affirmasset,
2321 999 2429 1065 se,
2470 1001 2634 1073 quae

504 1085 975 1170 deberentur,
1036 1095 1329 1180 postero
1386 1080 1505 1153 die
1565 1081 2143 1180 persoluturum,
2198 1083 2503 1156 domum
2554 1111 2632 1158 se

505 1194 823 1280 abdidit3
870 1192 1038 1264 inde
1101 1206 1313 1262 nocte
1366 1193 1835 1290 intempesta,
1890 1192 2372 1290 crepidatuso,
2434 1210 2629 1267 veste

503 1305 777 1390 servili,
819 1327 1073 1374 navem
1102 1299 1557 1386 conscendit,
1594 1302 2198 1400 Brundisiumque
2228 1305 2475 1375 vitavit
2498 1360 2517 1393 ,
2555 1321 2629 1377 et

501 1412 794 1486 ultimas
833 1411 1252 1482 Hadriani-¹⁰
1290 1413 1505 1481 maris
1534 1435 1696 1481 oras
1740 1416 2039 1508 petivit:
2076 1439 2307 1511 quum
2336 1416 2623 1486 interim

498 1522 925 1621 Dyrrhachii
955 1521 1213 1592 milites
1241 1520 1573 1609 domum,
1609 1522 1685 1590 in
1719 1547 1863 1618 qua
1895 1523 2109 1594 istum
2142 1548 2296 1595 esse
2330 1523 2621 1598 arbitra-

498 1633 803 1719 bantur,
849 1629 1180 1702 obsidere
1217 1645 1639 1727 coeperunt,
1686 1646 1792 1719 et,
1845 1655 2075 1728 quum
2113 1633 2337 1704 latere
2385 1633 2621 1705 homi-

499 1767 668 1815 nem
736 1755 1117 1841 putarent,
1181 1744 1384 1838 ignes
1462 1739 2115 1814 circumdederunt.
2188 1746 2359 1836 Quo
2418 1759 2619 1817 metu

501 1855 845 1925 commoti
885 1850 1396 1949 Dyrrhachini,
1437 1851 1843 1950 profugisse
1898 1857 2129 1924 noctu
2172 1853 2619 1951 crepidatum

500 1967 1006 2063 imperatorem
1045 1961 1567 2033 indicaverunt.
1615 1962 1719 2032 Illi
1764 1975 2005 2034 autem
2042 1976 2378 2050 statuam,
2419 1967 2624 2035 istius

501 2073 975 2172 persimilem,
1007 2095 1225 2168 quam
1253 2086 1440 2142 stare
1471 2068 1983 2142 celeberrimo
1964 2097 2043 2142 m
2070 2072 2233 2144 loco
2258 2073 2625 2162 voluerat,

499 2208 596 2254 ne
624 2181 1018 2254 suavissimi
1046 2179 1361 2252 hominis
1385 2183 1733 2253 memoria
1758 2196 2183 2270 moreretur,
2212 2181 2623 2270 deturbant,

502 2289 858 2391 affligunt,
893 2291 1435 2377 comminuunt,
1487 2290 1836 2390 dissipant
1881 2317 1897 2362 ε
1949 2291 2050 2363 sic
2089 2292 2374 2382 odium,
2420 2293 2623 2391 quod

497 2406 576 2473 in
611 2405 852 2500 ipsum
893 2401 1315 2485 attulerant,
1369 2399 1441 2470 id
1486 2404 1561 2472 in
1606 2402 1763 2497 ejus
1804 2404 2188 2499 imaginem
2222 2428 2305 2476 ac
2337 2406 2626 2477 simula-

502 2536 705 2584 crum
739 2508 1237 2608 profuderunt.
1283 2565 1288 2569 .

595 2624 775 2712 Quae
823 2643 1051 2717 quum
1101 2620 1196 2689 ita
1245 2620 1509 2701 sint11,
1563 2644 1717 2691 non
1776 2620 2067 2709 dubito,
2122 2625 2339 2721 quin,
2391 2648 2623 2722 quum

574 2796 624 2843 6.
649 2792 911 2855 Idemque,
936 2802 992 2839 ut
1011 2802 1142 2840 esset.
1171 2790 1412 2839 Describit
1429 2789 1520 2838 mi·

501 2875 644 2923 litum
661 2874 828 2922 odium
841 2910 856 2935 ,
877 2888 978 2937 quo
998 2874 1050 2920 iu
1071 2873 1299 2922 Pisonem
1320 2880 1521 2935 propter

503 2954 656 3019 ipsius
693 2952 964 3011 unitim,
1003 2962 1052 3000 et
1088 2950 1382 3017 stipendium
1413 2966 1519 2998 uon

503 3033 800 3099 persolutum
813 3040 1103 3102 mmet-anu
1120 3029 1185 3079 sd
1197 3030 1335 3095 quod
1352 3030 1521 3079 festive

502 3111 767 3172 delabitur,
791 3110 928 3174 quasi
953 3110 1076 3157 nihil
1106 3108 1381 3172 praeclarius
1407 3124 1517 3171 gee-

502 3192 674 3253 sisset,
712 3188 848 3254 quod
882 3188 936 3236 in
970 3198 1156 3253 tropoeo
1195 3187 1484 3236 scriberetur
1502 3224 1520 3247 ,

504 3286 649 3336 qnam
683 3270 819 3333 quod
847 3284 876 3315 s
907 3267 1007 3315 suis
1037 3266 1270 3317 militibus
1293 3266 1521 3316 obsessus

498 3350 684 3396 fuisset.

578 3444 625 3487 7.
648 3423 1444 3489 A1.m01dumnbaques.v.1,.

577 3506 628 3553 8.
677 3502 910 3571 Beneficii
950 3520 1120 3553 causa.
1169 3505 1515 3559 Dimittuntur,

505 3583 685 3649 quibus
711 3584 918 3646 gratiosa
947 3582 1174 3630 missione
1209 3580 1517 3643 indulgetur,

506 3662 643 3728 qussi
674 3662 740 3711 ob
773 3662 1020 3726 praemium
1053 3659 1244 3705 virtutis
1277 3659 1515 3719 militaria

505 3757 650 3807 quam
687 3742 773 3805 qui
803 3738 1089 3801 consequuti
1125 3737 1314 3787 fuerant
1327 3770 1342 3794 ‚
1370 3736 1521 3785 bene-

503 3820 674 3869 ficiarii
697 3830 808 3867 sunt
828 3816 1075 3882 appellati.

577 3916 631 3963 9.
683 3896 982 3962 crepidatus.
1037 3896 1182 3943 More
1237 3896 1521 3943 Graecorum

505 3978 745 4033 soleatus,
783 3991 886 4023 non
911 3976 1244 4022 Romanorum
1269 3974 1521 4033 instituto,

504 4060 590 4122 qui
643 4055 816 4105 calceis
872 4055 944 4102 uti
998 4064 1304 4102 consuerant.
1357 4054 1523 4119 Crepi-

505 4137 579 4183 dae
615 4133 790 4198 sepius
826 4133 1010 4197 probro
1049 4132 1271 4193 objectoe.
1304 4134 1492 4181 Persius
1506 4168 1521 4191 ,

1606 2803 1691 2839 sat.
1710 2794 1761 2841 1:
1783 2814 1807 2834 α
1822 2792 1937 2842 Nou
1955 2793 2037 2841 bic
2055 2793 2211 2856 quiin
2228 2794 2437 2858 crepidis
2454 2794 2627 2843 Graio-

1605 2888 1713 2919 rum
1744 2870 1911 2919 ludere
1945 2873 2086 2938 gestit
2106 2894 2150 2921 a.
2184 2874 2520 2937 Reprehensus
2548 2887 2627 2925 est

1607 2951 1775 3016 Scipio
1810 2951 1951 3015 quod
1982 2951 2035 2999 iu
2057 2952 2227 3025 'Sicilia
2242 2986 2259 3011 ‚
2292 2970 2401 3002 eum
2428 2953 2589 3019 pallio
2604 2988 2621 3013 ,

1606 3030 1909 3096 crepidisque
1925 3031 2225 3081 inambaedare
2242 3033 2494 3083 diceretur.

1683 3125 1765 3159 ιο.
1790 3110 1987 3158 uum.
2012 3110 2275 3160 Adriatici.
2301 3112 2354 3160 J.
2370 3114 2433 3161 V.
2459 3098 2514 3161 1..

1682 3204 1763 3235 n.
1802 3189 1926 3253 Quoe
1956 3204 2105 3253 quum
2140 3188 2213 3237 ita
2241 3189 2353 3239 sine.
2388 3190 2533 3250 Piso,
2568 3200 2625 3238 ut

1606 3266 1843 3327 vidimus,
1878 3268 2093 3317 'muium
2138 3268 2440 3319 lacessiverat
2459 3303 2475 3329 ,
2511 3282 2627 3317 eum

1608 3362 1784 3410 rogans
1810 3362 1897 3394 cur
1922 3347 2017 3412 ipsi
2046 3364 2224 3395 nomen
2255 3364 2357 3397 nou
2388 3349 2627 3409 deferret3

1608 3426 1821 3473 ostendit
1852 3426 2027 3476 Cicero
2062 3427 2154 3475 sibi
2184 3428 2376 3475 Pisonis
2410 3427 2625 3475 facinora

1607 3513 1853 3567 comperta
1884 3504 1955 3552 sic
1986 3520 2087 3553 esse
2105 3538 2119 3563 ,
2156 3516 2211 3552 ut
2244 3505 2287 3553 si
2310 3506 2461 3564 velit,
2486 3504 2629 3553 facile

1608 3582 1764 3645 possit
1790 3599 1899 3631 eum
1925 3583 2030 3647 lege
2066 3584 2127 3631 de
2158 3584 2442 3648 repetundis
2464 3599 2627 3631 accer-

1608 3674 1741 3721 sere3
1774 3660 1923 3724 idque
1954 3662 2251 3711 demonstrat
2280 3662 2413 3711 hunc
2438 3662 2492 3711 iu
2516 3676 2627 3710 mo-

1608 3738 1725 3787 dum
1754 3753 1767 3787 :
1815 3750 2073 3804 postquam
2110 3742 2409 3789 enumeravit
2448 3740 2627 3789 scelera

1609 3834 1717 3883 quae
1742 3819 1949 3867 eminere
1978 3819 2287 3881 videbantur,
2312 3820 2487 3869 frustm
2512 3818 2630 3867 sub-

1604 3898 1712 3957 jicit
1748 3914 1797 3945 se
1834 3909 2221 3946 enumeraturum
2262 3915 2364 3946 esse
2398 3914 2483 3957 ea,
2518 3913 2629 3960 qun

1611 3975 1743 4022 velut
1791 3978 1845 4023 in
1894 3976 2036 4024 turbs
2085 3976 2374 4025 delitescunt
2398 3990 2417 4036 3
2470 3992 2627 4039 neque

1610 4055 1737 4105 enim
1762 4054 1804 4102 si
1828 4069 1974 4118 parva
2000 4070 2099 4103 non
2120 4066 2314 4113 nosset,
2345 4054 2628 4105 excellentis

1610 4133 1807 4197 seligere
1828 4133 2083 4196 potuisset.
