2996 4694
785 383 1175 454 ORATIO
1223 381 1424 452 PRO
1446 365 1547 450 T.
1589 383 1672 450 A.
1725 381 2148 454 M1LONE.
2395 385 2540 484 495

400 513 547 572 tam
592 494 861 568 nefaria
901 493 1181 581 bellua,
1212 491 1510 580 docere,
1537 517 1874 590 magnam
1911 495 1980 564 ei
2013 518 2340 582 causam,
2381 524 2534 572 ma-

399 633 615 706 gnam
644 631 846 705 spem
880 607 957 676 in
982 605 1279 678 Milonis
1306 617 1542 676 morte
1570 604 2050 701 propositam,
2078 629 2370 704 magnas
2405 613 2540 682 uti..

400 717 635 788 litates
696 714 937 788 fuisse.
1008 719 1263 812 ltaque
1338 712 1520 785 illud
1583 714 1999 785 Cassianum
2019 717 2078 801 ⁴,
2150 721 2282 788 Um
2349 746 2538 794 nouo

402 853 683 912 runnu,
724 830 803 898 in
830 827 943 898 his
979 827 1311 952 personis
1338 805 1589 896 valeat.
1627 827 1780 896 Etsi
1816 822 1997 895 boni
2028 825 2233 898 nullo
2267 831 2542 902 emolu·

400 953 655 1010 mento
698 938 1225 1036 impelluntur
1206 959 1282 1006 in
1319 932 1686 1018 fraudem,
1723 933 2044 1034 improbi
2075 960 2264 1035 saepe
2300 962 2544 1037 parvo.

400 1051 660 1146 Atqui,
710 1049 985 1120 Milone
1021 1044 1438 1133 interfecto,
1479 1044 1778 1118 Clodius
1817 1045 1958 1118 hoc
1995 1049 2542 1146 assequebatur,

402 1182 554 1230 non
592 1157 815 1229 modo
854 1172 937 1229 ut
973 1171 1239 1256 praetor
1280 1170 1471 1228 esset
1505 1179 1656 1226 non
1691 1181 1780 1228 eo
1825 1158 2154 1244 consule,
2193 1185 2346 1257 quo
2383 1186 2543 1234 sce-

403 1267 571 1340 leris
603 1268 785 1339 nihil
816 1266 1050 1341 facere
1081 1281 1360 1367 posset,
1395 1265 1524 1339 sed
1560 1269 1774 1339 etiam
1809 1281 1892 1339 ut
1924 1262 2084 1340 his⁵
2118 1273 2542 1348 consulibus

403 1394 669 1476 praetor
714 1393 937 1465 esset,
985 1376 1255 1474 quibus
1292 1379 1352 1448 si
1399 1401 1554 1450 non
1596 1377 2145 1473 adjuvantibus,
2181 1397 2254 1453 at
2291 1387 2542 1456 'conni-

400 1488 739 1560 ventibus
767 1500 999 1574 certe,
1028 1501 1421 1585 sperasset,
1464 1511 1542 1560 se
1575 1511 1786 1585 posse
1829 1489 2350 1589 rempublicam
2393 1495 2540 1566 elu-

402 1595 616 1670 dere⁶
635 1600 713 1670 in
736 1600 879 1671 illis
903 1602 1049 1670 suis
1070 1601 1227 1694 cogi
1238 1599 1401 1670 tatis
1425 1595 1800 1670 furoribus
1825 1629 1842 1670 :
1866 1601 2070 1696 cujus
2095 1601 2199 1672 illi
2219 1619 2544 1691 conatuS,

400 1723 484 1780 ut
525 1710 679 1806 ipse
732 1707 1381 1795 ratiocinabaturv,
1424 1715 1598 1798 nec,
1643 1713 1702 1781 si
1756 1727 2092 1808 possent,
2145 1717 2544 1813 reprimere

402 1836 789 1918 cuperent,
852 1845 1083 1917 quum
1154 1834 1441 1892 tantum
1504 1819 1946 1892 beneficium
2008 1824 2076 1892 ei
2141 1847 2218 1895 se
2277 1824 2546 1897 debere
2601 1909 2613 1920 ο

400 1929 973 2018 arbitrarentur;
1031 1944 1141 2016 et,
1206 1932 1265 2000 si
1324 1929 1640 2014 vellent,
1703 1927 2006 2001 fortasse
2070 1932 2190 2001 vix
2248 1950 2546 2032 possent

402 2035 735 2136 frangere
763 2038 1079 2109 hominis
1111 2038 1635 2110 sceleratissimi
1667 2038 2210 2111 corroboratam
2233 2041 2382 2137 jam
2430 2069 2546 2116 ve-

400 2161 669 2220 tustate
705 2146 1100 2219 audaciam.

498 2268 615 2329 An
653 2282 860 2346 ver0,
896 2257 1178 2355 judices
1200 2313 1219 2346 ,
1257 2282 1385 2330 vos
1434 2257 1570 2329 soli
1601 2259 1948 2357 ignoratis
1964 2251 2021 2349 ⁸,
2057 2285 2186 2332 vos
2228 2261 2550 2364 hospites
2655 2356 2670 2363 -

402 2369 479 2437 in
518 2367 655 2439 hac
690 2366 879 2439 urbe
920 2370 1347 2440 versamini?
1383 2382 1634 2441 vestrae
1671 2373 2278 2469 peregrinantum
2312 2398 2548 2460 aures,

402 2503 642 2577 neque
674 2482 753 2549 in
795 2478 939 2551 hoc
979 2494 1369 2579 pervagato
1411 2481 1720 2551 civitatis
1765 2505 2106 2554 sermone
2147 2501 2545 2573 versantur,

401 2615 583 2690 quas
611 2591 729 2662 ille
759 2591 987 2687 legeS,
1022 2593 1079 2661 si
1108 2589 1301 2686 leges
1335 2590 1804 2662 nominandae
1830 2606 2034 2678 sunt,
2069 2618 2152 2663 ac
2180 2620 2332 2666 non
2357 2592 2549 2667 faces

401 2698 636 2788 urbiS,
674 2715 747 2772 et
785 2716 1021 2798 pestes
1060 2698 1517 2799 reipublicae,
1560 2698 1782 2772 fuerit
1823 2702 2296 2801 impositurus
2331 2703 2548 2776 nobis

402 2808 777 2897 omnibuS,
840 2826 1061 2907 atque
1116 2812 1540 2907 inusturus?
1599 2810 1920 2900 Exhibe,
1985 2838 2268 2910 quaes0,
2331 2819 2542 2887 Sexte

402 2919 611 2992 Clodi
642 2930 709 2965 ¹⁰
732 2976 753 3009 ,
814 2920 1077 2993 exhibe
1130 2920 1508 2993 librarium
1555 2920 1742 2992 illud
1805 2921 2046 3020 legum
2098 2938 2542 3011 vestrarum,

401 3164 530 3211 inter
562 3180 617 3212 ee
650 3164 903 3213 sententia
930 3178 1099 3211 omne·
1127 3160 1343 3209 beream
1376 3171 1428 3208 et

402 3254 773 3293 connectantur.

476 3330 523 3377 4.
555 3320 853 3370 Cassianum.
876 3320 993 3369 Fuit
1008 3320 1194 3383 integer
1210 3334 1427 3369 severus·-

402 3415 499 3464 que
526 3399 695 3459 judex.
732 3404 901 3465 Quum
938 3400 999 3447 de
1023 3400 1225 3449 homine
1258 3398 1427 3447 occiso

402 3478 727 3543 qum-ebatur,
755 3478 1017 3537 suadebat,
1041 3490 1101 3527 ut
1124 3480 1259 3543 prins
1282 3478 1427 3527 anim·

400 3557 741 3616 adverterent,
767 3559 847 3605 cni
871 3557 1009 3605 bono
1034 3558 1233 3617 fuisset,
1268 3558 1427 3622 perire

400 3654 539 3699 eum,
558 3636 621 3685 de
636 3636 775 3697 cujus
794 3652 909 3685 ηοω
928 3652 1005 3684 ree
1021 3648 1261 3700 ageretur.

474 3716 524 3765 5.
550 3714 640 3765 His
658 3713 959 3763 consulibus.
987 3716 1217 3780 Scipione
1244 3727 1291 3766 et
1313 3718 1427 3781 115-

399 3781 553 3862 peaeo‚
570 3810 779 3860 quorum
798 3793 1088 3859 petitionem
1112 3796 1316 3847 Clodius
1336 3795 1426 3844 ed-

396 3878 613 3940 juverat.

472 3957 525 4005 6.
553 3953 820 4011 nuncu-iun,
846 3952 903 3999 in
921 3949 1183 4002 Animndv.
1210 3969 1265 4016 p.
1294 3962 1427 4017 492,

400 4036 538 4097 eoni-
564 4034 747 4083 elidere
762 4042 811 4079 et
827 4029 1101 4079 concitatis.
1131 4033 1185 4081 J.
1202 4033 1267 4081 V.
1296 4036 1355 4082 L.

476 4132 523 4177 7.
556 4116 622 4162 Ue
639 4113 740 4179 ipse
759 4107 1163 4161 ratiocinabatur.
1185 4112 1307 4161 lino
1332 4110 1427 4170 eit,

1515 3174 1578 3207 ne
1599 3158 1750 3207 nimia
1773 3160 2054 3223 Scipionem
2079 3162 2298 3227 Pompeii
2321 3178 2546 3211 socerum

1515 3238 1756 3288 offendat.

1585 3320 1640 3369 8.
1687 3318 1786 3367 Vos
1827 3317 1933 3368 sote·
1977 3318 2232 3385 ignoratis.
2291 3320 2371 3369 Ad
2415 3321 2550 3371 hunc

1513 3398 1680 3447 locum
1703 3399 1774 3447 iu
1799 3398 2136 3461 Quintilianus
2157 3412 2172 3449 ε
2201 3421 2228 3441 ιι
2248 3400 2366 3465 Non
2389 3402 2548 3451 nolum

1513 3492 1624 3543 quo
1659 3478 1786 3525 facta
1823 3478 1958 3536 sint,
1996 3487 2082 3525 aut
2114 3475 2264 3537 fiant,
2289 3480 2375 3529 ned
2403 3482 2547 3529 etiarn

1514 3574 1626 3621 qua
1655 3556 1818 3605 futura
1846 3557 1986 3616 sint,
2020 3566 2106 3605 aut
2141 3557 2303 3607 futura
2337 3560 2547 3621 fuerint,

1513 3636 1887 3699 imaginamur».
1909 3634 2046 3687 Mire
2063 3646 2238 3685 metat
2255 3635 2360 3687 haec
2379 3639 2552 3688 Cicero

1515 3730 1609 3780 pro
1630 3715 1822 3765 Milone
1837 3750 1856 3773 ,
1879 3731 1999 3781 quae
2027 3714 2244 3765 facturus
2266 3717 2414 3767 fuerit
2437 3719 2554 3767 Clo·

1517 3794 1628 3843 diue
1643 3828 1660 3855 ,
1676 3794 1718 3843 ei
1739 3806 2004 3859 preturam
2033 3796 2306 3849 invasisset.

1585 3890 1640 3938 9.
1675 3875 2070 3941 Perqrisaeanwr
2095 3891 2262 3923 aures.
2289 3878 2353 3923 H.
2380 3892 2424 3923 e.
2453 3890 2555 3923 non

1513 3965 1780 4017 personant
1799 3955 1876 4003 hie
1897 3954 2166 4011 omnibus,
2182 3968 2292 4017 que
2313 3952 2375 4001 de
2393 3952 2560 4003 clodii

1515 4031 1708 4096 legibus
1729 4033 1890 4097 pelam
1907 4034 2258 4099 profan-untur.

1593 4126 1673 4161 ιο.
1697 4112 1846 4161 Sexte
1861 4110 2016 4163 clodi.
2039 4101 2450 4173 Gbmt'flssuinom
2469 4110 2554 4161 {lle
