2996 4694
682 387 1075 458 ORATIO
1120 389 1331 457 PRO
1384 388 2267 460 REGE-DEJOTARO.
2387 390 2520 462 θαι

406 529 542 590 sar,
598 507 913 582 hominis
954 507 1318 608 probitas,
1364 511 1524 582 noti
1563 533 1804 584 mores
1821 564 1842 600 ,
1889 526 2064 584 nota
2105 517 2530 588 constantia.

406 619 540 688 Cui
571 643 793 717 porro
813 617 867 707 ⁵,
904 624 1032 717 qui
1062 618 1285 691 modo
1318 621 1576 719 populi
1607 626 1892 692 romani
1917 647 2190 695 nomen
2221 623 2530 712 audivit,

404 729 725 824 Dejotari
762 731 1167 828 integritas,
1204 731 1546 828 gravitas,
1590 731 1852 820 virtus,
1885 729 2070 804 fides
2097 757 2250 804 non
2291 733 2536 818 audita
2627 789 2642 800 ,

406 839 561 909 est?
594 840 818 932 Quod
847 841 1068 939 igitur
1108 838 1387 913 facinus
1422 841 1665 912 necin
1705 841 2076 914 hominem
2113 843 2534 942 impruden·-

405 963 555 1020 tem
594 949 849 1023 cadere
895 966 1197 1050 posset,·
1225 967 1526 1051 propter
1575 965 1852 1023 metum
1898 957 2266 1051 praesentis
2305 957 2536 1042 exitii,

407 1083 541 1131 nec
576 1063 651 1132 in
689 1060 1175 1134 facinorosum
1196 1117 1216 1150 ‚
1256 1065 1394 1133 nisi
1422 1077 1610 1134 esset
1637 1061 1832 1133 idem
1869 1065 2396 1138 amentissimus
2415 1121 2435 1150 ,
2461 1065 2538 1138 id

406 1193 535 1242 vos
588 1185 663 1243 et
710 1197 757 1243 a
807 1172 961 1244 viro
1010 1172 1331 1271 optim0,
1380 1185 1453 1243 et
1503 1169 1597 1242 ab
1645 1171 1946 1244 homine
1980 1175 2280 1246 minime
2313 1174 2536 1246 stulto

406 1280 799 1376 cogitatum
845 1306 999 1354 esse
1042 1279 1479 1379 confingitis.
1527 1284 1622 1353 At
1655 1305 1876 1379 quam
1921 1301 2072 1354 non
2117 1282 2342 1354 modo
2381 1307 2536 1357 non

406 1390 899 1482 credibiliter⁶‚
928 1392 1057 1465 sed
1082 1418 1178 1465 ne
1204 1393 1596 1490 suspiciose
1623 1368 1954 1490 quidem!
1985 1393 2537 1491 Quum,inquit,

405 1501 479 1572 in
524 1504 897 1576 castellum
932 1505 1285 1577 Luceium
1310 1504 1630 1574 venisses
1648 1513 1702 1589 ⁷,
1739 1516 1813 1574 et
1831 1500 2132 1573 domum
2161 1503 2383 1598 regis,
2409 1502 2539 1574 ho-

406 1615 609 1710 spitis
661 1616 804 1701 tui,
862 1614 1316 1699 devertisses,
1378 1612 1582 1684 locus
1639 1625 1793 1684 erat
1851 1609 2186 1709 quidam,
2247 1615 2325 1682 in
2385 1636 2538 1709 quo

406 1739 615 1796 erant
654 1747 739 1796 ea
785 1723 1220 1821 composita,
1258 1720 1526 1818 quibus
1569 1745 1698 1793 rex
1744 1735 1816 1792 te
1849 1745 2236 1794 munerare
2269 1725 2538 1793 consti·

408 1847 661 1904 tuerat.
715 1839 877 1904 Huc
930 1847 1005 1904 te
1064 1856 1105 1904 e
1165 1831 1432 1903 balneo
1452 1826 1510 1916 ⁸,
1564 1832 1982 1928 priusquam
2041 1831 2538 1920 accumberes,

406 1940 671 2012 ducere
707 1940 1017 2013 volebat.
1046 1945 1268 2012 Erant
1300 1943 1493 2012 enim
1533 1940 1871 2026 armati93
1906 1942 2036 2036 qui
2074 1955 2146 2012 te
2179 1941 2538 2014 interfice-

407 2064 607 2136 rent,
648 2052 723 2120 in
756 2073 845 2121 eo
880 2052 1043 2148 ipso
1076 2051 1239 2122 loco
1270 2049 1624 2122 collocati.
1664 2053 1774 2120 En
1811 2050 2122 2138 crimen,
2161 2075 2254 2122 en
2291 2075 2538 2140 causa,

408 2183 539 2231 cur
578 2183 820 2256 regem
872 2157 1253 2258 fugitivus»,
1294 2160 1676 2231 dominum
1719 2183 1968 2232 servus
2017 2157 2339 2232 accuset!
2387 2164 2540 2258 Ego

410 2267 826 2339 mehercule
844 2278 933 2358 ¹⁰,
976 2274 1057 2340 C.
1100 2272 1355 2358 Caesar,
1400 2269 1648 2357 initio,
1693 2292 1926 2367 quum
1971 2284 2080 2340 est
2129 2269 2222 2341 ad
2254 2295 2372 2342 me
2407 2273 2544 2342 ista

410 2402 621 2450 causa
640 2377 902 2451 delata¹
916 2388 967 2468 ¹,
982 2378 1427 2478 Phidippum
1454 2377 1849 2451 medicum¹
1860 2389 1917 2465 ²,
1933 2402 2224 2450 servum
2236 2380 2541 2475 regium,

410 2493 540 2586 qui
584 2512 755 2559 cum
804 2487 1056 2588 legatis
1106 2491 1367 2567 missus
1416 2503 1645 2578 esset,
1681 2486 1776 2559 ab
1825 2488 1965 2559 isto
1985 2483 2049 2535 ¹3
2079 2488 2538 2563 adolescente

409 2679 549 2740 data3
570 2679 683 2744 quia
704 2680 924 2741 Deiotari
955 2678 1195 2728 calliditas
1216 2696 1327 2727 eum
1346 2696 1427 2727 su·
1516 2678 1588 2727 ibi
1624 2678 1757 2727 enim
1790 2690 1937 2727 erant
1959 2678 2144 2727 armati
2155 2715 2173 2738 ,
2197 2691 2294 2731 etc.
2319 2682 2354 2732 J
2357 2720 2370 2732 .
2391 2686 2458 2735 V.
2486 2686 2542 2733 L.

408 2772 629 2824 spectum
655 2768 848 2823 poterat
883 2759 1041 2808 facere
1060 2792 1076 2819 ,
1102 2760 1171 2807 ait
1196 2774 1298 2806 non
1330 2769 1428 2808 tam
1549 2802 1554 2806 .
1593 2772 1671 2807 to.
1687 2758 1796 2823 Ego
1815 2756 2106 2806 mehercule.
2143 2759 2304 2807 Prima
2321 2762 2541 2812 criminis

408 2854 511 2886 esse
543 2854 597 2886 ea
643 2840 830 2887 ratione
863 2838 1225 2888 defendendum
1239 2872 1255 2897 ‚
1292 2838 1429 2903 quod
1517 2837 1878 2886 circumstantia
1893 2870 1912 2895 ,
1959 2852 2055 2901 qua
2101 2838 2314 2887 ostendit
2357 2842 2542 2891 crimen

408 2916 689 2979 ingenium
726 2928 777 2965 et
804 2916 1049 2983 prudeus,
1095 2932 1242 2979 quam
1291 2915 1429 2981 quod
1519 2914 1840 2981 probabiliter
1856 2931 1961 2963 non
1977 2932 2080 2964 esse
2103 2914 2540 2984 confictum,quia‚

407 2994 569 3044 fidelis
622 2997 806 3045 amicus
858 3006 907 3043 et
946 2995 1199 3059 religiosus
1243 3010 1433 3060 semper
1519 2996 1562 3042 si
1583 2994 1817 3043 Casan-em
1836 2995 2097 3055 Dejotarus
2119 2994 2342 3045 occidere
2359 2998 2542 3047 volnis-

408 3076 610 3125 exstitit.
1519 3084 1594 3121 set
1606 3108 1622 3133 ,
1649 3072 2004 3136 consiliumque
2026 3090 2168 3121 suum
2186 3089 2329 3122 servo
2349 3076 2542 3125 medico

483 3156 530 3204 5.
549 3155 641 3203 Cui
657 3170 824 3219 porro.
844 3154 1124 3215 Deiotarum
1143 3169 1255 3201 cum
1273 3167 1434 3217 popu·
1523 3150 1805 3199 credidisset
1822 3186 1839 3212 ,
1865 3168 2055 3201 veneno
2071 3154 2239 3218 potius
2251 3170 2398 3219 quam
2413 3157 2544 3208 ferro

409 3232 461 3281 lo
486 3248 696 3285 romano
722 3233 977 3281 consociat
995 3266 1011 3291 ,
1051 3248 1201 3297 quem
1241 3247 1435 3296 semper
1523 3246 1626 3277 rem
1643 3232 1904 3296 transigere
1930 3230 2188 3281 maluisset.

410 3314 547 3360 omni
566 3313 619 3359 in
641 3313 742 3361 vita
763 3310 1017 3375 diligenter
1034 3323 1108 3361 est
1127 3322 1378 3375 sequutus.
1592 3324 1614 3356 ι
1629 3325 1671 3357 r.
1697 3312 1804 3358 Isca
1832 3327 1987 3358 eausa
2007 3310 2198 3361 delata.
2228 3312 2396 3377 Quum
2422 3315 2542 3365 mihi

482 3394 532 3442 6.
568 3392 683 3441 Non
718 3390 1023 3441 credibiliter.
1066 3392 1227 3455 Quam
1264 3402 1427 3451 antem
1513 3389 1790 3438 nuntiatum
1820 3400 1944 3439 esset
1964 3388 2265 3457 Phidippum
2287 3410 2314 3441 a
2335 3396 2537 3446 &stote

410 3472 483 3519 illi
507 3471 761 3521 calumnie
789 3487 938 3536 parva
972 3470 1095 3519 fides
1130 3480 1294 3534 potest
1326 3470 1427 3517 hae-
1517 3480 1820 3533 corruptum.

410 3546 539 3599 rere!
560 3551 712 3598 immo
727 3565 871 3615 quam
889 3566 1015 3615 κει-ε
1031 3549 1111 3598 vel
1126 3550 1428 3615 suspiciones
1547 3608 1550 3611 ἢ
1592 3560 1674 3595 12.
1699 3546 1956 3597 Mediana.
1975 3548 2234 3597 Neminem
2258 3550 2385 3617 fugit
2414 3566 2540 3603 artes

410 3642 577 3678 movet
598 3626 613 3677 ἔ
1086 3619 1093 3625 ’
1515 3627 1695 3690 sapius
1730 3626 1954 3675 liberales
1993 3644 2020 3675 a
2063 3628 2217 3677 servis
2255 3630 2404 3681 fuisse
2443 3644 2544 3682 tra.

484 3726 530 3771 7.
560 3708 798 3757 Venisset.
826 3707 996 3756 Mallet
1022 3708 1217 3757 Putean.
1235 3706 1425 3755 voluis·
1515 3716 1686 3754 ctatss.

407 3804 497 3835 ses.
516 3788 777 3837 Abramius
791 3786 1005 3837 venires.
1593 3786 1673 3835 13.
1703 3788 1801 3833 Isto
1821 3784 2151 3836 adolescente.
2174 3788 2376 3837 Castore
2390 3822 2405 3845 ,
2437 3790 2544 3839 De·-

481 3869 532 3916 8.
568 3869 676 3915 Huc
704 3878 750 3913 ce
776 3884 805 3915 e
826 3866 1015 3915 balneo.
1042 3864 1274 3915 Solebnnt
1298 3877 1427 3915 vete-
1512 3864 1663 3926 iotsri
1698 3876 1896 3929 nepote.
1929 3866 2060 3913 Olim
2094 3878 2211 3930 post
2237 3866 2543 3917 adolescente

411 3962 487 3993 res
508 3945 573 3993 ad
601 3945 769 4012 haluea
795 3944 895 4003 ire,
930 3943 1213 4008 priusquam
1252 3944 1431 3993 mensis
1517 3944 1772 4009 legebatur
1800 3942 2127 4003 existimavit,
2169 3944 2304 4006 quod
2321 3946 2546 4007 rejiciunt

408 4023 767 4072 accumberent.
1518 4024 1742 4089 plerique
1761 4020 1975 4081 codices,
1995 4022 2322 4081 admiserunt,
2345 4026 2544 4087 quinon

483 4120 532 4165 9.
562 4104 725 4151 Erant
758 4100 887 4151 em'm
926 4098 1125 4151 armati.
1168 4102 1249 4151 Al.
1280 4100 1430 4151 codd.
1523 4102 1746 4151 viderunt
1765 4100 1896 4149 unde
1921 4100 2064 4149 verba
2084 4100 2369 4165 penderent.
