2996 4694
830 390 1214 459 ORATIO
1264 390 1462 460 PRO
1512 392 1611 459 M.
1664 378 2047 461 coEmo.
2371 400 2501 482 ηιμ

395 526 542 585 tate
583 536 668 583 ac
711 512 1056 609 sapientia
1104 510 1418 606 vestra),
1455 508 1642 583 fama
1689 512 2161 587 adolescentis
2196 519 2519 614 paullum

397 623 602 695 haesit
639 620 730 695 ad
765 635 992 693 metas
1029 620 1288 691 notitia
1323 644 1511 692 nova
1555 621 1913 706 mulieri5‚
1950 636 2022 695 et
2052 622 2318 697 infelici
2350 630 2525 701 vici-

396 734 662 820 nitate,
701 746 774 803 et
807 729 1188 803 insolentia
1223 728 1678 827 voluptatum
1708 757 1724 799 ε
1765 756 1925 828 quae
1962 758 2191 830 quum
2233 738 2523 811 inclusae

397 842 665 913 diutius
677 835 734 928 ⁸,
767 856 841 912 et
873 841 1106 939 prima
1141 852 1344 911 aetate
1377 864 1799 939 compressae
1826 856 1903 914 et
1934 848 2337 918 constrictae
2365 848 2519 923 fue-

395 966 606 1040 runt,
653 950 894 1023 subito
940 974 1016 1023 se
1051 975 1617 1047 nonnumquam
1657 949 2109 1050 profundunt
2152 971 2371 1055 atque
2406 962 2531 1056 eji-

398 1063 600 1137 ciunt
631 1062 1009 1137 universae.
1045 1062 1208 1150 Qua
1249 1085 1336 1133 ex
1370 1062 1517 1131 vita
1539 1114 1557 1147 ‚
1597 1061 1714 1134 vel
1744 1061 1975 1133 dicam
2001 1116 2021 1151 ,
2066 1090 2214 1161 quo
2252 1091 2341 1137 ex
2384 1094 2527 1141 ser·

395 1196 616 1245 mone
636 1184 668 1231 9
703 1171 1210 1269 (nequaquam
1248 1171 1442 1243 enim
1467 1185 1755 1243 tantum
1784 1186 1939 1243 erat
1958 1227 1979 1260 ‚
2010 1178 2527 1271 quantum-ho-

395 1285 626 1355 mines
675 1280 1258 1381 loquebantur),
1311 1305 1565 1353 verum
1622 1306 1711 1355 ex
1768 1306 1857 1353 eo
1877 1337 1896 1370 ,
1944 1284 2301 1382 quidquid
2345 1304 2530 1377 erat,

399 1394 720 1478 emersit,
756 1406 1141 1489 totumque
1179 1415 1256 1462 se
1283 1391 1494 1487 ejecit
1520 1405 1739 1489 atque
1770 1393 2063 1481 extulit3
2102 1408 2533 1497 tantumque

399 1502 601 1577 abest
631 1503 721 1576 ab
759 1504 950 1575 illius
985 1500 1481 1573 familiaritatis
1511 1501 1839 1593 infamia,
1870 1519 1954 1575 ut
1980 1506 2305 1599 ejusdem
2338 1534 2537 1583 nunc

399 1612 490 1687 ab
519 1638 673 1685 sese
705 1613 1112 1685 inimicitias
1139 1611 1537 1710 odiumque
1570 1613 1967 1712 propulset.
2012 1620 2251 1714 Atque
2284 1635 2370 1691 ut
2402 1622 2535 1694 iste

397 1726 866 1821 interpositus
911 1746 1150 1793 sermo
1197 1721 1613 1794 deliciarum
1634 1732 1699 1767 ¹⁰
1744 1722 2183 1823 desidiaeque
2214 1753 2535 1803 morere-

397 1849 521 1907 tur
563 1832 818 1928 (fecit,
862 1856 977 1903 me
1023 1830 1436 1903 mehercule
1480 1834 1709 1903 invito
1737 1842 1822 1921 ¹¹,
1856 1848 1930 1905 et
1962 1835 2275 1909 multum
2312 1864 2533 1939 repu-

400 1959 707 2040 gnante,
755 1942 880 2015 sed
923 1956 1164 2013 tamen
1201 1940 1453 2037 fecit),
1495 1967 1767 2015 nomen
1812 1945 2023 2015 amici
2066 1950 2211 2019 'mei
2254 1946 2347 2021 de
2386 1975 2531 2022 am-

397 2053 562 2124 bitu
615 2050 873 2125 detulit
909 2078 925 2121 :
981 2074 1198 2147 quem
1257 2050 1670 2123 absolutum
1726 2055 2157 2151 insequitur,
2216 2077 2537 2134 revocat·

402 2163 676 2233 nemini
718 2175 1048 2232 nostrum
1097 2160 1555 2258 obtemperat
1575 2172 1673 2249 ¹²3
1716 2176 1824 2234 est
1864 2165 2271 2258 violentior,
2308 2116 2539 2267 quani

401 2370 540 2418 fectis
570 2367 762 2433 spatiis,
801 2383 929 2434 sepe
955 2367 1200 2425 labuntur,
1226 2381 1417 2414 currus-

398 2465 495 2513 que
520 2448 584 2496 ad
611 2459 786 2497 metam
803 2447 1037 2506 allidunt,
1056 2447 1126 2493 sic
1145 2447 1217 2494 M.
1238 2444 1418 2494 Goelins

1508 2367 1637 2416 Non
1659 2369 1895 2434 egregiam
1922 2369 2275 2422 dubitationem
2292 2375 2346 2422 in
2373 2381 2532 2427 nomi-

1506 2447 1583 2494 nis
1611 2447 1829 2507 delectu}
1854 2449 2007 2497 vitem
2035 2450 2223 2500 dixerat
2242 2489 2257 2514 ,
2293 2471 2345 2502 se
2370 2458 2527 2505 corri-

401 2527 617 2577 decursis
643 2524 865 2591 pueritia
881 2536 930 2573 et
949 2525 1290 2573 adolescentia
1312 2541 1420 2589 spa·

399 2609 509 2667 tiis,
537 2623 690 2670 qnnm
719 2607 820 2668 jaun
854 2621 905 2653 se
933 2603 986 2652 in
1013 2605 1321 2664 juventutem
1339 2604 1414 2651 in-

397 2685 638 2746 flecteret,
667 2683 894 2732 nonnihil
920 2682 982 2730 de
1008 2684 1132 2730 fama
1172 2697 1272 2731 suae
1314 2683 1416 2747 pri·

398 2769 540 2815 stinae
583 2764 869 2830 frugalitatis
906 2763 1082 2812 amisit.
1125 2763 1193 2811 Ea
1237 2763 1414 2826 sepius

397 2853 602 2893 utuntur
625 2845 868 2908 allegoria.
893 2842 1024 2890 ‘Vide
1057 2843 1164 2891 Cic.
1204 2841 1260 2890 in
1297 2839 1413 2889 Lael.

400 2923 550 2974 etlib.
583 2925 608 2971 1
642 2924 702 2973 de
728 2926 867 2971 Orat.
888 2924 1058 2970 senec.
1085 2921 1175 2968 lib.
1205 2920 1267 2968 de
1293 2931 1416 2967 tran-

401 3002 636 3067 quillitate
658 3001 808 3052 animi
822 3036 836 3060 ‚
868 3017 916 3049 c.
938 3017 970 3064 9
988 3035 1004 3059 ‚
1037 3010 1085 3047 et
1103 2999 1166 3046 el.
1194 3019 1217 3042 ι
1235 3001 1414 3064 Reipsa

402 3081 452 3129 in
477 3081 590 3129 vitae
607 3082 774 3146 spatiis
801 3080 930 3127 cit-ca
954 3077 1292 3129 adolesoentiae
1316 3093 1418 3125 me·

405 3169 498 3208 tam
516 3159 809 3209 flectendum
831 3168 905 3207 est
919 3193 933 3219 ,
958 3173 1060 3222 quo
1086 3159 1139 3204 in
1169 3157 1298 3205 flexu
1321 3171 1420 3204 ma·

400 3239 584 3286 ximnm
619 3239 730 3286 vitae
749 3237 1016 3300 virtutique
1043 3235 1299 3284 discrimen
1333 3235 1418 3282 im·

404 3317 584 3383 pendet
603 3351 618 3377 ,
669 3327 726 3364 ut
776 3317 1016 3364 maximus
1054 3315 1196 3362 labor
1247 3323 1318 3360 est
1352 3313 1418 3361 ad

403 3407 578 3445 metam
611 3397 662 3444 in
688 3395 843 3444 curuli
877 3396 1138 3443 certamine
1159 3417 1202 3444 a.
1242 3395 1415 3444 Cioero

403 3492 509 3525 non
549 3475 675 3524 dixit
711 3475 785 3522 ad
807 3485 985 3522 metam
1006 3510 1020 3535 ,
1053 3473 1139 3522 sed
1163 3474 1238 3522 ad
1265 3485 1416 3521 metas

402 3571 605 3604 romano
628 3569 789 3612 more3
817 3569 927 3600 nam
951 3554 1090 3619 spina
1125 3553 1242 3601 circi
1269 3553 1416 3618 pluri-

401 3635 494 3685 bus
529 3637 668 3684 metis
702 3631 1062 3681 terminabatur.
1093 3632 1241 3681 ovid.
1267 3633 1414 3680 Trist.

401 3717 490 3775 lv,
517 3718 546 3764 ⁸
562 3752 576 3778 ,
605 3713 672 3761 35
689 3727 704 3761 t
719 3735 744 3754 c
757 3711 862 3760 Nec
881 3710 1053 3776 procul
1071 3728 1099 3759 ιι
1121 3712 1276 3770 metis,
1295 3727 1416 3775 quas

399 3812 539 3860 poene
557 3805 721 3842 tenere
739 3789 956 3849 videbar,
980 3790 1236 3838 Curriculo
1259 3790 1416 3854 gravis

401 3886 475 3923 est
495 3875 619 3922 facts
639 3872 781 3920 ruina
804 3883 914 3916 meo
927 3890 970 3915 n.

473 3955 502 4002 8
512 3990 526 4005 .
551 3956 710 4017 Quum
727 3947 927 3998 inclusa
938 3944 1129 3994 diutius.
1145 3946 1417 3996 Translatio

405 4051 432 4080 e
455 4031 633 4082 belluis
655 4038 864 4092 sumpts.

441 4128 524 4176 ·9.
568 4111 660 4159 701
693 4107 858 4157 dicam
881 4140 898 4166 ,
947 4119 1046 4170 quo
1084 4119 1149 4151 ex
1186 4119 1418 4154 temone.

597 4208 680 4276 V,
737 4220 826 4266 eie.
846 4233 960 4280 pars
978 4215 1189 4263 secunda·

1506 2525 1604 2588 git,⁸
1644 2525 1765 2574 dicit
1798 2541 1901 2574 nou
1928 2529 2079 2576 vitam
2110 2531 2284 2590 fnisse,
2319 2534 2405 2582 sed
2434 2553 2529 2586 ser·

1506 2619 1699 2652 monem
1728 2605 2052 2671 iniquumque
2078 2625 2327 2678 'rumorem
2344 2648 2359 2672 ,
2407 2625 2527 2664 mo'x

1501 2682 1629 2731 hanc
1658 2683 1811 2747 ipsam
1835 2687 2185 2737 correctionem
2206 2693 2409 2756 corrigit
2425 2727 2441 2754 ‚
2470 2707 2525 2745 ut

1502 2761 1655 2825 mgis
1677 2763 1903 2812 ostendat
1926 2780 1977 2811 se
1998 2781 2152 2816 muse
2171 2767 2419 2820 confidere
2434 2808 2450 2830 ‚
2478 2787 2527 2823 et

1505 2841 1607 2888 sive
1633 2840 1731 2888 vitu
1764 2841 1905 2890 coelii
1940 2843 2085 2892 fuerit
2124 2845 2379 2908 licentior,
2425 2853 2527 2902 sive

1504 2919 1614 2968 solo
1636 2918 1889 2968 hominnm
1912 2937 2135 2986 rumore,
2178 2941 2287 2975 eum
2310 2933 2525 2982 ostendit

1504 3000 1642 3046 venis
1662 3009 1709 3046 et
1730 3000 2042 3050 excusatione
2068 3002 2285 3067 dignum.

1582 3093 1661 3126 ro.
1690 3078 2005 3142 Inter-positus
2030 3097 2187 3129 sermo
2222 3084 2521 3138 deliciarum.

1506 3157 1573 3205 Ut
1592 3157 1681 3204 iste
1710 3173 1878 3206 rumor
1900 3159 1960 3207 de
1980 3161 2083 3220 ejus
2102 3161 2288 3210 deliciis
2306 3175 2353 3211 et
2372 3164 2493 3216 luxu
2507 3203 2523 3227 ,

1507 3238 1591 3300 qui
1624 3235 1942 3300 interpositus
1974 3239 2126 3301 ipsius
2158 3241 2523 3305 quodammodo

1504 3313 1649 3363 boun
1685 3315 2058 3364 existimationis
2095 3334 2287 3367 cursum
2318 3321 2524 3389 abrupe-

1506 3403 1607 3454 rat,
1634 3393 2051 3458 exstingueretur,
2087 3411 2265 3446 nomen
2306 3403 2519 3453 Atratini

1504 3473 1645 3521 amici
1674 3473 1768 3520 mei
1801 3473 1993 3522 detulit.

1581 3567 1660 3601 11.
1693 3553 1848 3613 Fecit,
1891 3571 1990 3602 me.
2015 3588 2026 3601 .
2048 3555 2238 3607 ,invitm
2280 3561 2399 3609 Haec
2435 3579 2523 3627 per

1502 3631 1826 3696 parenthesim
1846 3633 2109 3694 interjicit,
2140 3651 2203 3684 ne
2234 3638 2425 3700 judices
2448 3643 2523 3690 of-

1504 3709 1670 3759 fendat
1685 3746 1700 3771 ,
1716 3711 1801 3774 qui
1815 3713 2087 3760 Atratinum
2111 3713 2432 3768 absolverant.

1584 3805 1664 3837 ια.
1714 3789 1911 3838 Nemas?
1946 3801 2159 3840 nostrum
2206 3797 2519 3862 obtemperat.

1504 3869 1623 3918 'Non
1663 3869 1820 3932 patri,
1853 3887 1955 3918 non
1982 3873 2053 3919 Μ.
2077 3875 2275 3934 Crasso',
2306 3877 2443 3936 cnjus
2470 3879 2523 3924 in

1506 3947 1764 3996 castissima
1806 3948 1953 3996 domo
1987 3965 2115 4015 saepe
2156 3964 2395 4012 versatur-3
2424 3969 2527 4004 non

1506 4027 1657 4088 mihi,
1686 4026 1747 4075 ad
1787 4043 1929 4091 quem
1967 4041 2157 4093 sumpta
2196 4029 2323 4078 vii-ili
2356 4043 2469 4097 toga
2497 4049 2523 4081 a

1509 4117 1645 4170 patre
1673 4105 1913 4154 deductus
1938 4119 2024 4155 est.

2159 4203 2243 4273 16
