2996 4694
845 412 1246 483 οΒΑΤιο
1293 414 1498 481 Pno
1548 414 1641 501 Q.
1689 414 2154 482 LIGARIO,
2434 410 2573 509 597

435 528 688 617 fuerit,
735 556 997 629 quaere.
1045 538 1296 603 Taceo.
1349 536 1458 606 Ne
1509 533 1665 605 haec
1714 532 2015 630 quidem
2068 532 2369 631 collige,
2409 560 2573 634 quae

435 636 734 713 fortasse
784 642 1108 715 valerent
1161 647 1377 715 etiam
1418 643 1617 743 apud
1658 644 2001 740 judicem.
2058 648 2365 741 Legatus
2405 660 2572 719 ante

429 748 710 823 bellum
741 750 1112 851 profectus
1129 766 1188 843 9,
1229 752 1523 827 relictus
1558 758 1851 854 in·pace
1872 809 1892 841 ,
1928 753 2126 826 bello
2154 780 2565 853 oppressus,

431 857 508 929 in
551 884 640 932 eo
681 862 842 959 ipso
895 886 1046 934 non
1095 862 1437 956 acerbuS,
1493 880 1648 937 tum
1698 868 1913 937 etiam
1964 878 2162 936 totus
2209 870 2453 937 animo
2498 883 2571 937 et

430 969 676 1043 studio
709 986 884 1045 tuus
905 982 990 1044 ¹⁰.
1044 974 1156 1046 Ad
1187 975 1507 1070 judicem
1543 979 1646 1049 sic
1689 978 1805 1073 agi
1850 975 2057 1049 solet.
2114 975 2257 1049 Sed
2292 1000 2430 1073 ego
2477 978 2567 1049 ad
2686 1044 2697 1055 .

429 1096 804 1181 parentem
848 1084 1117 1182 loquor
1163 1114 1180 1158 ε
1217 1088 1502 1175 Erravi3
1546 1102 1819 1159 temere
1870 1086 2043 1175 feci3
2082 1077 2430 1185 p‘oenitet3
2476 1086 2569 1159 ad

427 1191 883 1266 clementiam
931 1210 1132 1267 tuam
1183 1195 1566 1295 confugi03
1607 1196 1851 1269 delicti
1888 1198 2172 1268 veniam
2224 1211 2435 1294 peto;
2486 1212 2570 1268 ut

425 1304 790 1399 ignoscas,
841 1330 998 1377 oro.
1039 1308 1110 1377 Si
1147 1328 1368 1379 nemo
1413 1308 1824 1405 impetravit
1843 1334 1891 1397 ,·
1912 1320 2337 1403 arroganter
2358 1314 2460 1391 ¹¹3
2506 1309 2567 1376 si

428 1410 757 1509 plurimi,
795 1429 876 1487 tu
901 1416 1096 1488 idem
1126 1413 1235 1489 fer
1261 1440 1518 1515 opem,
1555 1418 1687 1515 qui
1714 1440 1918 1515 spem
1946 1414 2225 1487 dedisti.
2263 1419 2377 1486 An
2406 1439 2565 1513 spe-

425 1522 630 1593 randi
679 1527 966 1623 Ligario
1033 1550 1246 1598 causa
1303 1551 1457 1599 non
1512 1530 1640 1617 sit,
1697 1550 1927 1626 quum
1996 1525 2174 1597 mihi
2228 1524 2424 1624 apud
2493 1540 2563 1596 te

421 1632 513 1704 sit
557 1633 762 1705 locus
784 1643 846 1679 ¹²
881 1638 1097 1707 etiam
1131 1660 1268 1734 pro
1311 1636 1543 1709 altero
1580 1636 2021 1736 deprecandi
2043 1633 2149 1709 ¹³?

519 1748 640 1815 XI.
689 1748 1150 1843 Quamquam
1203 1771 1446 1845 neque
1500 1750 1579 1819 in
1629 1747 1765 1819 hac
1820 1748 2149 1819 oratione
2172 1755 2197 1791 ¹
2242 1772 2407 1846 spes
2458 1762 2565 1820 est

419 1854 654 1950 posita
685 1878 952 1943 causae,
989 1855 1223 1927 necin
1255 1879 1511 1928 eorum
1540 1854 1832 1945 studiis,
1864 1858 1993 1955 qui
2022 1882 2065 1928 a
2093 1872 2165 1928 te
2192 1881 2330 1954 pro
2362 1858 2562 1955 Liga-

415 1962 530 2033 rio
565 1976 826 2060 petunt
843 2018 864 2053 ,
901 1965 1008 2036 tui
1034 1966 1439 2037 necessarii.
1481 1965 1647 2037 Vidi
1684 1970 1876 2039 enim
1907 1980 1980 2039 et
2008 1970 2345 2064 cognovi,
2380 1964 2559 2065 quid

416 2074 728 2146 maxime
780 2088 1178 2172 spectares,
1241 2100 1474 2175 quum
1530 2102 1665 2175 pro
1723 2075 2029 2172 alicujus
2069 2075 2299 2148 salute
2347 2075 2558 2147 multi

411 2182 860 2275 laborarent3
903 2210 1152 2259 causas
1171 2197 1201 2229 ²
1238 2187 1432 2286 apud
1477 2202 1552 2259 te
1600 2188 2012 2287 rogantium
2049 2186 2505 2284 gratiosiores
2524 2184 2553 2231 ³

414 2316 593 2381 esse,
621 2318 842 2394 quam
868 2296 1143 2386 vultus3
1174 2322 1416 2397 neque
1439 2312 1514 2372 te
1537 2312 1891 2398 spectare,
1919 2310 2139 2397 quam
2166 2312 2339 2371 tuus
2366 2313 2553 2372 esset

411 2408 853 2478 necessarius
879 2409 971 2497 is,
999 2411 1128 2506 qui
1158 2422 1232 2481 te
1257 2423 1532 2498 oraret,
1565 2407 1693 2481 sed
1720 2433 1944 2507 quam
1976 2408 2167 2481 illius
2184 2463 2204 2493 ‚
2233 2432 2370 2507 pro
2397 2432 2554 2505 quo

409 2513 794 2588 laboraret.
848 2521 1102 2615 Itaque
1155 2517 1415 2591 tribuis
1469 2533 1552 2590 tu
1596 2518 1895 2617 quidem
1939 2521 2083 2591 tuis
2128 2519 2227 2591 ita
2280 2517 2508 2590 multa
2526 2573 2548 2606 ,
2620 2513 2631 2526 '

407 2640 494 2698 ut
543 2627 724 2698 mihi
765 2626 1124 2701 beatiores
1165 2628 1270 2700 illi
1313 2653 1466 2702 esse
1514 2629 1900 2701 videantur
1953 2629 2323 2702 interdum
2343 2685 2363 2715 ,
2418 2631 2549 2728 qui

407 2751 536 2809 tua
571 2737 994 2812 liberalitate
1042 2738 1412 2828 fruuntur,
1447 2765 1670 2840 quam
1704 2755 1787 2811 tu
1828 2741 1981 2839 ipse
2000 2795 2019 2829 ,
2057 2742 2187 2839 qui
2218 2740 2357 2814 illis
2400 2755 2545 2812 tam

1594 2957 1679 2993 ra.
1702 2939 1997 3006 Quintilian.
2013 2942 2079 3002 V,
2120 2955 2213 3004 ιο,
2250 2939 2317 3003 93
2334 2973 2351 2998 ,
2372 2939 2550 2998 habet,

1516 3020 1650 3069 Iocus
1672 3021 1751 3070 sae't.
1768 3021 1818 3069 J.
1830 3021 1894 3067 V.
1911 3023 1966 3068 1..

385 2919 412 2942 ⁸
479 2953 530 3005 9·
549 2943 682 2989 Am
697 2939 878 2991 bellum
885 2938 1144 3006 profectus.
1169 2942 1222 2990 si
1242 2941 1397 3003 iudex
1413 2975 1429 3002 ,

405 3034 510 3067 non
542 3031 705 3069 antem
739 3035 914 3085 perenn
955 3020 1170 3086 optimu·
1203 3021 1394 3070 sedere·
1409 3055 1426 3080 ‚

402 3098 496 3146 tibi
539 3099 754 3149 dicerem
797 3100 1046 3164 Ligarium
1088 3111 1202 3149 ente
1243 3099 1426 3148 bellum

401 3180 704 3243 profectum,
739 3191 839 3231 ete.
859 3183 970 3229 Hoc
995 3177 1206 3229 artificio
1232 3180 1430 3244 cuipam

403 3259 578 3323 Ligarii
599 3258 808 3308 inultum
834 3259 1084 3308 sublevat:
1105 3275 1216 3324 qnae
1240 3261 1429 3326 profert

401 3351 462 3385 eo
501 3339 734 3401 maiorem
769 3339 869 3388 vini
909 3340 1164 3400 obtinent,
1201 3338 1341 3403 qnod
1371 3355 1428 3387 ee

401 3431 648 3484 tamqnam
671 3419 864 3468 minimi
889 3418 1122 3485 ponderis
1147 3435 1428 3485 proponere

399 3498 595 3548 videtur
618 3508 672 3548 et
695 3499 858 3549 obiter
878 3501 1016 3563 iacit.

475 3594 554 3628 10.
581 3579 774 3628 Ernest.
791 3578 1058 3627 arbitratur
1075 3578 1187 3639 hic,
1217 3578 1270 3626 in
1295 3575 1422 3637 fine,

396 3656 772 3722 excidissefm‘e.
794 3657 910 3706 Sine
935 3673 1098 3706 cenam
1121 3659 1174 3708 J.
1189 3661 1254 3707 V.
1273 3658 1331 3706 1..

474 3753 496 3784 1
509 3753 554 3788 ι.
580 3739 900 3803 Art-ogmar.
935 3736 990 3784 Si
1023 3753 1168 3785 nano
1200 3747 1316 3784 ante
1341 3736 1420 3784 Li-

395 3817 583 3881 garium
601 3817 794 3866 veniam
815 3815 984 3865 delicti
1013 3816 1315 3881 impetravit,
1343 3831 1422 3864 ar-

394 3911 573 3960 rogans
607 3912 748 3958 eum,
782 3897 869 3962 qui
893 3896 1082 3961 primun
1120 3894 1216 3945 hoe
1255 3906 1422 3962 petere

394 3975 677 4024 sustineam.
705 4001 776 4014 -—
807 3975 903 4038 Qui
929 3989 1062 4039 spem
1097 3973 1292 4024 deduci.
1319 3974 1423 4037 Qui

393 4057 447 4104 in
469 4071 605 4120 spem
629 4055 785 4104 venie
803 4053 1122 4122 impetnndae
1142 4053 1393 4103 adduxisti
1405 4088 1420 4113 ,

390 4133 522 4184 idem
549 4145 604 4184 tn
631 4134 821 4184 veniam
851 4134 1086 4184 concede.

1592 3101 1672 3149 13.
1688 3097 2019 3165 Depreeands‘.
2043 3101 2211 3162 Quum
2230 3097 2371 3158 mihi,
2391 3098 2479 3162 qui
2496 3109 2545 3146 et

1514 3179 1839 3243 Pompeianus
1873 3177 1945 3226 fni
1960 3211 1979 3239 ,
2020 3187 2071 3225 et
2109 3192 2240 3225 erma
2280 3187 2455 3226 contre
2492 3189 2543 3227 te
2596 3231 2601 3234 ,

1516 3257 1640 3323 gessi
1654 3291 1669 3318 ,
1696 3267 1988 3322 potestatem
2003 3241 2443 3305 benivolentit'tna
2466 3258 2544 3304 se·

1516 3337 1631 3386 cisti
1648 3372 1665 3397 ,
1686 3347 1743 3386 nt
1762 3337 1887 3386 elios
1907 3335 2233 3385 defenderem.
2590 3349 2599 3362 ·

1586 3417 1681 3464 XI.
1753 3433 1798 3467 ι.
1856 3419 2173 3482 Quamquam
2192 3449 2207 3463 .
2230 3449 2243 3462 .
2265 3450 2278 3463 .
2306 3415 2543 3464 oratione.

1515 3495 1700 3545 Mirum
1720 3511 1833 3544 eene
1850 3495 1933 3544 hic
1954 3494 2163 3543 oratori·
2183 3493 2464 3545 artificium.
2486 3497 2507 3542 Ι
2512 3511 2545 3542 n

1516 3574 1600 3623 illa
1640 3574 1893 3639 oratione,
1928 3584 1979 3622 et
2005 3575 2060 3622 in
2094 3573 2303 3622 aliorum
2336 3575 2540 3626 Cauris

1509 3655 1779 3702 amicornm
1815 3653 1991 3703 studiis
2031 3669 2191 3702 conen
2230 3669 2367 3719 spem
2404 3655 2535 3719 poei-

1510 3743 1610 3782 tam
1628 3745 1773 3798 negat
1788 3769 1803 3792 ,
1823 3745 1879 3783 nt
1903 3733 2065 3782 δοκι·
2088 3733 2315 3784 ine-ntus
2340 3734 2418 3782 hie
2450 3733 2542 3784 de·

1516 3813 1881 3878 precationibus
1898 3814 2265 3880 quodammodo
2292 3813 2523 3877 cupiatur.

1590 3909 1643 3942 a.
1680 3892 1887 3944 Causas.
1914 3894 1975 3942 Id
2000 3904 2099 3951 est,
2122 3903 2171 3940 te
2190 3892 2400 3950 intuen',
2424 3907 2547 3956 qna·

1518 3989 1628 4022 nam
1646 3989 1699 4021 re
1720 3973 1916 4039 impulsi
1932 4009 1947 4033 ,
1968 3983 2017 4022 te
2036 3987 2129 4036 pro
2146 3971 2254 4020 aliia
2276 3982 2435 4019 orent.

1586 4051 1639 4103 3.
1683 4051 1766 4102 Al.
1806 4054 2050 4119 gratian
2070 4089 2099 4116 r
2140 4053 2219 4103 vel
2264 4050 2535 4116 graviores.

1512 4131 1657 4182 Male.
1686 4135 1739 4183 J.
1760 4131 1826 4181 V.
1856 4135 1909 4180 1..
