2996 4694
457 349 624 469 '460
1107 384 1206 452 ιι.
1249 385 1338 452 ·T.
1389 383 1971 452 clcssnoms

479 501 960 590 carminibus,
1009 527 1164 574 non
1217 503 1587 576 annalium
1638 505 2137 576 monumentis
2168 503 2623 594 celebratur,

479 613 608 684 sed
645 613 1116 712 prudentium
1156 613 1434 710 judicio
1471 612 1909 712 expenditur
1952 639 1970 682 :
2010 614 2333 710 equitem
2372 641 2621 688 muia-

477 745 694 810 num‚
721 735 1044 794 veterem
1079 725 1396 794 amicum
1429 747 1643 796 suum
1662 779 1685 812 ,
1726 721 2169 812 studiosum,
2208 740 2569 798 amantem
2590 783 2617 813 ,

476 829 990 905 observantem
1025 836 1138 906 sui
1155 889 1178 921 ‚
1213 859 1368 904 non
1404 833 1749 922 libidine,
1784 859 1939 904 uon
1970 831 2313 932 turpibus
2339 835 2621 934 impen-

436 945 572 1012 -sis
609 942 1092 1040 cupiditatum
1134 957 1354 1040 atque
1403 944 1773 1040 jacturis²‚
1822 941 1953 1014 sed
1994 945 2440 1042 experientia
2486 971 2616 1044 pa-

477 1053 806 1124 trimonii
861 1052 1396 1152 amplificandi,
1459 1053 1825 1126 labentem
1888 1055 2173 1152 excepit
2189 1107 2212 1141 ‚
2274 1079 2619 1128 corruere

477 1187 630 1234 non
661 1164 860 1249 sivit,
899 1162 1098 1236 fulsit
1139 1179 1218 1236 et
1257 1166 1607 1236 sustinuit
1636 1189 1757 1252 re,
1784 1162 2121 1254 fortuna,
2146 1162 2328 1254 fide,
2364 1165 2619 1239 hodie-

475 1297 628 1371 que
657 1279 1002 1362 sustinet3
1041 1299 1178 1346 nec
1211 1276 1525 1346 amicum
1570 1273 2013 1374 pendentem
2056 1299 2399 1348 coi-mere
2430 1279 2619 1375 pati-

477 1395 638 1470 tur;
675 1407 834 1494 nec·
841 1383 1032 1455 illius
1073 1385 1300 1455 animi
1331 1386 1561 1458 aciem
1600 1381 2083 1482 praestringit3
2124 1385 2473 1483 splendor
2502 1391 2617 1458 sui

477 1471 834 1580 nominis,
863 1517 1002 1564 nec
1041 1495 1304 1566 mentis
1335 1496 1545 1592 quasi
1572 1491 1975 1566 luminibus
2008 1491 2281 1578 officia
2308 1493 2619 1566 altitudo

477 1599 790 1674 fortunae
819 1617 892 1674 et
921 1603 1184 1701 gloriae.
1229 1607 1393 1675 Sint
1421 1627 1595 1676 sane
1628 1603 1751 1676 illa
1784 1627 2081 1701 magna,
2126 1628 2291 1701 quae
2330 1629 2412 1676 re
2447 1629 2617 1677 vera

475 1736 741 1810 magna
771 1728 973 1802 sunt;
1013 1713 1106 1786 de
1127 1713 1408 1810 judicio
1439 1714 1665 1786 animi
1702 1717 1891 1802 mei,
1919 1729 2005 1786 ut
2036 1713 2266 1802 volet,
2304 1714 2619 1812 quisque

475 1827 740 1895 sentiat
775 1851 794 1894 ε
833 1849 972 1922 ego
1021 1828 1216 1896 enim
1267 1823 1458 1896 hanc
1497 1827 1579 1896 in
1621 1826 1839 1896 tantis
1883 1823 2151 1922 opibus
2172 1878 2193 1910 ‚
2230 1838 2429 1896 tanta
2462 1824 2613 1896 for·

478 1948 690 2020 tuna,
718 1933 1220 2008 liberalitatem
1249 1937 1328 2006 in
1355 1959 1560 2024 suos,
1598 1935 2022 2007 memoriam
2050 1935 2379 2006 amicitiae
2400 1988 2423 2022 ‚
2456 1934 2623 2005 reli-

479 2048 646 2144 quis
707 2045 1098 2118 virtutibus
1153 2045 1498 2134 omnibus
1568 2061 1960 2143 antepono.
2018 2047 2261 2136 Quam
2316 2035 2617 2141 quidem

475 2181 610 2228 vos
627 2208 648 2246 ‚
687 2156 996 2252 judica,
1037 2158 1116 2228 in
1157 2181 1356 2228 novo
1393 2181 1658 2255 genere
1702 2155 2109 2228 bonitatem
2130 2209 2151 2240 ,
2198 2157 2617 2228 inusitatam

477 2265 684 2338 claris
719 2290 804 2338 ac
843 2265 1418 2365 praepotentibus
1463 2268 1680 2354 viris,
1734 2290 1889 2336 non
1932 2264 2156 2338 modo
2194 2291 2347 2338 non
2378 2290 2617 2365 asper-

477 2377 639 2448 nari
663 2401 750 2449 ac
776 2376 1090 2449 refutare
1109 2375 1163 2467 ⁵,
1192 2376 1322 2449 sed
1353 2378 1739 2475 complecti
1762 2376 1981 2447 etiam
2006 2391 2082 2447 et
2108 2400 2373 2473 augere
2396 2374 2614 2447 debe·

479 2490 572 2557 tis
601 2512 617 2555 τ
646 2488 734 2557 'et
763 2510 853 2557 eo
891 2490 1139 2583 magis,
1167 2486 1368 2582 quod
1397 2486 1675 2573 videtis,
1710 2486 1847 2563 hos
1876 2488 2083 2583 quasi
2108 2502 2439 2583 sumptos
2460 2486 2617 2558 dies

477 2593 567 2667 ad
597 2592 1172 2669 labefactandum
1206 2595 1399 2667 illius
1439 2595 1863 2693 dignitatem
1882 2592 1952 2684 ⁶3
1992 2622 2081 2667 ex
2114 2620 2261 2693 qua
2286 2595 2393 2667 illi
2426 2594 2615 2667 nihil

469 2872 580 2935 jicit
591 2884 716 2921 vera
732 2905 748 2933 ,
765 2870 846 2921 vel
861 2886 1009 2931 rara,·
1029 2874 1220 2923 Ernest.
1235 2871 1466 2922 nunu-um
1478 2893 1500 2933 ,-

475 2951 562 3001 sed
590 2952 782 3001 frustra
817 2951 1010 3003 Weisk.
1038 2964 1204 3002 censet
1228 2968 1498 3018 pei-venum

475 3032 690 3097 capitum
717 3030 1092 3095 denen-iptionem
1120 3042 1170 3081 et
1193 3032 1276 3082 hic
1301 3043 1496 3083 senteu-

1660 2875 1715 2925 5.
1752 2872 2003 2941 Mutare.
2042 2874 2103 2923 111
2140 2884 2244 2937 est,
2280 2884 2617 2927 contemnere.

1586 2954 1761 3004 Cicero
1778 2954 1841 3003 de
1865 2954 2138 3003 Provinciis
2162 2955 2355 3005 consul.
2380 2958 2619 3021 «δαημς

1584 3032 1692 3083 iun
1712 3045 1881 3099 gentes
1901 3036 2059 3083 nostri
2074 3036 2393 3099 imperatores
2406 3035 2621 3082 rel'utsn-

478 3110 568 3159 tiss
585 3122 718 3160 arcte
731 3113 926 3174 junctas
946 3110 1186 3178 dirupisse
1203 3145 1221 3173 ,
1242 3123 1292 3162 et
1317 3112 1501 3163 obscu-

472 3189 666 3239 ritatem
686 3190 922 3240 attulisse.

546 3286 600 3319 a.
632 3270 866 3319 lactaris.
901 3273 988 3319 Est
1022 3270 1298 3336 sumptibus
1331 3272 1498 3333 venis,

474 3360 533 3399 ut
548 3352 725 3415 πρίω
744 3350 878 3415 apud
897 3354 1134 3401 Cassi-em
1153 3362 1203 3400 et
1219 3343 1456 3401 Tullium.

549 3429 600 3478 3.
625 3427 796 3477 Am'mi
811 3428 969 3477 aciem
987 3429 1304 3495 praestritngi't.
1321 3431 1498 3478 Trans·

475 3508 596 3557 latio
639 3508 702 3555 ab
739 3508 802 3557 iis
845 3519 1065 3573 sumpte,
1109 3523 1322 3572 quorum
1363 3510 1498 3557 oculi

473 3586 738 3653 splendore
789 3588 912 3637 solis
957 3588 1242 3653 perstricti,
1299 3602 1496 3637 cernere

473 3676 642 3731 postes
662 3664 922 3715 commode
945 3680 1046 3713 uon
1068 3674 1296 3729 possunt.

545 3754 595 3805 4.
627 3746 818 3796 Lamia.
843 3743 1024 3811 officit.
1053 3745 1174 3794 Ab
1158 3746 1218 3792 iis
1247 3704 1498 3812 sumptum

473 3834 572 3887 est,
595 3840 805 3891 quornm
842 3823 993 3871 vicini
1030 3822 1232 3872 sublatis
1271 3824 1327 3873 in
1365 3840 1501 3873 sum·

472 3922 602 3954 mem
629 3902 940 3953 altitudinem
973 3901 1164 3951 edibus
1199 3903 1332 3963 suis,
1353 3904 1498 3953 lumi·

472 3984 619 4034 uibus
650 3980 904 4033 obstruere
941 3980 1172 4031 dicuntur
1209 3992 1259 4031 et
1297 3982 1496 4033 officere

397 4086 404 4099 ·
473 4078 576 4128 quo
611 4064 771 4112 miuus
800 4073 972 4128 aperto
1014 4072 1064 4111 et
1099 4061 1259 4113 libero
1292 4074 1494 4127 aspectu

473 4142 717 4194 fruentur.

1586 3112 1673 3163 dns
1696 3115 1893 3181 potius,
1918 3130 2065 3179 quam
2100 3114 2233 3165 bello
2270 3114 2577 3179 lacessendas
2602 3148 2621 3175 ,

1586 3204 1881 3258 puumunt
1893 3214 1937 3243 s.

1656 3272 1709 3319 6.
1736 3273 1825 3320 Ad
1852 3268 2265 3337 labefactandum
2302 3270 2431 3319 illias
2456 3270 2621 3337 dekai-

1584 3360 1751 3399 tatem.
1768 3350 2029 3400 Abori-avit
2044 3367 2070 3399 ι
2084 3366 2198 3399 vera
2216 3350 2619 3415 interpretatione

1584 3430 1865 3488 Manutius,
1890 3430 1977 3494 qui
2004 3430 2111 3478 hnc
2138 3429 2203 3478 ad
2228 3444 2423 3477 cauum
2440 3430 2619 3477 Postu-

1586 3509 1655 3557 mi
1676 3508 1869 3568 retulit,
1900 3508 2016 3557 dum
2050 3508 2113 3558 de
2138 3509 2200 3558 C.
2228 3510 2417 3557 Caeure
2435 3509 2619 3573 egitur.

1584 3588 1711 3637 Nem
1737 3604 1817 3636 au.
1830 3588 2032 3652 U.699,
2056 3590 2115 3637 L.
2132 3587 2352 3637 Domitio
2374 3598 2425 3636 et
2444 3588 2619 3651 Appio

1586 3666 1793 3719 Claudio
1812 3682 1938 3716 coss.
1962 3667 2135 3715 hiemis
2156 3678 2379 3731 tempore
2396 3678 2505 3714 sota
2532 3678 2619 3715 est

1584 3746 1691 3795 baec
1744 3760 1905 3795 eausa.
1952 3746 2137 3794 Eodem
2181 3754 2343 3793 autem
2386 3755 2611 3807 tempore

1584 3824 1961 3888 Vercingetorix
1991 3824 2199 3873 Galliam
2241 3840 2270 3871 ι
2306 3826 2497 3873 Coesare
2530 3821 2621 3870 de-

1586 3903 1812 3953 bellat-m
1843 3902 2153 3973 sollicitavitg
2192 3902 2306 3967 quis
2342 3903 2443 3963 ism
2480 3912 2623 3963 tum,

1584 3994 1641 4031 ut
1666 3982 1955 4031 Plutarchus
1973 3974 2025 4029 iii
2048 3982 2146 4030 viu
2171 3982 2407 4039 Caesaris,
2445 3996 2496 4028 c.
2524 3995 2615 4042 ιο,

1582 4062 1777 4121 scribit,
1796 4062 1949 4111 coitio
1964 4062 2197 4109 adversus
2218 4076 2327 4109 eum
2348 4060 2473 4108 facte
2496 4068 2619 4107 erat.

1582 4140 1811 4190 Eandem
1840 4156 1939 4190 mm
1971 4140 2127 4202 tangit
2154 4140 2210 4189 iu
2249 4140 2347 4186 vita
2366 4135 2623 4200 Pompeii,
