2996 4694
458 385 605 478 474
1090 391 1187 458 Μ.
1239 359 1317 459 Τ.
1368 393 1958 464 CICERONIS

458 506 843 602 pristinum
906 531 1187 580 morem
1236 507 1682 606 judiciorum
1729 515 2138 610 requirunt.
2187 516 2354 586 Non
2405 518 2600 588 enim

460 618 777 686 corona⁴
823 640 1199 692 consessus
1228 636 1463 694 vester
1496 623 1777 694 cinctus
1801 636 1944 711 est,
1978 638 2063 695 ut
2092 622 2406 714 solebat;
2444 650 2598 697 non

460 726 723 798 usitata
755 723 1163 826 frequentia
1200 755 1337 802 nos
1383 733 1628 831 stipati
1667 755 1941 804 snmus.
1983 737 2165 806 Nam
2203 735 2324 807 illa
2361 739 2602 834 praesi·

462 831 616 926 dia,
622 861 813 990 ⁵quae
859 863 993 940 pro
1041 841 1332 948 templis
1384 842 1729 917 omnibus
1783 843 2110 934 cernitis,
2166 849 2302 917 etsi
2349 861 2601 919 contra

457 947 603 1018 vim
622 943 1034 1022 ⁵collocata
1072 965 1265 1040 sunt,
1300 977 1457 1024 non
1491 943 1857 1026 afferunt⁶
1899 968 2145 1027 tamen
2177 956 2446 1028 oratori
2471 955 2598 1026 ali-

460 1057 677 1154 quid,
724 1074 810 1130 ut
849 1060 927 1132 in
969 1057 1132 1134 foro
1172 1077 1247 1136 et
1286 1065 1364 1135 in
1395 1063 1716 1160 judicie,
1768 1087 2210 1164 quamquam
2253 1065 2600 1164 praesidiis

462 1167 894 1242 salutaribus
955 1187 1028 1243 et
1074 1176 1495 1248 necessariis
1559 1179 1744 1271 septi
1810 1185 2150 1262 sumus7‚
2205 1191 2452 1247 tamen
2506 1200 2603 1247 ne

460 1302 611 1350 non
668 1284 925 1354 timere
978 1281 1277 1378 quidem
1323 1288 1476 1356 sine
1537 1285 1787 1384 aliquo
1838 1279 2150 1357 timore⁸
2215 1287 2598 1382 possimus.

466 1389 644 1479 Quae
688 1391 751 1461 si
783 1391 1121 1489 opposita
1170 1393 1426 1464 Miloni
1467 1409 1846 1494 putarem;
1887 1396 2220 1468 cederem
2253 1395 2604 1493 tempori,

454 1497 769 1595 judiceS,
807 1523 947 1571 nec
978 1501 1171 1573 inter
1214 1517 1487 1575 tantam
1522 1505 1668 1575 vim
1712 1529 2080 1577 armorum
2121 1507 2604 1576 existimarem

464 1613 733 1681 oratori
762 1607 1007 1681 locum
1034 1635 1208 1686 esse.
1244 1613 1387 1686 Sed
1420 1639 1538 1686 me
1569 1629 1848 1689 recreat
1870 1629 1944 1687 et
1965 1613 2204 1688 reficit
2231 1619 2367 1686 Cn.
2399 1617 2606 1685 Pom-

463 1719 637 1816 peii,
676 1722 1182 1818 sapientissimi
1232 1739 1307 1796 et
1338 1725 1718 1821 justissimi
1771 1727 1946 1814 viri,
2000 1725 2431 1797 consilium:
2473 1727 2605 1822 qui

458 1827 785 1924 profecto
812 1855 947 1903 nec
964 1832 1259 1928 justitiae
1289 1859 1433 1908 suae
1458 1851 1746 1935 putaret
1774 1861 1953 1922 esse,
1978 1859 2200 1934 quem
2219 1859 2424 1907 reum
2445 1859 2602 1906 sen·

462 1939 705 2010 tentiis
731 1939 1059 2035 judicum
1097 1944 1546 2035 tradidisset,
1577 1945 1914 2019 eumdem
1945 1946 2107 2018 telis
2141 1945 2451 2017 militum
2485 1946 2606 2018 de-

460 2047 813 2140 dere3nec
832 2054 1219 2152 sapientiae,
1234 2058 1712 2128 temeritatem
1731 2060 2104 2129 concitatae
2125 2055 2608 2130 multitudinis

460 2164 883 2235 auctoritate
898 2164 1191 2262 publica
1204 2175 1235 2224 9
1254 2190 1550 2238 armare.
1555 2166 2052 2258 Quamobrem
2071 2166 2192 2236 illa
2207 2191 2429 2254 arma,
2449 2189 2610 2237 cen-

464 2273 831 2362 turinnes,
868 2273 1245 2365 cohortes,
1270 2300 1421 2347 non
1457 2278 1866 2376 periculum
1903 2275 2162 2366 nobis,
2193 2275 2319 2349 sed
2365 2277 2608 2373 praesi-

462 2380 667 2455 dium
695 2382 1163 2475 denuntiant;
1200 2412 1443 2484 neque
1479 2388 1749 2478 solum,
1787 2403 1869 2461 ut
1897 2390 2188 2486 quiete,
2229 2386 2355 2461 sed
2391 2388 2606 2458 etiam

462 2506 549 2565 ut
598 2518 865 2592 magno
912 2500 1161 2569 animo
1209 2497 1471 2587 simus,
1519 2497 1938 2585 hortantum
1972 2521 2214 2595 neque
2257 2495 2602 2567 auxilium

465 2604 687 2675 modo
734 2601 1143 2676 defensioni
1184 2632 1393 2697 meae,
1443 2633 1698 2680 verum
1747 2612 1964 2681 etiam
2007 2609 2370 2681 silentium
2403 2604 2606 2704 polli-

464 2729 722 2786 centur
742 2724 827 2783 10.
858 2715 1164 2813 Reliqua
1187 2741 1365 2789 vero
1390 2718 1820 2809 multitudo,
1855 2742 2019 2818 quae
2049 2718 2346 2817 quidem
2377 2732 2486 2789 est
2509 2718 2608 2787 ci·

535 2934 586 2985 4.
606 2929 719 2978 Non
742 2928 871 2978 enim
895 2944 1104 2979 corona.
1132 2930 1346 2995 Quando
1367 2948 1485 2981 een-

464 3024 531 3057 eae
566 3008 858 3074 agebantur,
894 3010 1173 3060 confluebat
1212 3012 1384 3075 ingens
1416 3014 1485 3060 ei·

465 3091 599 3138 vium
636 3090 929 3150 multitudo,
958 3090 1045 3156 qui
1078 3091 1291 3141 tribunal
1324 3092 1488 3157 einge-

462 3169 601 3218 bent.
644 3170 741 3219 Sed
784 3186 937 3234 quum
978 3172 1141 3235 primo
1180 3170 1359 3233 judieii
1406 3170 1486 3219 die

465 3248 709 3298 seditiosis
734 3248 1030 3299 elamoribus
1054 3251 1343 3316 irrupissent
1368 3251 1487 3300 Clo-

462 3327 597 3377 diani
613 3360 633 3387 ,
671 3328 932 3392 Pompeius
976 3344 1173 3393 opemn
1218 3330 1383 3388 dedit,
1422 3346 1487 3379 ne

464 3408 576 3473 quie
600 3418 763 3473 poeeet
786 3423 949 3473 prope
962 3408 1156 3471 judiees
1178 3409 1424 3459 accedere.

536 3488 591 3536 5.
624 3486 808 3534 Cenem
840 3486 967 3537 vim.
1006 3492 1123 3539 Hm
1166 3489 1263 3547 eit,
1300 3498 1359 3536 nt
1392 3487 1487 3537 eibi

460 3565 731 3630 Milonique
756 3566 1042 3632 Pompeium
1060 3568 1289 3616 conciliet
1303 3600 1321 3627 ,
1336 3582 1482 3631 quem

460 3643 759 3709 intelligebat
784 3646 1005 3710 peullam
1030 3646 1283 3698 Clodianis·
1302 3646 1483 3695 favere.

532 3726 585 3773 6.
611 3724 729 3773 Non
750 3724 1002 3792 affimat,
1032 3737 1129 3775 ete.
1159 3727 1347 3774 Ernest.
1370 3736 1485 3790 poet

462 3804 684 3855 Lamban.
730 3814 781 3853 et
829 3808 1203 3865 Henmenmnn,
1250 3805 1487 3868 pervertit

459 3884 567 3933 hee
578 3918 593 3943 ,
620 3882 832 3947 legendo
843 3914 860 3942 9
886 3906 913 3927 ιι
929 3884 1079 3933 nobie
1096 3884 1309 3933 efferunt
1325 3895 1487 3933 tamen

461 3962 678 4012 horroris
707 3961 895 4025 aliquid
910 3983 953 4010 ιι.
980 3960 1177 4011 Sehiitz.
1197 3963 1323 4012 mle
1346 3963 1487 4027 plen·

465 4042 555 4093 dit.
579 4045 634 4092 J.
654 4041 721 4091 V.
746 4042 803 4089 Ι...

536 4138 587 4183 7.
606 4122 795 4170 samus.
816 4120 933 4169 Bru.
960 4120 1090 4169 delet
1114 4136 1274 4170 summ
1288 4154 1308 4183 ,
1343 4122 1479 4171 nulle

1574 2932 1728 2982 oodd.
1748 2932 1826 2981 vel
1839 2931 1955 2981 edd.
1967 2932 2256 2980 anctoritate
2277 2930 2446 2977 frenis.
2462 2928 2604 2977 Melo

1573 3012 1752 3061 iterum
1769 3010 2014 3075 exemplo.
2040 3010 2092 3058 J.
2108 3010 2174 3057 V.
2193 3010 2250 3057 L.

1649 3092 1702 3140 8.
1739 3091 1930 3139 Timore
1959 3088 2220 3157 possimus.
2263 3088 2432 3151 Quum
2477 3086 2608 3135 Milo

1577 3181 1850 3231 vereretur,
1887 3184 1950 3218 ne
1991 3166 2220 3217 Ciceroni
2253 3166 2406 3213 timor
2439 3164 2608 3214 seneen

1574 3246 1927 3315 praeluderet,
1962 3248 2010 3296 ei
2045 3246 2225 3305 euenit,
2253 3254 2312 3293 nt
2349 3244 2524 3293 lentie·
2551 3244 2606 3293 in

1573 3330 1736 3377 foma
1757 3327 1962 3386 deletus,
1979 3326 2272 3391 quiesceret,
2289 3321 2454 3389 quoad
2479 3338 2607 3372 eon·

1574 3404 2158 3470 *mizentjudieesJi-i·
2174 3412 2338 3453 entem
2357 3400 2605 3451 militibus

1574 3487 1771 3535 ermetis
1786 3486 1874 3551 qui
1892 3486 2055 3535 forum
2080 3477 2410 3547 tindeqneqne
2435 3480 2602 3545 cinge·

1571 3567 1719 3626 bant,
1749 3565 1940 3631 trepide
1962 3562 2226 3613 admodum
2252 3561 2476 3626 ineoepit.

1644 3663 1694 3710 9.
1722 3642 2023 3695 Auemrieaoe
2036 3640 2259 3709 publiea.
2283 3640 2475 3704 Nempe
2501 3650 2606 3687 tum

1573 3725 1879 3775 consulatum
1897 3724 2156 3788 Pompeius
2177 3721 2407 3786 gerebatg
2433 3719 2606 3769 Domi-

1575 3806 1770 3869 tiaeque
1793 3802 2150 3855 Ahenobarbus
2169 3802 2406 3867 qna-iton·
2424 3800 2524 3849 hoe
2545 3798 2600 3846 in

1571 3884 1762 3946 jndicio
1776 3919 1793 3943 ‚
1825 3884 1872 3931 ei
1909 3882 2218 3949 provinciam
2260 3879 2578 3929 mandaverat
2593 3914 2609 3938 ,

1575 3974 1632 4012 ut
1651 3964 1898 4026 jndicibus
1924 3960 2222 4026 invIgilaret.

1653 4060 1730 4091 to.
1762 4042 2072 4091 Pollioentur.
2088 4041 2215 4104 Quae
2241 4038 2402 4087 omnia
2431 4036 2606 4086 Cicero

1571 4123 1800 4186 pref-tm
1826 4133 1926 4180 eet,
1953 4121 2242 4184 temquemsi
2275 4119 2465 4165 ιηίωοσ
2489 4130 2608 4163 moe
