2996 4694
644 393 1039 462 οΒΑΤιο
1090 395 1295 464 PRo
1342 397 1620 466 REGE
1669 395 2229 482 DEJOTARO.
2345 393 2488 465 613

352 511 691 586 audiente
728 527 805 588 et
846 512 1293 613 disceptante
1347 531 1419 588 te
1436 511 1494 602 ⁸,
1539 531 1882 615 quantam
1942 513 2121 586 mihi
2169 503 2518 594 alaerit&

354 638 503 698 tem
556 624 809 724 populi
872 626 1153 698 romani
1212 649 1614 698 concursus
1663 625 2000 704 afferret?
2060 627 2240 715 Quis
2297 628 2490 696 enim

352 733 527 805 civis
575 734 645 806 ei
697 733 855 832 regi
898 759 1055 806 non
1104 732 1412 825 faveret,
1470 736 1682 832 cujus
1731 759 2030 808 omnem
2083 749 2364 807 aetatem
2414 740 2492 808 in

354 842 610 940 populi
666 848 953 916 romani
1000 841 1209 916 bellis
1253 860 1756 944 consumptam
1805 869 1959 918 esse
2012 846 2500 918 meminisset?
2541 905 2550 918 ,

352 956 767 1050 Spectat-em
812 957 1121 1043 curiam,
1170 953 1495 1028 intuerer
1547 953 1790 1028 forum
1811 1009 1833 1045 ‚
1883 955 2132 1028 caelum
2165 955 2496 1054 'denique

355 1077 658 1136 testarer
697 1064 958 1161 ipsum.
1010 1067 1159 1152 Sic,
1206 1089 1436 1162 quum
1472 1081 1548 1138 et
1581 1066 1893 1158 deorum
1939 1067 2452 1138 immortalium
2471 1121 2494 1152 ‚

350 1187 426 1244 et
484 1173 744 1272 populi
805 1175 1127 1260 romani,
1196 1189 1275 1248 et
1340 1180 1634 1249 senatus
1687 1175 2066 1250 beneficia·
2113 1178 2194 1248 in
2221 1177 2494 1275 ‚reg'em

350 1283 775 1379 Dejotarum
810 1283 1251 1371 recordarer,
1312 1285 1518 1358 nullo
1556 1285 1777 1358 modo
1819 1285 1998 1358 mihi
2035 1285 2284 1358 deesse
2324 1311 2496 1385 pos-

352 1407 462 1465 set
504 1396 762 1468 orati0.
801 1395 979 1484 Quae
1016 1396 1375 1492 quoniam.
1403 1398 1820 1494 angustiora
1850 1399 2159 1495 parietes
2189 1394 2497 1482 faciunt,

350 1504 691 1600 actioque
740 1527 969 1575 causae
1024 1506 1333 1577 maxime
1384 1505 1816 1579 debilitatur
1850 1506 2052 1594 loco;
2095 1519 2318 1577 ¹tuum
2361 1520 2498 1601 est,

352 1616 607 1700 Caesar,
648 1617 778 1711 qui
816 1638 955 1712 pro
986 1614 1235 1688 multis
1277 1636 1465 1714 saepe
1500 1616 1818 1705 dixistio,
1858 1616 2037 1715 quid
2077 1639 2282 1688 nunc
2317 1615 2497 1688 mihi

352 1725 572 1794 animi
588 1724 705 1810 sit,
730 1723 823 1796 ad
838 1737 909 1794 te
926 1725 1165 1823 ipsum
1190 1721 1462 1797 referre
1480 1735 1582 1814 ¹⁰3
1607 1750 1760 1823 quo
1783 1724 2060 1798 facilius
2085 1739 2244 1796 tum
2273 1726 2498 1822 aequi·

358 1847 467 1904 tas
500 1846 661 1918 tua,
700 1845 859 1903 tum
903 1830 1246 1906 audiendi
1277 1832 1646 1931 diligentia
1675 1835 1950 1906 minuat
1984 1835 2174 1907 hanc
2209 1851 2494 1934 pertur-

350 1939 723 2014 bationem
770 1964 1027 2016 meam.

446 2053 588 2128 Sed
621 2069 1013 2153 antequam
1058 2055 1153 2128 de
1200 2059 1660 2130 accusatione
1693 2060 1852 2156 ipsa
1889 2057 2097 2144 dice,
2153 2059 2246 2129 de
2281 2081 2492 2130 accu-

348 2179 669 2238 satorum
694 2191 825 2265 spe
852 2190 1083 2265 pauca
1113 2165 1370 2240 dic'am.
1402 2169 1552 2259 Qui
1579 2191 1808 2266 quum
1841 2167 2226 2239 videantur
2252 2191 2494 2265 neque

352 2277 643 2375 ingenio
662 2329 682 2365 ‚
710 2299 953 2373 neque
980 2300 1117 2349 usu
1146 2290 1371 2375 atque
1398 2279 1919 2351 exercitatione
1945 2297 2190 2354 rerum
2223 2276 2494 2358 valere,

350 2401 597 2458 tamen
638 2385 731 2458 ad
770 2385 961 2457 hanc
1001 2410 1287 2459 causam
1332 2412 1487 2459 non
1533 2390 1690 2459 sine
1730 2383 1970 2485 aliqua
2011 2410 2141 2483 spe
2177 2400 2250 2459 et
2294 2382 2512 2483 cogi-I

350 2497 623 2573 tatione
659 2511 1046 2569 venerunt.
1415 2563 1437 2575 ,
1797 2557 1805 2570 .

446 2609 573 2678 111.
640 2611 913 2677 Iratum
986 2621 1059 2678 te
1112 2610 1267 2705 regi
1328 2609 1720 2703 Dejotaro¹
1789 2608 2010 2679 fuisse
2074 2632 2222 2678 non
2287 2622 2493 2677 eraut

347 2831 453 2865 non
484 2824 597 2863 ente
622 2814 841 2879 potuisse
869 2810 1167 2874 confirmari,
1190 2824 1373 2863 tectum

348 2906 401 2944 et
422 2892 629 2959 parietes
655 2890 1025 2951 desiderantem,
1046 2906 1194 2955 qnam
1220 2893 1375 2956 impe-

350 2972 525 3035 travit,
562 2980 619 3019 nt
636 2969 881 3033 judicium
908 2986 972 3018 ex
995 2970 1105 3019 foro
1127 2970 1182 3017 in
1201 2970 1375 3019 besili-

349 3066 457 3099 cam
496 3050 854 3099 tremferretur.
892 3048 1061 3113 Usque
1094 3064 1155 3097 eo
1182 3048 1377 3113 ingeni·

346 3132 401 3179 in
438 3130 739 3180 scholasticis
783 3126 1217 3177 exercitationibus
1253 3126 1377 3175 deli-

349 3220 456 3259 ατο
480 3212 779 3267 nutriuntur,
812 3218 871 3255 ut
906 3199 1167 3255 clamorem
1186 3239 1203 3265 ‚
1229 3204 1376 3254 silen-

350 3292 472 3338 tium
488 3324 505 3350 ‚
549 3290 701 3337 risum
719 3322 734 3345 ,
794 3284 965 3334 celum
1014 3285 1227 3349 denique
1272 3284 1377 3353 pati

348 3376 593 3433 nequeant
606 3386 652 3415 ι.
676 3364 807 3413 Vide
832 3362 893 3414 de
913 3365 1089 3431 optim.
1109 3380 1220 3429 gen.
1240 3366 1375 3414 Orat.

348 3462 459 3511 cap.
486 3456 536 3504 4.

418 3526 467 3574 8.
500 3522 817 3588 Βίεσφταηω
847 3534 914 3572 ee.
952 3520 1013 3571 Id
1051 3533 1151 3585 est,
1189 3538 1292 3571 rem
1326 3534 1375 3571 et

348 3604 634 3653 sententiam
663 3600 963 3651 moderante.

380 3682 385 3689 ’
416 3699 471 3746 9.
497 3684 593 3730 Pro
610 3680 770 3730 multis
792 3696 924 3747 ,ηερε
942 3678 1131 3730 dixisti.
1159 3682 1363 3731 Suetou.

346 3777 459 3827 esp.
492 3762 585 3811 55:
620 3762 777 3809 «Post
814 3762 1177 3811 accusationem
1214 3760 1367 3809 Dola-

343 3839 487 3890 bella
516 3840 650 3889 haud
685 3838 833 3888 dubie
865 3840 1125 3905 praecipuis
1149 3842 1369 3906 patronis

345 3932 689 3970 annumeratus
721 3930 795 3969 est
812 3942 855 3967 ι.
884 3922 981 3968 Pro
1008 3920 1199 3984 Ligario
1216 3956 1233 3981 ,
1259 3937 1367 3987 cap.

356 4014 451 4049 10:
480 4002 727 4059 «Caum,
766 3998 941 4057 Cant,
980 3999 1059 4063 egi
1083 4000 1287 4059 multas,
1322 4011 1371 4047 et

348 4078 547 4149 quidem
567 4089 725 4127 tecum
742 4112 757 4137 ,
782 4076 899 4125 dum
928 4087 976 4125 te
1004 4078 1058 4126 in
1087 4077 1198 4130 soro
1218 4078 1375 4129 tenuit

348 4160 472 4207 ratio
493 4158 737 4208 honorum
764 4168 960 4209 tuorum
976 4180 1022 4208 a.

1539 2832 1619 2865 xo·
1639 2816 1726 2865 Aa
1743 2828 1791 2865 te
1811 2816 1963 2879 {osum
1983 2814 2187 2881 referre.
2202 2816 2488 2879 Quum·loci

1460 2895 1696 2959 angustiis
1717 2894 1980 2960 impeditus
1999 2906 2048 2943 et
2066 2895 2360 2943 constrictus
2377 2895 2489 2959 sim,

1460 2982 1513 3019 et
1533 2972 1726 3033 solitam
1749 2972 2084 3035 frequentiam,
2099 2972 2300 3021 solitum
2315 2974 2487 3023 caelum

1464 3049 1713 3115 requirent
1737 3050 1871 3098 oculi
1897 3052 2026 3108 mei,
2069 3062 2211 3099 tunm
2241 3062 2346 3110 eat,
2387 3054 2493 3103 Cae-

1463 3144 1560 3188 aar,
1584 3145 1678 3194 pro
1704 3140 1790 3177 tuo
1821 3128 2017 3177 dicendi
2043 3145 2157 3189 usu,
2177 3146 2306 3177 mens
2329 3142 2492 3197 partes

1460 3206 1624 3271 ipsum
1643 3206 1869 3270 implere,
1903 3206 2026 3271 quid
2049 3222 2184 3255 nunc
2201 3208 2324 3257 mihi
2339 3210 2490 3260 animi

1464 3286 1560 3345 sit,
1593 3302 1659 3334 ex
1683 3296 1774 3334 tuo
1801 3302 1944 3334 sensu
1964 3285 2211 3350 judicare,
2232 3304 2342 3353 qun
2373 3306 2488 3341 nen·

1465 3364 1580 3413 tiam
1619 3365 1784 3430 ipsum
1821 3366 2030 3425 sentire,
2070 3375 2121 3414 et
2144 3367 2370 3433 supplere
2387 3403 2404 3429 ‚
2437 3384 2490 3421 et

1464 3445 1680 3511 cogitare
1730 3443 1855 3509 quid
1903 3444 2091 3493 diceres
2121 3481 2138 3508 ‚
2208 3446 2250 3493 si
2301 3458 2488 3499 tantam

1463 3539 1656 3572 causam
1718 3539 1824 3572 non
1882 3522 1938 3571 in
1988 3524 2097 3573 foro
2122 3556 2138 3583 ‚
2205 3525 2292 3573 sed
2353 3528 2482 3579 intra

1459 3603 1682 3667 privatos
1709 3602 1922 3669 parietes
1952 3618 2218 3669 perorares.
2260 3608 2336 3654 Ita
2373 3604 2485 3672 fiet,

1460 3692 1516 3730 ut
1542 3698 1646 3731 mea
1669 3682 1774 3731 hac
1800 3682 2106 3751 penul-hetin
2137 3683 2301 3739 clienti
2324 3686 2488 3738 minus

1455 3771 1646 3816 noceat,

1527 3842 1619 3889 111.
1666 3857 1710 3892 1.
1767 3841 1953 3889 [ranam
1993 3852 2042 3891 te
2084 3842 2190 3907 regi
2221 3841 2484 3906 Dejoeam.

1456 3918 1677 3985 Philipp.
1700 3922 1775 3968 11:
1799 3942 1825 3963 ιι
1845 3920 1970 3987 Quis
1987 3920 2120 3977 enim
2143 3922 2370 3985 cuiquam
2393 3924 2484 3972 ini-

1462 4000 1655 4060 micior,
1681 4016 1828 4065 quam
1862 4000 2097 4063 Deiotaro
2129 3996 2326 4051 Caesnr?
2350 4020 2488 4069 aque

1464 4092 1609 4145 atque
1650 4080 1768 4127 huic
1808 4079 1973 4128 ordini
1989 4115 2004 4139 ,
2046 4090 2102 4129 ut
2143 4083 2388 4143 equestri,
2433 4098 2488 4135 ut

1470 4158 1854 4209 Massiliensibus
1877 4191 1892 4217 ,
1943 4170 2000 4207 ut
2045 4158 2274 4209 omnibus
2314 4159 2493 4227 quibus
