2996 4694
895 688 2142 797 ARGUMENTUM.

451 989 538 1048 Μ.
563 984 874 1045 Claudium
905 984 1248 1045 Marcellum
1285 988 1370 1047 Μ.
1394 988 1462 1047 Ρ.
1502 984 1719 1065 plebeii
1756 985 1980 1065 generis
2008 985 2033 1070 (
2054 984 2175 1047 vid.
2214 985 2293 1046 ad
2312 998 2465 1047 orat.
2503 987 2583 1047 de

529 1088 777 1163 Han-usp.
831 1102 1092 1162 respons.
1135 1102 1262 1163 cap.
1323 1081 1438 1164 6),
1485 1082 1590 1143 sed
1642 1083 1839 1143 multis
1886 1085 2187 1145 senatoriis
2234 1082 2585 1163 imaginibus

528 1178 848 1253 nobilitati,
873 1180 1026 1238 inter
1049 1178 1360 1259 plerosque
1386 1190 1644 1253 constat,
1680 1178 1801 1239 vim
1828 1198 2063 1239 omnem
2088 1180 2421 1239 consnlatus
2452 1179 2541 1239 sui
2558 1224 2579 1252 ,

529 1294 704 1355 quem
731 1294 866 1337 ann.
899 1274 1050 1337 Urb.
1089 1278 1206 1349 7⁰3
1251 1275 1432 1355 (ann.
1470 1274 1611 1335 Chr.
1650 1274 1789 1357 51),
1816 1295 1891 1335 ex
1917 1274 2267 1354 optimatum
2295 1276 2581 1337 sententia

528 1374 832 1453 magnifice
857 1374 1032 1452 gessit
1049 1416 1069 1446 ,
1105 1372 1168 1433 in
1191 1372 1582 1452 oppugnanda
1610 1373 1851 1435 Cnsaris
1876 1374 2155 1453 dignitate
2176 1386 2237 1434 et
2266 1372 2585 1433 ambitione

529 1470 974 1549 consumpsisse.
995 1468 1108 1531 Hie
1133 1482 1256 1529 tum
1283 1470 1344 1528 in
1371 1470 1561 1531 Gallia
1582 1482 1788 1529 octavo
1808 1470 1931 1549 jam
1956 1490 2113 1530 anno
2144 1490 2217 1531 ex
2250 1470 2583 1551 triumpho-

527 1586 660 1629 rum
689 1568 1130 1648 opportunitate
1159 1566 1464 1627 materiam
1491 1587 1759 1645 querens
1784 1566 2035 1649 reipubl.
2062 1568 2414 1641 evertendo,
2438 1568 2585 1627 nibil

527 1664 834 1725 omittebat
853 1707 874 1739 ,
911 1683 1034 1743 quo
1071 1664 1132 1722 in
1157 1662 1306 1723 urbe
1329 1661 1671 1723 defensores
1696 1662 1977 1725 absentias
1998 1684 2119 1725 sun
2146 1677 2209 1725 et
2233 1666 2469 1745 majoris
2492 1665 2587 1725 vi·-

527 1761 728 1821 ctorioe
754 1760 1049 1839 adjutores
1086 1772 1352 1837 pararet3
1395 1758 1797 1839 obligavitque
1818 1760 1931 1821 sibi
1956 1762 2039 1821 ita
2068 1782 2245 1842 quam
2280 1764 2584 1843 plurimos.

525 1858 644 1919 Sed
667 1858 978 1917 Marcellus
992 1900 1010 1929 ,
1037 1855 1200 1915 nullo
1220 1866 1535 1933 corruptus
1568 1856 1759 1934 pretio
1779 1900 1797 1929 ,
1841 1858 2033 1936 palam
2061 1860 2435 1939 animoseque
2456 1880 2585 1921 sese

525 1956 804 2033 apposnit
821 1952 967 2025 illis,
994 1972 1064 2011 ac
1091 1950 1401 2011 referendo
1429 1950 1797 2029 dicendoque
1822 1953 1887 2011 in
1916 1964 2119 2013 senatu
2144 1956 2429 2033 imprimis
2452 1957 2583 2018 baee

523 2052 646 2131 egit
663 2073 680 2107 ε
703 2062 768 2109 ut
793 2050 1036 2121 cesari,
1059 2048 1531 2128 prorogationem
1560 2048 1875 2126 pmvinciae
1900 2049 2121 2129 petenti
2136 2051 2584 2120 ,succederetur

525 2160 660 2207 ante
675 2159 942 2207 exactum
963 2146 1210 2206 alterum
1229 2144 1725 2223 quinquennium3
1752 2158 1817 2205 ut
1833 2144 2089 2207 absentis
2114 2147 2267 2207 ratio
2290 2148 2459 2207 nulla
2473 2148 2580 2209 ha-

523 2244 766 2304 beretur
791 2241 1194 2305 consularibus
1225 2242 1507 2314 comitii„
1540 2254 1609 2300 ut
1632 2241 1855 2301 colonis
1868 2284 1887 2313 ,
1926 2260 2081 2321 quos
2100 2246 2293 2303 θεαι-
2314 2248 2580 2305 Novum-

521 2360 754 2403 comum
781 2361 970 2420 nuper
993 2337 1198 2417 majori
1215 2339 1378 2418 jure,
1405 2359 1581 2418 quam
1604 2338 1969 2420 Pompeianis
1994 2340 2277 2419 placeret,
2295 2340 2577 2403 deduxis-

525 2452 614 2499 set
632 2482 652 2511 ‚
678 2437 824 2498 illud
847 2437 946 2515 jus
969 2437 1362 2498 adimeretur:
1393 2435 1611 2514 quibus
1632 2437 1696 2496 in
1725 2435 2058 2496 actionibus
2089 2437 2225 2496 ideo
2260 2439 2577 2520 collegam,

523 2539 652 2599 Ser.
679 2534 998 2615 Sulpicium
1015 2579 1035 2608 ,
1067 2535 1444 2594 clarissimum
1463 2532 1617 2612 juris
1644 2535 2007 2608 consultum,
2036 2535 2227 2596 vinam
2258 2537 2575 2616 nequiorem

523 2649 586 2696 et
621 2635 780 2716 pacis
813 2635 1224 2694 studiosiorem
1242 2677 1262 2706 ‚
1310 2631 1519 2693 babuit
1548 2633 1958 2694 adversarium.
1996 2637 2203 2716 Itaque
2232 2639 2545 2700 Marcellus
2558 2685 2579 2714 ,

521 2739 702 2813 quum
735 2731 810 2792 ad
833 2751 994 2792 arma
1011 2732 1126 2792 iret
1151 2732 1388 2801 civitas,
1415 2746 1613 2810 partes
1644 2733 1907 2813 Pompeii
1928 2747 2207 2812 sequutus
2232 2749 2322 2796 est
2337 2782 2354 2810 ,
2381 2737 2464 2797 sic
2494 2753 2577 2798 ta·

521 2849 658 2890 men
676 2872 695 2902 ‚
734 2841 802 2888 ut
841 2849 964 2888 non
1000 2828 1248 2888 multum
1285 2827 1586 2887 interesset
1618 2827 1795 2888 rebus
1826 2829 2113 2907 gerendis.
2161 2835 2369 2910 Neque
2419 2834 2575 2894 enim

523 2925 829 2986 consilium
849 2923 1020 2997 belli,
1045 2943 1152 2983 nec
1173 2923 1338 2983 ducis
1357 2925 1719 3004 propositam
1738 2924 2042 2998 rationem,
2056 2946 2167 2986 nee
2187 2929 2387 3005 copias
2403 2933 2575 2988 Pom·

519 3024 792 3103 peianas,
820 3041 930 3082 uec
955 3039 1136 3099 genus
1161 3021 1448 3080 exercitus
1473 3018 1796 3098 probabat,
1818 3007 1879 3078 et
1904 3021 1965 3079 in
1994 3039 2123 3080 sera
2148 3022 2401 3100 quadam
2424 3043 2573 3102 pro-

520 3120 778 3182 videntia
796 3162 814 3191 ,
839 3119 992 3179 sicut
1011 3115 1274 3198 plerique
1293 3115 1554 3194 eiusdem
1578 3115 1759 3194 partis
1773 3156 1791 3187 ,
1814 3133 2047 3176 omnem
2072 3116 2329 3196 ponebat
2348 3121 2577 3199 sapien-

523 3219 682 3278 tiam.
723 3220 800 3276 Et
837 3227 995 3275 recte
1027 3213 1240 3274 vidisse
1269 3232 1406 3285 eos,
1455 3211 1562 3290 qui
1600 3210 1789 3270 exitus
1838 3224 1990 3272 esset
2032 3213 2305 3289 futurus,
2336 3215 2574 3281 fortuna

520 3313 708 3394 prelii
731 3311 1046 3374 Pharsalici
1073 3309 1276 3371 docuit
1310 3329 1442 3369 ann.
1471 3307 1621 3368 Urb.
1650 3308 1788 3381 706.

597 3417 726 3472 Jam
751 3411 904 3470 vieta
931 3421 994 3468 et
1017 3407 1316 3468 debilitata
1341 3426 1476 3486 pars
1510 3405 1685 3466 etiam
1710 3405 1890 3486 magis
1908 3449 1925 3480 ,
1970 3427 2145 3488 quam
2170 3421 2374 3485 antea,
2406 3412 2579 3474 dissi.

519 3508 662 3568 dere
712 3507 888 3587 coepit
927 3505 1219 3566 consiliis:
1250 3503 1382 3573 alii,
1427 3503 1597 3562 novis
1644 3503 1831 3582 copiis
1867 3502 1930 3562 in
1976 3505 2178 3566 Africa
2222 3513 2534 3571 contractis
2554 3557 2575 3585 ,

521 3605 740 3665 bellum
773 3621 1094 3675 renovare3
1128 3600 1264 3674 alii,
1291 3619 1543 3678 quorum
1568 3599 1630 3658 in
1652 3618 1899 3659 numero
1930 3600 2039 3660 fuit
2071 3601 2313 3673 Cicero,
2350 3605 2488 3667 fidei
2516 3623 2576 3668 et

521 3699 836 3761 clementia
866 3697 1104 3757 victoris
1142 3717 1206 3756 se
1245 3695 1623 3757 committere.
1668 3697 1983 3757 Marcellus
2011 3711 2205 3760 autem
2235 3700 2573 3784 dignitatem

519 3815 684 3858 suam
713 3795 860 3855 tueri
889 3813 954 3853 se
979 3812 1098 3852 non
1124 3812 1294 3872 posse
1321 3805 1517 3864 ratus,
1548 3793 1598 3851 si
1622 3791 2019 3872 poenitentiam
2048 3795 2341 3868 fateretur,
2370 3799 2431 3856 in
2455 3803 2576 3859 lta-

521 3896 658 3955 liam
684 3893 876 3952 redire
906 3891 1124 3958 noluit,
1159 3890 1264 3949 sed
1293 3890 1607 3967 Mitylenae
1631 3891 1929 3969 migravit,
1954 3891 2157 3952 urbem
2186 3893 2359 3952 Lesbi
2390 3915 2571 3956 orna·-

449 4029 456 4039 -
523 3992 796 4052 tissimum
812 4033 828 4062 ,
879 3987 1150 4058 liberam,
1185 3985 1261 4046 ab
1298 3989 1472 4046 armis
1520 4001 1834 4062 remotam,
1886 3988 2192 4048 doctorum
2246 4009 2569 4068 gracorum

524 4085 860 4154 celebritate
901 4085 1230 4156 florentem,
1279 4107 1306 4138 α
1341 4082 1675 4163 oblitusque
1716 4104 1957 4144 snorum
1968 4127 1989 4158 ,
2034 4083 2477 4154 obliviscendus.
2511 4105 2583 4160 et
