2996 4694
482 376 623 448 226
1106 378 1201 447 M.
1254 378 1330 447 Τ,
1385 378 1965 451 CICERONIS

469 502 724 597 igitur,
761 498 1041 570 tantum'
1082 495 1356 571 facinus
1389 498 1661 570 nullam
1698 498 1797 571 ob
1834 504 2167 573 causam⁴
2212 525 2367 574 esse
2400 528 2605 576 com·

471 610 816 682 missum?
872 623 946 681 et
999 632 1134 679 vos
1189 632 1342 679 non
1393 607 1687 697 videtis,
1744 607 1919 704 fingi
1968 609 2258 683 sceleris
2310 614 2603 684 maximi

469 723 744 793 crimen
761 714 816 802 ⁵,
851 733 934 790 ut
965 717 1258 789 alterius
1293 741 1505 789 causa
1540 716 1876 790 sceleris⁶
1904 718 2339 817 suscipiendi
2380 719 2601 793 fuisse

469 828 844 901 videatur?
888 828 1022 899 Cui
1065 826 1382 925 denique
1417 828 1831 901 commisit?
1870 853 2021 924 quo
2060 826 2389 923 adjutore
2424 854 2605 901 usus

465 941 617 1011 est?
659 962 809 1037 quo
845 937 1087 1009 socio?
1117 960 1267 1033 quo
1295 938 1638 1008 conscio?
1663 938 1783 1009 cui
1816 951 2099 1009 tantum
2134 934 2413 1009 facinus
2434 990 2453 1025 ,
2484 941 2602 1010 cui

463 1074 540 1123 se
561 1105 580 1137 ,
615 1050 736 1121 cui
774 1048 1078 1120 salutem
1113 1070 1314 1118 suam
1353 1046 1705 1119 credidit?
1734 1048 2063 1119 Servisne
2096 1048 2467 1120 mulieris?
2504 1052 2605 1121 sic

462 1163 657 1234 euim
699 1158 1067 1255 objectum
1105 1172 1230 1229 est.
1275 1160 1363 1253 Et
1398 1172 1552 1228 erat
1589 1172 1733 1228 tam
1782 1156 2083 1228 demens
2117 1156 2272 1245 hic,
2316 1159 2437 1229 cui
2470 1182 2597 1229 vos

463 1271 835 1368 ingenium
870 1282 1066 1340 certe
1098 1267 1413 1338 tribuitis
1433 1280 1488 1355 ⁷,
1523 1271 1803 1339 etiamsi
1834 1282 2073 1339 cetera
2114 1268 2405 1339 inimica
2442 1292 2603 1339 ora-

466 1384 665 1453 tione
709 1366 1084 1451 detrahitis
1107 1432 1126 1464 ,
1161 1392 1246 1449 ut
1275 1402 1529 1449 omnes
1554 1402 1717 1449 suas
1744 1376 2071 1449 fortunas
2098 1375 2347 1448 alienis
2378 1378 2601 1449 servis

469 1489 1000 1563 committeret?
1047 1490 1139 1559 At
1181 1487 1451 1586 quibus
1497 1489 1760 1559 servis?
1802 1484 2025 1559 refert
2072 1488 2265 1559 enim
2306 1510 2606 1585 magno-

469 1626 646 1699 pere
692 1598 769 1671 id
821 1601 1106 1698 ipsum:
1158 1598 1406 1685 hisne,
1469 1620 1658 1695 quos
1712 1595 2159 1693 intelligebat
2207 1621 2356 1667 non
2407 1620 2603 1667 com-

471 1709 676 1779 muni
701 1707 1118 1780 conditione
1142 1708 1500 1779 servitutis
1527 1709 1633 1777 uti
1651 1760 1672 1793 ‚
1700 1705 1825 1778 sed
1856 1706 2186 1778 licentius
2207 1760 2228 1794 ‚
2264 1706 2563 1778 liberius
2585 1762 2606 1794 ‚

473 1817 888 1891 familiarius
940 1842 1106 1888 cum
1157 1817 1450 1889 domina
1497 1818 1783 1888 vivere?
1814 1818 1999 1907 Quis
2034 1818 2229 1888 enim
2273 1815 2417 1888 hoc
2456 1842 2607 1888 non

475 1926 670 1999 videt
723 1926 1046 2023 judices?
1112 1943 1237 1999 aut
1302 1928 1468 2027 quis
1540 1926 1683 1999 hoc
1734 1930 2021 2025 ignorat
2045 1982 2064 2016 ,
2110 1929 2185 1999 in
2246 1928 2609 2023 ejusmodi

475 2037 731 2122 domo,
773 2040 851 2109 in
885 2037 1030 2135 qua
1055 2037 1231 2108 nibil
1269 2053 1586 2134 geratur,
1626 2036 1827 2135 quod
1864 2034 2055 2107 foras
2090 2035 2611 2135 proferendum

475 2152 602 2236 sit,
637 2152 710 2220 in
738 2174 884 2247 qua
909 2148 1169 2236 lustra,
1213 2147 1585 2233 libidines,
1608 2148 1977 2233 luxuries,
2017 2148 2261 2217 omnia
2290 2144 2610 2244 denique

473 2258 792 2331 inaudita
819 2260 992 2329 vitia
1018 2273 1239 2358 atque
1265 2252 1533 2357 flagitia
1560 2271 1978 2345 versentur;
2022 2256 2143 2327 hic
2178 2280 2425 2329 servos
2457 2282 2609 2329 non

473 2393 626 2442 esse
665 2365 1014 2442 servos⁸?
1044 2368 1313 2467 quibus
1348 2369 1590 2440 omnia
1624 2367 2219 2441 committantur?
2252 2391 2386 2465 per
2422 2393 2613 2465 quos

471 2479 862 2578 gerantur?
903 2480 1032 2576 qui
1071 2493 1450 2550 versentur
1489 2477 1746 2550 iisdem
1772 2479 1853 2548 in
1881 2477 2423 2576 voluptatibus?
2448 2480 2609 2576 qui-

473 2589 614 2660 bus
654 2587 938 2660 occulta
965 2587 1398 2659 credantur?
1432 2588 1523 2659 ad
1562 2613 1751 2686 quos
1787 2588 2237 2685 aliquantum
2278 2589 2495 2660 etiam
2526 2615 2617 2661 ex

478 2697 918 2796 quotidianis
954 2696 1360 2795 sumptibus
1396 2723 1478 2770 ac
1516 2698 1797 2770 luxuria
1830 2695 2242 2768 redundet?
2274 2696 2360 2768 Id
2396 2700 2619 2795 igitur

478 2808 752 2880 Coelius
783 2832 934 2877 non
974 2804 1312 2877 videbat?
1348 2809 1430 2879 si.
1455 2812 1647 2880 enim
1686 2822 1837 2879 tam
1870 2804 2237 2879 familiaris
2270 2821 2423 2878 erat
2458 2831 2615 2878 mu-

480 2919 712 3008 lieris,
768 2941 987 3016 quam
1043 2941 1173 2989 vos
1218 2918 1472 3007 vultis3
1528 2921 1704 3013 istos
1762 2941 2061 3016 quoque
2123 2941 2368 2988 servos
2414 2915 2618 2988 fami-

479 3029 690 3100 liares
732 3049 888 3099 esse
921 3025 1236 3098 dominae
1267 3029 1559 3102 sciebat.
1600 3029 1727 3099 Sin
1767 3029 1835 3098 ei
1876 3041 2077 3098 tanta
2119 3028 2620 3115 consuetud0‚

483 3151 752 3236 quanta
789 3161 829 3208 a
868 3135 1072 3207 vobis
1111 3136 1505 3226 inducitur,
1556 3163 1707 3208 non
1746 3151 1933 3224 erat3
1976 3161 2138 3234 quae
2182 3161 2353 3208 cum
2400 3138 2622 3209 servis

485 3248 725 3345 potuit
765 3245 1200 3320 familiaritas
1237 3273 1391 3342 esse
1431 3247 1682 3319 tanta?

562 3471 610 3519 1..
666 3465 869 3514 Nullum
913 3464 974 3514 ob
1025 3477 1247 3515 cansam.
1297 3464 1509 3515 Codice·
1589 3479 1739 3530 supra
1778 3463 2019 3529 Gorgias:
2046 3485 2073 3505 ι
2092 3461 2196 3512 dno
2224 3461 2278 3510 in
2306 3479 2385 3512 me
2416 3462 2547 3513 inter
2568 3481 2623 3514 se

487 3531 720 3594 {ambae}
739 3545 880 3594 Bai-b.
903 3546 1048 3594 Rom.
1072 3547 1252 3594 Venet.
1279 3557 1330 3593 et
1351 3545 1509 3592 Aldus
1594 3544 1739 3609 plane
1770 3545 2013 3591 contraria
2044 3541 2357 3607 reprehendis
2374 3575 2392 3604 ,
2429 3545 2621 3607 snpien-

487 3625 668 3673 babent
693 3597 1012 3674 Qun-ullam
1037 3639 1228 3672 mnsam
1250 3645 1294 3672 ι.
1595 3623 1711 3670 tiam
1749 3632 1799 3670 et
1836 3611 2088 3669 insaniam.
2132 3623 2255 3684 Qua
2301 3621 2405 3670 duo
2446 3623 2537 3670 nni
2566 3635 2619 3671 et

562 3705 607 3752 5.
631 3674 834 3751 Sceleris
857 3701 1068 3750 maximi
1081 3701 1280 3750 ‹tr-iniere.
1311 3702 1509 3750 Scilicet
1592 3701 1751 3748 eidem
1768 3701 1956 3748 bomini
1973 3715 2077 3748 eene
2096 3715 2197 3748 non
2216 3711 2424 3764 possunt
2438 3735 2454 3759 ,
2474 3711 2569 3749 ete.
2592 3723 2620 3742 n·

485 3783 661 3830 Dionia
680 3779 952 3828 homicidii.
1666 3779 1719 3826 8.
1746 3780 1913 3825 Servos
1950 3795 2051 3826 non
2082 3793 2187 3826 esse
2220 3795 2391 3828 ser-ms.
2430 3779 2619 3828 Plutar-

555 3861 605 3909 6.
642 3859 857 3908 Alterius
890 3869 1046 3902 eausa
1080 3855 1292 3916 sceleris.
1318 3855 1507 3907 clodia
1594 3858 1715 3906 chus
1734 3857 1801 3904 de
1818 3857 2129 3906 institutione
2154 3857 2363 3922 puerili:
2394 3879 2415 3900 ι
2440 3861 2541 3921 Qui
2563 3877 2619 3908 ee

481 3935 724 3985 veneficii.
1588 3937 1783 4002 flagitiis
1800 3939 2031 3987 omnibus
2046 3940 2367 3988 immerserint
2380 3971 2397 3997 ‚
2422 3955 2487 3985 ne
2506 3941 2617 4003 qni-

551 4037 578 4078 7
591 4055 602 4066 .
639 4019 694 4064 Re
717 4023 828 4064 eme
851 4023 953 4059 tam
971 4011 1168 4058 domem
1186 4011 1265 4060 hic
1278 4049 1293 4074 ,
1313 4013 1394 4062 cui
1412 4031 1505 4063 vos
1592 4019 1701 4067 dem
1729 4019 1845 4066 satia
1868 4018 2106 4067 libert-tis
2131 4018 2313 4067 babent
2328 4051 2343 4077 ‚
2368 4029 2426 4066 ut
2448 4033 2617 4065 servos

472 4098 717 4163 ingenium
762 4100 892 4139 certe
947 4089 1174 4168 tribuitis.
1239 4091 1373 4142 Idan
1415 4095 1502 4158 qui
1592 4097 1975 4162 reprehendant,
1998 4097 2177 4150 καὶαπ
2192 4107 2246 4145 et
2262 4096 2449 4146 libero·
2474 4117 2519 4142 ι.
