2996 4694
506 358 650 433 236
1131 362 1229 431 M.
1273 362 1352 431 Τ.
1406 362 1999 435 CICERONIS

499 484 719 555 missi.
769 480 1086 555 Tandem
1123 480 1400 581 aliquid
1451 484 1857 556 invenimus
1873 538 1895 573 ,
1928 482 2133 583 quod
2184 486 2315 557 ista
2367 486 2629 558 mulier

441 636 448 645 ·
497 593 592 665 de
647 617 948 665 suorum
989 594 1577 691 propinquorum
1598 648 1618 683 ‚
1672 591 2227 667 fortissimorum
2264 597 2585 667 virorum
2607 651 2628 684 ,

499 703 858 775 sententia
881 716 1100 801 atque
1119 704 1549 775 auctoritate
1564 701 1595 747 ³
1628 702 1879 778 fecisse
1898 704 2181 778 dicamr
2196 710 2251 777 ⁴.
2277 704 2421 777 Sed
2446 709 2627 779 scire

499 813 756 911 cupio,
811 812 993 910 quid
1045 812 1308 887 habeat
1353 815 1763 912 argumenti
1808 817 1941 888 ista
1988 816 2509 889 manumissio:
2548 818 2623 887 in

495 946 643 1022 qua
677 934 804 996 aut
835 925 1110 997 alimen
1145 939 1255 997 oet
1287 925 1519 999 coelio
1540 927 1944 1024 quaesitum,
1970 941 2095 999 aut
2121 929 2423 1057 quaestio
2451 924 2623 998 sub·

497 1034 728 1107 levata
747 1031 804 1125 ⁵,
861 1050 990 1108 aut
1043 1036 1433 1109 multarum
1485 1060 1735 1108 rerum
1788 1038 2091 1110 consciis
2164 1040 2387 1110 servis
2456 1060 2623 1109 cum

495 1144 756 1219 causa⁶
797 1149 1176 1248 pmmium
1209 1148 1681 1247 persolutum.
1716 1151 1811 1219 At
1848 1146 2281 1247 propinquis
2328 1147 2619 1247 placuit.

495 1259 650 1327 Gur
673 1280 826 1328 non
855 1257 1172 1355 placeret
1189 1312 1212 1347 ‚
1241 1282 1480 1357 quum
1508 1274 1666 1329 rem
1700 1272 1859 1331 tute
1884 1258 1978 1330 ad
2007 1283 2133 1330 eos
2159 1282 2317 1330 non
2345 1256 2440 1329 ab
2468 1256 2625 1328 aliis

493 1365 630 1439 tibi
650 1366 970 1458 allatam,
1000 1367 1128 1441 sed
1157 1394 1202 1441 a
1231 1383 1304 1441 te
1325 1368 1480 1468 ipsa
1502 1382 1982 1467 compertam,
2002 1364 2282 1439 deferre
2304 1365 2627 1438 diceres?

491 1478 627 1549 Hic
667 1480 884 1549 etiam
931 1479 1301 1567 miramur,
1341 1482 1404 1550 si
1437 1477 1635 1550 illam
1678 1477 2245 1551 commentitiam
2278 1474 2621 1574 pyxidem

491 1583 1038 1660 obscoenissima
1063 1591 1156 1661 sit
1181 1586 1467 1661 fabula⁷
1501 1588 2001 1687 consequuta?
2027 1586 2213 1659 nihil
2237 1600 2347 1658 est
2360 1638 2381 1672 ,
2420 1585 2623 1683 quod

493 1697 572 1767 in
605 1695 964 1792 ejusmodi
998 1697 1372 1771 mulierem
1405 1722 1559 1770 non
1594 1697 1854 1770 cadere
1886 1695 2240 1768 videatur.
2258 1693 2522 1766 Audita
2548 1711 2625 1767 et

489 1804 986 1903 percelebrata
1039 1807 1501 1881 sermonibus
1548 1831 1667 1880 res
1719 1821 1845 1879 est.
1907 1806 2279 1905 percipitis
2326 1808 2585 1878 animis
2601 1860 2621 1894 ‚

483 1912 798 2010 judices,
830 1916 1297 2015 jamdudum,
1329 1918 1513 2016 quid
1546 1917 1795 2005 velim,
1830 1916 1944 1989 vel
1974 1918 2254 2015 potina,
2282 1914 2459 2014 quid
2486 1940 2621 1987 no-

487 2023 618 2097 lim
669 2026 930 2100 dicero„
987 2027 1208 2119 Quod
1257 2030 1536 2101 etiamsi
1584 2040 1694 2101 est
1732 2026 2006 2099 factum
2022 2081 2043 2115 ,
2082 2040 2275 2099 certe
2314 2048 2355 2097 a
2390 2025 2621 2098 Coelio

483 2160 642 2207 non
691 2151 802 2209 est
850 2137 1120 2213 factum
1161 2164 1180 2210 t
1233 2136 1414 2238 quid
1461 2140 1657 2211 enim
1700 2138 2097 2211 attinebat?
2140 2150 2253 2209 est
2290 2138 2487 2209 enim
2522 2134 2618 2209 ab

484 2248 740 2349 aliquo
773 2248 1072 2327 fortasse
1107 2249 1562 2325 adolescente
1581 2302 1602 2339 ‚
1640 2274 1795 2323 non
1830 2264 1980 2321 tam
2020 2248 2295 2321 insulso
2319 2302 2341 2337 ‚
2398 2270 2617 2345 quam

487 2385 638 2432 non
671 2363 1108 2436 verecundo.
1144 2367 1268 2435 Sin
1299 2378 1542 2436 autem
1574 2377 1687 2434 est
1717 2359 2009 2450 fictum,
2047 2383 2199 2431 non
2232 2357 2416 2430 illud
2450 2358 2616 2455 qui-

486 2469 656 2542 dem
691 2472 1080 2545 molestum
1099 2468 1159 2563 ⁸,
1201 2471 1326 2548 sed
1377 2489 1619 2546 tamen
1662 2487 1773 2545 est
1806 2495 1963 2544 non
1998 2469 2374 2542 inficetum
2408 2461 2616 2540 men-

483 2579 797 2654 dacium.
846 2581 1066 2674 Quod
1113 2581 1441 2681 profecto
1491 2605 1895 2681 numquam
1947 2581 2331 2654 homiuum
2378 2593 2617 2651 sermo

479 2704 702 2788 atque
749 2693 1000 2791 opinio
1061 2693 1607 2793 comprobasset
1625 2746 1646 2782 ,
1707 2692 1847 2765 nisi
1897 2691 2143 2763 omnia
2161 2743 2183 2779 ‚
2240 2714 2403 2786 quae
2446 2712 2615 2761 cum

479 2800 936 2898 turpitudine
969 2801 1210 2901 aliqua
1243 2802 1679 2890 dicerentur,
1709 2804 1787 2873 in
1814 2803 2021 2873 istam
2056 2795 2413 2898 quadrare
2446 2810 2617 2895 apte

481 2909 919 2985 viderentur.

549 3167 600 3218 3.
626 3167 702 3215 De
709 3163 1120 3233 propinquorum.
1139 3196 1156 3210 .
1174 3159 1504 3209 auctoritate.
1589 3155 1831 3206 sublevari
1851 3175 1876 3197 n·
1928 3153 2162 3201 dicuntur
2176 3185 2190 3211 ,
2228 3165 2380 3215 quum
2408 3147 2617 3214 propul-

479 3251 606 3300 cato
621 3246 884 3298 censorin
910 3239 1046 3308 apud
1064 3239 1275 3301 livium,
1293 3238 1384 3288 lib.
1409 3237 1501 3296 Π,
1588 3246 1782 3293 autur,
1832 3232 1902 3281 ita
1937 3231 2146 3296 quondo
2180 3245 2431 3278 servornm
2465 3243 2617 3292 quam

479 3323 601 3374 Dec.
642 3335 709 3384 4:
739 3323 997 3386 «Maiores
1029 3317 1188 3368 nostri
1219 3316 1404 3367 nullam
1437 3331 1502 3364 ue
1588 3313 1901 3362 manumissio
1940 3310 2225 3368 removerit,
2262 3307 2509 3356 mum
2536 3305 2615 3355 di-

485 3406 724 3469 privatnm
766 3402 963 3468 quidem
991 3417 1092 3448 rem
1126 3413 1266 3462 agere
1299 3395 1505 3444 feminas
1588 3403 1761 3451 catur,
1788 3405 1943 3456 quum
1970 3404 2074 3437 eum
2110 3385 2309 3452 quidem
2344 3386 2471 3435 servi
2500 3402 2612 3452 per-

479 3483 586 3530 tine
608 3491 810 3529 auctore
835 3479 1120 3534 voluer-unu
1145 3475 1198 3522 in
1225 3489 1374 3522 mann
1397 3485 1502 3520 eune
1589 3469 1857 3520 timuerint.

478 3568 732 3624 parentum
749 3592 766 3617 ,
807 3565 999 3621 patrum
1015 3588 1031 3615 ,
1067 3551 1286 3601 vitorum
1302 3585 1318 3611 ‚
1357 3560 1501 3599 etc.»
1657 3552 1709 3600 6.
1736 3549 1853 3599 Cmn
1874 3561 2042 3595 Mansa
2064 3545 2124 3594 Id
2145 3556 2243 3609 ent,
2267 3543 2433 3610 specie
2454 3559 2615 3593 σοι-νο-

476 3636 651 3687 cicero
670 3651 763 3699 pro
779 3635 984 3682 Murena
1005 3647 1018 3680 :
1041 3652 1068 3673 α
1083 3629 1316 3680 Mulieres
1331 3645 1498 3678 omnes
1587 3643 1695 3677 rum
1714 3625 2051 3676 remunerandi
2066 3622 2235 3672 fidem.

475 3725 679 3780 propter
711 3711 1038 3761 infirmitatem
1066 3709 1260 3757 consilii
1291 3709 1497 3770 majores
1660 3723 1711 3770 7.
1742 3703 2105 3756 obscoenissimo
2119 3701 2313 3767 :iesabu
2282 3703 2390 3752 u.la
2412 3701 2613 3765 cogno-

475 3795 528 3843 in
549 3803 770 3842 tutorum
793 3797 1034 3856 potestate
1051 3803 1154 3836 este
1174 3787 1434 3837 voluerunt
1451 3809 1495 3838 a.
1585 3801 1719 3835 scere
1730 3799 1834 3832 non
1853 3781 2013 3842 datur,
2030 3797 2139 3846 qua
2156 3781 2318 3829 fabula
2334 3781 2427 3829 ista
2445 3779 2613 3839 fuerit,

550 3880 598 3932 ’4.
618 3872 840 3921 Dicatur.
863 3867 943 3918 Al.
958 3867 1207 3918 videatur.
1225 3867 1371 3929 Male,
1387 3883 1496 3917 nam
1588 3881 1761 3930 nempe
1778 3865 1837 3916 ci
1838 3877 1952 3912 cero
1970 3879 2031 3910 ve
2002 3861 2232 3910 ethorum
2248 3871 2383 3924 turpi
2366 3858 2607 3908 itudincm

480 3969 594 4002 eum
611 3965 663 4000 re
681 3967 786 3999 nou
805 3947 1046 4014 congruit.
1588 3945 1781 3994 vitavit.

550 4031 601 4079 5.
634 4031 739 4079 Aue
763 4027 968 4094 quoestio
993 4025 1255 4075 sublevata.
1283 4025 1364 4076 Al.
1391 4025 1498 4074 sub·
1660 4025 1713 4075 8.
1749 4025 1828 4073 sio
1868 4020 2041 4087 optimi
2082 4017 2229 4068 codd.
2266 4017 2401 4066 Olim
2442 4017 2615 4065 mode-

473 4111 597 4161 Iaea.
611 4113 710 4158 Pro
722 4109 929 4157 Murena
941 4141 956 4168 ,
971 4105 1220 4172 «pericula
1233 4103 1484 4155 hominum
1590 4114 1739 4160 scum,
1764 4100 1900 4166 qnod
1921 4098 2118 4148 ullam·
2138 4098 2403 4147 revocavit.
2420 4097 2537 4148 LV.
2552 4097 2614 4144 1..
