2996 4694
476 417 613 491 170
1148 393 1794 464 ARGUMENTU
1815 395 1906 463 Μ.

536 515 755 574 videris
782 531 903 572 esse
918 557 935 586 ,
960 513 1118 589 quod
1143 498 1203 572 et
1232 513 1423 573 botrus
1448 515 1592 574 civis
1617 527 1678 573 et
1710 513 1903 574 bonus
1935 515 2154 572 amicus
2179 531 2242 572 es
2267 540 2312 574 ι.
2351 515 2574 575 Deinde

540 623 755 670 mutatu
788 609 1067 670 sententia
1096 609 1335 670 Cassiis
1362 610 1433 668 ad
1464 623 1662 688 partes
1690 611 1930 668 transiit.
1963 614 2050 668 Ex
2083 629 2202 688 quo
2235 609 2382 670 illud
2411 613 2576 671 Cice-

366 704 373 710 ’
456 724 460 730 ·
536 709 695 768 ronis
729 707 791 767 in
828 713 1048 768 Bruto:
1092 707 1247 766 «Hic
1278 727 1459 786 quum
1503 727 1724 768 summa
1747 708 2046 767 voluntate
2077 707 2366 766 bonorum
2393 709 2573 768 aedilis

535 807 751 866 curulis
796 805 979 865 factus
1024 818 1205 878 esset,
1242 807 1437 865 nescio
1472 805 1770 884 quomodo
1808 805 2061 865 discessu
2091 825 2222 864 meo
2253 807 2508 866 discessit
2537 828 2572 865 a

532 921 684 977 sese,
714 902 1037 981 ceciditque
1064 915 1267 981 postea
1298 923 1473 980 quam
1501 921 1602 961 eos
1631 903 1844 960 imitari
1871 903 2080 982 coepit,
2109 922 2258 979 quos
2285 903 2411 981 ipse
2435 923 2572 981 per-

529 1013 785 1062 verterat
800 1025 843 1059 ι.
881 1001 1214 1060 Profectum
1251 1001 1325 1060 ad
1352 1006 1638 1062 Caesarem
1663 1019 1794 1059 cum
1821 1005 1887 1061 C.
1915 1001 2170 1060 Curione
2187 1044 2203 1070 ,
2245 1014 2311 1058 ut
2337 1021 2470 1060 eum
2497 1003 2573 1061 ad

526 1097 749 1158 bellum
773 1099 943 1158 civile
972 1098 1241 1157 incitaret
1257 1141 1274 1166 ,
1298 1098 1530 1177 scripsit
1555 1098 1668 1156 Dio
1695 1098 1798 1156 lib.
1817 1101 1974 1158 XLI.
2009 1101 2254 1156 Demum
2290 1119 2324 1156 a
2347 1102 2572 1158 Caesarc

526 1195 655 1275 ipso
680 1193 952 1266 descivit3
981 1195 1159 1273 idque
1186 1213 1366 1272 quum
1388 1196 1516 1274 ipse
1541 1193 1794 1253 declarat
1819 1199 1968 1272 Epp.
1997 1194 2115 1252 Cic.
2138 1197 2280 1253 vm
2309 1195 2411 1252 ult.
2451 1207 2572 1253 tum

528 1309 671 1349 vero
692 1289 945 1350 Velleius
966 1289 1060 1348 his
1083 1289 1311 1348 verbis:
1341 1291 1584 1349 «Accito
1617 1289 1806 1348 Annio
1831 1290 2052 1347 Milone
2071 1332 2089 1362 ,
2120 1289 2222 1366 qui
2245 1308 2362 1346 non
2386 1290 2574 1368 impe-

529 1398 680 1445 trato
712 1385 907 1445 reditu
932 1387 1173 1446 Julianis
1198 1385 1461 1465 partibus
1497 1386 1740 1444 infestus
1767 1399 1919 1456 erat,
1951 1386 2012 1442 in
2033 1377 2177 1443 urbe
2197 1385 2534 1444 seditionem
2551 1430 2570 1458 ,
2649 1435 2658 1446 .

526 1494 629 1540 aut
658 1483 839 1560 magis
869 1483 1093 1540 occulte
1118 1481 1391 1540 bellicum
1414 1482 1724 1540 tumultum
1751 1499 2006 1552 movens,
2038 1481 2232 1558 primo
2253 1494 2574 1540 summotus

528 1597 563 1638 a
586 1577 913 1656 republica,
942 1597 1077 1637 mox
1096 1577 1493 1638 consularibus
1512 1579 1684 1639 armis
1709 1591 1948 1637 auctore
1965 1591 2166 1636 senatu
2190 1578 2340 1635 eima
2361 1579 2574 1636 Tui-ios

529 1694 845 1753 oppressus
879 1688 967 1733 est
986 1702 1028 1738 ι.
1060 1676 1252 1733 Caesar
1288 1687 1481 1734 autem
1525 1674 1856 1752 planissime
1893 1671 1994 1730 lib.
2032 1676 2122 1731 111
2169 1671 2242 1730 de
2281 1674 2420 1731 Bell.
2449 1675 2570 1732 Civ.

528 1789 656 1850 cap.
682 1789 789 1843 ao,
818 1789 919 1829 21:
948 1795 975 1823 a
994 1770 1206 1830 Iisdem
1239 1770 1600 1850 temporibus
1628 1775 1830 1829 Romae
1868 1773 1952 1827 M,
1980 1769 2190 1827 Coelius
2209 1769 2394 1828 Rufus
2417 1788 2570 1846 prae-

528 1881 643 1943 tor‚
670 1887 839 1928 causa
866 1867 1193 1928 debitorum
1224 1882 1491 1948 suscepta
1507 1917 1524 1942 ,
1548 1867 1716 1926 initio
1740 1867 2102 1944 magistratus
2124 1865 2380 1924 tribunal
2403 1886 2572 1925 suum

528 1963 697 2044 juxta
716 1967 781 2029 C.
796 1965 1075 2030 Trebonii
1090 2007 1108 2036 ‚
1136 1967 1401 2044 praetoris
1425 1964 1637 2023 urbani
1653 2005 1671 2034 ‚
1702 1965 1897 2022 sellam
1919 1963 2260 2034 collocavit3
2287 1975 2347 2021 et
2371 1962 2420 2020 si
2441 1961 2572 2039 quis

528 2061 875 2141 appellasset
900 2061 974 2121 de
992 2063 1371 2122 :estimatione
1384 2109 1402 2138 ,
1429 2074 1487 2120 et
1515 2061 1588 2119 de
1607 2059 1991 2118 solutionibus
2012 2078 2142 2136 quae
2160 2078 2269 2136 per
2289 2057 2572 2116 arbitrum

526 2157 761 2232 flerent,
784 2173 853 2218 ut
879 2163 1073 2220 Caesar
1098 2179 1350 2238 pra-,sens
1386 2159 1797 2228 constituerat,
1849 2157 1974 2215 fore
2015 2153 2229 2214 auxilio
2261 2153 2574 2234 polliceba-

526 2269 621 2316 tur
634 2283 678 2314 ι.
713 2255 808 2316 Ab
830 2257 945 2316 hoc
966 2259 1260 2337 profectus
1280 2255 1447 2315 initio
1467 2298 1485 2327 ‚
1509 2275 1584 2313 ne
1614 2254 1830 2312 frustra
1859 2253 2148 2330 ingressus
2175 2265 2402 2329 turpem
2427 2270 2573 2310 cau-

526 2374 648 2415 sam
668 2353 985 2428 videretur,
1018 2356 1199 2432 legem
1228 2352 1649 2432 promulgavit,
1677 2362 1744 2409 ut
1765 2368 1866 2409 sex
1889 2346 2263 2428 pensionibus
2290 2350 2414 2407 sine
2439 2368 2570 2407 usu·

522 2452 606 2510 ris
628 2450 862 2509 creditae
881 2448 1142 2529 pecuniae
1171 2450 1486 2508 solvantur.
1511 2452 1706 2520 Quum
1729 2444 2022 2503 resisteret
2047 2446 2319 2503 Servilius
2351 2445 2571 2517 consul,

524 2546 851 2623 reliquique
878 2545 1243 2622 magistratus
1263 2588 1278 2613 ,
1304 2557 1363 2601 et
1389 2544 1576 2600 minus
1605 2542 1880 2620 opinione
1913 2561 2017 2600 sua
2047 2540 2324 2613 efficeret,
2353 2540 2427 2599 ad
2458 2542 2574 2598 ho-

524 2641 750 2700 minum
794 2639 1100 2698 excitanda
1148 2640 1368 2711 studia,
1410 2638 1639 2697 sublata
1679 2640 1880 2717 priore
1919 2640 2073 2715 lege,
2121 2637 2263 2696 duas
2311 2638 2576 2715 promul-

528 2738 718 2816 gavit,
748 2759 776 2788 α
789 2754 965 2793 unam
988 2754 1103 2811 qua
1122 2734 1415 2793 mercedes
1434 2734 1858 2793 habitationum
1884 2754 2100 2793 annuas
2119 2732 2576 2793 conductoribus

532 2830 805 2901 donavit3
840 2830 1077 2887 alteram
1104 2829 1429 2888 tabularum
1471 2849 1786 2902 novarum3
1825 2831 2160 2907 impetuque
2187 2828 2574 2887 multitudinis

528 2926 592 2983 in
620 2926 689 2983 C.
716 2923 1072 2983 Trebonium
1100 2926 1278 2998 facto,
1308 2937 1367 2984 et
1404 2926 1699 2984 nonnullis
1729 2925 2076 2996 vulneratis,
2106 2942 2240 2983 eum
2279 2924 2354 2983 de
2393 2923 2573 2982 tribu-

528 3020 647 3079 nali
676 3021 1059 3100 perturbavit.
1104 3012 1195 3081 De
1218 3020 1430 3100 quibus
1454 3020 1628 3081 rebus
1658 3022 1936 3083 servilius
1961 3022 2162 3080 consul
2199 3022 2273 3079 ad
2310 3032 2574 3080 senatum

532 3116 760 3188 retulit3
784 3127 1127 3194 senatusque
1154 3118 1394 3177 Goelium
1432 3116 1506 3175 ab
1537 3116 1840 3194 republica
1878 3116 2292 3173 removendum
2331 3116 2571 3175 censuit.

526 3210 657 3273 Hoc
684 3212 916 3272 decreto
942 3234 1076 3273 eum
1104 3216 1305 3273 consul
1332 3226 1532 3273 senatu
1559 3210 1893 3292 prohibuit,
1914 3225 1971 3271 et
1995 3212 2326 3271 concionari
2351 3232 2574 3271 conan-

532 3322 647 3368 tem
686 3308 759 3368 de
797 3312 1017 3369 Rostris
1054 3311 1311 3369 deduxit.
1356 3312 1490 3382 Ille,
1533 3310 1851 3388 ignominia
1895 3324 1954 3367 et
1999 3309 2202 3367 dolore
2246 3324 2571 3387 permotus,

532 3405 721 3481 palam
756 3426 817 3463 se
846 3406 1129 3483 proficisci
1164 3404 1237 3465 ad
1266 3410 1550 3464 Caesarem
1585 3406 1906 3471 simulavit,
1931 3406 2076 3462 clam
2105 3405 2320 3463 nuntiis
2345 3405 2419 3462 ad
2446 3405 2570 3463 Mi-

530 3500 724 3557 lonem
748 3501 948 3575 missis,
964 3504 1095 3580 qui,
1122 3502 1331 3561 Clodio
1358 3502 1666 3559 interfecto
1683 3544 1698 3573 ,
1729 3521 1798 3558 eo
1825 3500 2056 3558 nomine
2085 3514 2208 3558 erat
2238 3501 2573 3570 damnatus,

532 3608 705 3671 atque
736 3614 807 3654 eo
834 3596 894 3654 in
918 3598 1141 3656 Italiam
1166 3609 1467 3666 revocato,
1501 3596 1660 3672 quod
1681 3639 1698 3668 ‚
1745 3596 1962 3673 magnis
2005 3595 2340 3654 muneribus
2383 3596 2532 3654 datis
2551 3640 2572 3670 ‚

531 3686 883 3769 gladiatoriae
911 3693 1139 3752 familiae
1159 3691 1430 3767 reliquias
1453 3690 1734 3762 habebat,
1757 3690 1866 3749 sibi
1889 3690 2188 3767 conjunxit
2207 3718 2250 3749 u.

610 3814 634 3837 ·
651 3790 741 3848 De
769 3788 931 3848 obitu
961 3786 1127 3849 Coelii
1157 3786 1238 3844 sic
1267 3787 1417 3843 idem
1442 3791 1650 3857 Caesar,
1687 3806 1736 3843 c.
1763 3804 1834 3843 υ
1861 3808 1876 3843 :
1928 3814 1951 3839 «ι
1975 3789 2217 3859 coelius,
2243 3789 2573 3867 profectus,

490 3880 499 3891 ’
528 3896 597 3941 'ut
622 3882 925 3951 dictitabat
944 3928 960 3955 ,
1006 3882 1081 3942 ad
1118 3886 1401 3941 Caesarem
1428 3883 1696 3960 pervenit
1721 3884 1945 3941 Turios.
1970 3882 2056 3941 Ibi
2081 3904 2259 3961 quum
2287 3884 2572 3962 quosdam

530 3977 654 4055 ejus
694 3978 993 4058 municipii
1036 3977 1369 4035 sollicitaret
1416 3976 1818 4055 equitibusque
1867 3980 2106 4038 Caesaris
2153 3981 2352 4039 Galliis
2397 3996 2572 4059 atque

532 4072 803 4151 Hispanis
826 4114 843 4148 ,
875 4076 976 4152 qui
1006 4094 1077 4133 eo
1104 4070 1353 4151 praesidii
1387 4094 1556 4135 causa
1591 4075 1746 4133 missi
1771 4088 1970 4147 erant,
1995 4078 2295 4153 pecuniam
2330 4079 2572 4157 pollice-
