2996 4694
1078 399 1824 472 ARGUMENTUM.
2373 397 2512 496 169

478 541 635 584 acres
658 521 1046 582 accusationes
1070 532 1219 595 tres,
1242 541 1437 600 eaeque
1464 540 1664 584 omnes
1699 541 1772 581 ex
1806 520 1956 597 reip.
1985 520 2352 580 contentione
2375 539 2507 582 sns-

478 635 695 700 ceptae3
734 618 1092 678 defensiones
1114 618 1223 677 etsi
1251 619 1351 678 illa
1375 631 1542 678 erant
1567 619 1628 678 in
1654 637 1727 678 eo
1753 617 2024 690 meliora,
2051 635 2182 694 quae
2206 616 2360 690 dixi,
2388 638 2508 678 non

477 715 907 778 contemnendae
942 729 1131 776 tamen
1145 757 1165 786 ,
1210 734 1463 794 saneque
1505 714 1833 774 tolerabiles
1853 737 1898 772 ι.
1925 716 2067 773 Tres
2111 711 2238 790 ejus
2282 732 2511 774 accusa-

408 843 415 850 ·
479 814 695 883 tiones,
722 833 863 891 quas
892 813 1095 872 Cicero
1120 809 1427 894 appellat,¹
1450 812 1612 870 fixere
1651 810 1840 889 prima
1885 809 1947 867 in
1991 811 2060 869 C.
2085 807 2406 869 Antonium
2433 809 2508 869 de

475 908 802 987 majestate,
828 910 931 986 qui
963 909 1324 968 consulatum
1363 927 1495 966 cum
1523 907 1804 968 Cicerone
1835 917 2110 984 gesserat;
2152 903 2406 963 secunda
2443 904 2512 964 in

476 1004 883 1082 Sempronium
916 1005 1249 1064 Atratinum
1286 1002 1364 1063 de
1402 1003 1627 1063 ambitu
1641 1044 1658 1076 ,
1684 1015 1746 1061 et
1778 1015 2081 1078 utramque
2107 999 2390 1079 significat
2412 1000 2514 1060 ci-

478 1117 613 1158 cero
640 1100 699 1158 in
719 1099 829 1160 hac
850 1099 1140 1174 oratione,
1166 1119 1281 1177 qua
1305 1119 1438 1160 eum
1464 1098 1728 1158 defendit
1745 1141 1764 1174 ,
1791 1118 1916 1177 cap.
1949 1117 1978 1157 ι
2009 1110 2068 1156 et
2096 1098 2192 1170 313
2221 1096 2422 1170 tertia,
2447 1111 2518 1157 ut

476 1194 706 1274 opinor,
730 1199 793 1254 in
818 1199 883 1255 C.
908 1195 1177 1270 Laefium,
1204 1209 1271 1256 ut
1298 1215 1374 1254 ex
1404 1193 1748 1270 Quintiliani
1773 1193 1985 1264 verbis,
2005 1195 2118 1268 vt,
2143 1195 2213 1267 3,
2241 1193 2346 1270 39,
2365 1191 2510 1252 mihi

476 1291 683 1352 videor
726 1311 897 1371 posse
948 1291 1256 1370 conjicere.
1296 1290 1545 1371 Scripsit
1582 1293 1757 1352 etiam
1803 1291 2142 1350 concionem
2186 1289 2264 1349 de
2310 1288 2476 1367 aquis
2489 1331 2510 1363 ,

476 1407 649 1467 quam
691 1390 1001 1450 Frontinus
1046 1389 1119 1448 de
1152 1389 1496 1467 Aquaeduct.
1533 1403 1642 1450 art.
1684 1389 1762 1464 76
1804 1388 2095 1461 nominat3
2157 1405 2287 1446 eam
2333 1387 2510 1446 fuisse

474 1507 594 1548 non
635 1487 843 1548 dubito
880 1500 1083 1548 contra
1120 1488 1389 1566 aquarios
1428 1501 1487 1548 et
1526 1486 1912 1562 tabernarios3
1959 1505 2098 1547 nam
2139 1487 2298 1565 ipse,
2322 1487 2507 1564 Epist.

472 1585 619 1644 VIII
636 1626 654 1653 ,
696 1584 766 1642 6:
802 1607 829 1638 α
844 1583 955 1642 nisi
974 1603 1081 1662 ego
1098 1625 1119 1658 ‚
1154 1583 1379 1662 inquit,
1402 1603 1535 1642 cum
1561 1582 1900 1644 tabernariis
1926 1595 1988 1642 et
2015 1579 2268 1662 aquariis
2287 1599 2508 1660 pugna-

472 1697 593 1738 rem
609 1722 626 1751 ,
652 1690 923 1738 veternus
948 1678 1239 1740 civitatem
1263 1690 1602 1758 occupasset
1615 1703 1664 1737 a».

550 1779 785 1834 «Mores
826 1775 889 1833 in
929 1795 1003 1834 eo
1044 1775 1273 1834 minime
1304 1795 1439 1836 cum
1468 1775 1702 1855 ingenio
1733 1772 2088 1836 conferendi.
2123 1770 2508 1832 Iracundissi-

470 1889 629 1930 mum
654 1871 905 1950 appellat
934 1875 1153 1932 Seneca
1182 1871 1285 1931 lib.
1320 1875 1414 1931 111
1446 1871 1522 1930 do
1559 1875 1656 1931 Ira
1673 1915 1693 1946 ,
1731 1891 1858 1950 cap.
1892 1872 1948 1930 8.
1991 1869 2382 1946 Quintilianus
2421 1869 2504 1928 ait

470 1967 513 2025 1.
542 1969 582 2026 l.
606 1967 847 2045 -dignus
887 1969 977 2026 vir
1014 1969 1109 2026 cui
1156 1987 1318 2027 mens
1354 1967 1617 2028 melior...
1657 1968 1987 2046 contigisset
2004 1991 2050 2024 ιο.
2091 1966 2296 2028 Cicero
2338 1967 2502 2024 Brut.

472 2086 500 2114 ι
515 2082 620 2121 nec
644 2082 786 2120 vero
812 2067 894 2122 M.
926 2063 1167 2124 Coelium
1192 2063 1652 2140 praetereundum
1675 2061 1946 2135 arbitror,
1977 2081 2356 2142 quaecumque
2380 2061 2504 2140 ejus

468 2157 529 2216 in
557 2157 717 2218 exitu
743 2159 835 2218 vel
863 2159 1093 2218 fortuna
1108 2200 1127 2232 ,
1154 2161 1244 2218 vel
1268 2179 1429 2219 mens
1451 2160 1562 2219 suit
1576 2185 1623 2220 n.
1643 2164 1907 2238 Nequam
1928 2171 1988 2219 et
2006 2157 2318 2237 prodigum
2335 2157 2508 2217 fuisse

469 2275 541 2314 ex
567 2254 659 2314 his
684 2255 890 2316 velleii
921 2255 1115 2316 verbis
1147 2256 1514 2336 intelligitur:
1539 2281 1566 2312 α
1588 2261 1785 2333 Quum
1809 2276 1883 2315 ne
1911 2276 1948 2315 a
1971 2257 2084 2316 diis
2110 2256 2350 2335 quidem
2379 2273 2506 2315 ser-
2593 2327 2596 2332 ,
2691 2247 2696 2255 ’

434 2398 439 2405 .
466 2352 591 2411 vari
616 2366 813 2431 posset
850 2350 1089 2434 (quippe
1114 2352 1281 2432 pejor
1304 2354 1390 2414 illi
1414 2374 1510 2413 res
1544 2354 1868 2428 familiaris,
1905 2374 2078 2433 quam
2121 2372 2284 2412 mens
2322 2357 2505 2427 erat).

462 2449 525 2506 in
556 2462 807 2526 praetura
842 2468 1123 2509 novarum
1156 2449 1485 2511 tabularum
1527 2465 1731 2510 auctor
1755 2450 2042 2511 exstitit».
2068 2448 2291 2510 Eodem
2319 2446 2504 2527 perti-

430 2594 438 2599 .
462 2556 604 2605 nent
636 2544 735 2604 illa
769 2543 1109 2621 Quintiliani
1127 2588 1146 2619 ,
1174 2550 1237 2621 1,
1261 2547 1334 2607 6:
1357 2553 1540 2609 «Haec
1563 2544 1955 2628 (etymologia)
1980 2545 2160 2605 habet
2185 2542 2500 2623 aliquando

426 2690 433 2698 .
460 2660 629 2701 usum
662 2643 1078 2713 necessarium,
1110 2644 1336 2721 quoties
1366 2645 1844 2723 interpretatione
1874 2662 1998 2717 res,
2028 2642 2104 2701 de
2139 2660 2258 2722 qua
2295 2641 2502 2721 quaeri·

461 2750 576 2811 tur,
600 2751 759 2817 eget3
790 2753 857 2799 ut
880 2760 1060 2818 quum
1088 2744 1173 2799 Μ.
1207 2741 1419 2801 Coelius
1446 2762 1509 2803 se
1537 2761 1661 2819 esse
1687 2738 1981 2801 hominem
2011 2738 2164 2817 frugi
2195 2738 2320 2797 vult
2356 2758 2502 2818 pro-

426 2889 433 2897 .
458 2833 631 2909 bare,
657 2856 777 2895 non
803 2837 941 2913 quia
964 2834 1259 2896 abstinens
1289 2834 1365 2895 sit
1406 2836 1566 2917 (nam
1593 2836 1652 2895 id
1685 2857 1761 2896 ne
1799 2834 2030 2897 mentiri
2063 2835 2301 2914 quidem
2339 2848 2504 2914 pote-

460 2930 597 3013 rat),
628 2930 729 2992 sed
762 2932 903 3010 quia
936 2932 1093 2996 utilis
1133 2932 1357 3007 multis,
1386 2932 1448 2991 id
1482 2946 1605 3003 est,
1655 2933 2017 3005 fructuosus,
2060 2930 2217 2991 unde
2245 2930 2402 2990 diota
2428 2930 2502 2991 sit

460 3027 813 3106 frugalitas».
844 3027 1213 3107 Impudicum
1253 3042 1315 3087 et
1342 3030 1622 3091 lascivum
1658 3029 1891 3108 [fuisse.
1919 3041 2080 3089 certe
2099 3028 2172 3087 in
2207 3025 2507 3105 utriusque

458 3123 587 3183 vitii
610 3125 909 3185 infamiam
928 3125 1262 3205 incurrisse]
1282 3110 1537 3185 ostendit
1567 3124 1754 3183 oratio
1781 3123 2094 3185 Ciceronis.
2115 3122 2378 3185 Saltandi
2402 3142 2504 3181 ar-

459 3232 573 3279 tem
596 3220 899 3299 diligenter
920 3221 1143 3297 didicit,
1154 3220 1419 3301 ingenuis
1442 3219 1776 3279 indecoram
1799 3233 1970 3298 atque
1999 3218 2395 3293 inhonestam;
2425 3220 2501 3277 cs.

458 3314 723 3375 Macrob.
760 3319 992 3376 Saturn.
1030 3320 1127 3390 11,
1165 3336 1253 3375 10.
1281 3314 1673 3377 Inconstantis
1703 3314 1920 3393 ingenii
1946 3313 2078 3377 fuit.
2105 3314 2364 3374 Primum
2392 3313 2504 3373 tri-

458 3407 649 3469 bunus
673 3410 885 3490 plebis,
909 3432 1029 3491 quo
1060 3431 1215 3472 anno
1241 3416 1305 3473 P.
1344 3411 1588 3473 Clodius
1613 3431 1648 3471 a
1675 3411 1896 3470 Milone
1925 3411 2150 3470 occisus
2175 3422 2264 3469 est
2281 3450 2299 3479 ,
2340 3410 2504 3491 opti-

459 3518 679 3565 matum
700 3520 895 3585 partes
918 3508 1197 3568 defendit.
1218 3512 1352 3585 Qua
1382 3508 1457 3568 de
1482 3529 1550 3568 re
1575 3508 1659 3567 sic
1681 3508 1888 3568 Cicero
1917 3507 1978 3566 in
1997 3511 2180 3568 Bruto
2197 3548 2216 3577 ‚
2242 3525 2372 3586 cap.
2396 3526 2502 3586 79:

456 3628 483 3656 ι
502 3603 630 3661 talis
659 3602 924 3665 tribunus
953 3605 1143 3684 plebis
1164 3607 1308 3681 fuit,
1346 3620 1413 3666 ut
1439 3625 1615 3667 nemo
1645 3618 1850 3665 contra
1886 3603 2104 3664 civium
2139 3603 2504 3683 perditorum

453 3700 796 3780 popularem
833 3700 1341 3782 turbulentamque
1378 3702 1728 3763 dementiam
1755 3721 1792 3761 a
1825 3715 2026 3761 senatu
2058 3714 2118 3760 et
2151 3720 2188 3761 a
2212 3699 2504 3759 bonorum

452 3816 625 3857 causa
650 3796 872 3856 steterit
899 3799 1254 3882 constantius
1272 3825 1317 3858 ιο.
1348 3804 1495 3861 Mox
1530 3800 1676 3861 ortis
1721 3799 1878 3857 inter
1911 3801 2195 3858 Caesarem
2229 3811 2290 3855 et
2324 3799 2501 3854 Pom-

452 3894 649 3972 peium
671 3892 973 3951 discordiis
993 3908 1259 3954 neutram
1280 3896 1339 3953 in
1362 3908 1590 3973 partem
1610 3894 1889 3955 inclinare
1914 3894 2072 3952 visus
2102 3905 2208 3951 est.
2228 3889 2296 3950 Id
2320 3889 2501 3968 signi·

454 3992 585 4049 {icat
612 3990 818 4050 Cicero
845 3990 1031 4069 Epist.
1056 3992 1120 4051 11
1139 4033 1157 4062 ‚
1196 3990 1265 4050 15
1296 4014 1309 4049 :
1345 3992 1510 4071 «ipsa
1548 3990 1885 4072 republica,
1924 3990 2149 4068 inquit,
2178 3986 2326 4048 nihil
2357 3984 2500 4047 mihi

455 4099 543 4145 est
568 4086 787 4161 carius3
828 4087 889 4145 in
915 4104 1033 4165 qua
1064 4100 1125 4147 tu
1151 4107 1268 4148 non
1296 4088 1466 4147 valde
1508 4100 1564 4148 te
1591 4089 1773 4166 jactas
1791 4132 1810 4161 ,
1857 4086 2148 4148 districtus
2179 4081 2332 4143 enim
2359 4080 2503 4142 mihi
