2996 4694
1065 357 1839 430 ARGUMENTUM.
2384 362 2517 455 471

441 481 732 544 'ordinem
771 494 1150 561 qnaereoetur.
1184 485 1272 542 Ac
1311 483 1364 542 si
1405 481 1743 544 incendium
1784 482 1963 542 curin
1976 525 1993 554 ‚
2038 483 2529 562 oppugnationem

465 579 679 641 adium
695 583 780 640 M.
791 577 1002 658 Lepidi
1015 620 1034 651 ‚
1047 578 1265 638 coedem
1283 579 1436 640 banc
1451 581 1641 660 ipsam
1654 592 1865 639 contra
1882 578 2308 658 rempublicam
2322 582 2531 639 factam

467 675 819 750 decreverit,
843 675 960 736 hoc
981 695 1054 736 eo
1080 677 1296 736 factum
1313 695 1438 738 esse
1451 720 1470 751 ‚
1493 675 1655 758 qnod
1678 678 1838 738 nulla
1860 678 1951 738 vis
1970 691 2247 755 umquam
2268 677 2329 736 in
2346 676 2533 736 libera

467 775 704 836 civitate
723 786 993 853 suscepta
1019 774 1174 833 inter
1193 773 1348 834 cives
1367 793 1490 834 non
1512 776 1587 834 sit
1610 787 1814 834 contra
1838 773 2255 853 rempublicam
2271 816 2288 847 ,
2319 790 2446 853 cap.
2476 774 2532 833 5.

547 871 816 949 Denique
844 870 1114 930 dixerant
1132 869 1452 931 adversarii
1471 871 1823 951 Pompeium·
1838 871 2143 951 rogatione
2164 889 2269 929 sua
2288 883 2348 929 et
2370 871 2446 929 de
2464 891 2531 930 rc

465 983 525 1030 et
549 969 626 1030 de
645 987 818 1029 causa
831 968 1214 1048 judicavisse,
1232 969 1394 1048 quod
1423 969 1627 1030 tulerit
1652 969 1728 1029 de
1754 969 1915 1030 caede
1929 1013 1947 1042 ‚
1978 987 2112 1048 quae
2134 969 2193 1028 in
2219 969 2317 1028 via
2343 969 2531 1048 Appia

471 1067 624 1126 facta
643 1081 794 1126 esset
810 1109 830 1139 ‚
865 1065 928 1126 in
953 1086 1073 1145 qua
1099 1071 1165 1126 Ρ.
1187 1066 1437 1127 'Clodius
1463 1067 1689 1128 occisus
1723 1079 1870 1126 erat.
1908 1067 2017 1126 Cui
2058 1066 2269 1126 Cicero
2308 1064 2395 1124 sic
2430 1085 2533 1124 re-

469 1161 752 1243 spondet,
776 1173 846 1222 ut
871 1161 1144 1222 ostendat
1157 1207 1176 1238 ,
1217 1163 1562 1243 Pompeium
1586 1161 1803 1223 vidisse
1818 1207 1837 1236 ,
1866 1163 2041 1222 etiam
2076 1163 2139 1220 in
2172 1161 2537 1221 confessione

474 1260 636 1332 facti,
657 1271 853 1318 tamen
867 1258 1020 1338 juris
1043 1258 1442 1320 defensionem
1457 1261 1679 1342 suscipi
1696 1279 1887 1341 posse.
1913 1259 2111 1320 Fuisse
2134 1259 2273 1319 olim
2290 1257 2540 1318 nobilis-

469 1358 646 1417 simos
672 1356 900 1436 aliquot
923 1356 1082 1416 viros
1117 1371 1386 1431 necatos,
1427 1357 1503 1416 de
1546 1357 1761 1438 quibus
1804 1357 2049 1436 quatio
2076 1367 2238 1416 exn-a
2268 1355 2536 1414 ordinem

469 1454 588 1514 lata
605 1473 728 1513 non
748 1451 842 1513 sit.
867 1456 1074 1533 Neque
1095 1473 1238 1538 vero
1257 1453 1396 1514 ideo
1423 1467 1673 1514 mortem
1699 1459 1760 1515 P.
1787 1453 1981 1514 Clodii
2006 1452 2357 1512 atrociorem
2381 1471 2536 1525 esse,

469 1549 630 1632 qnod
653 1552 702 1612 is
721 1552 787 1611 in
808 1552 906 1611 via
922 1550 1144 1630 Appia,
1171 1549 1286 1610 hoc
1307 1563 1396 1610 est
1409 1595 1427 1624 ,
1457 1552 1523 1611 in
1548 1551 1941 1612 monumentis
1972 1550 2265 1628 majorum
2294 1567 2537 1608 suorum

469 1652 546 1710 sit
565 1649 924 1709 interfectus.
955 1647 1050 1708 Ab
1075 1648 1206 1727 ipso
1231 1648 1386 1708 enim
1412 1653 1496 1708 M.
1524 1649 1825 1727 Papirium
1850 1649 1909 1705 in
1932 1647 2136 1706 eadem
2160 1647 2255 1705 via
2278 1647 2539 1707 occisum

470 1765 625 1814 essm
651 1745 1030 1823 ejusdemque
1048 1744 1246 1804 clodii
1271 1763 1507 1804 servum
1530 1746 1595 1803 in
1622 1745 1845 1823 templo
1872 1745 2133 1806 Castoris
2154 1744 2541 1823 comprehen-

471 1862 602 1903 sum
641 1861 804 1914 esse,
831 1861 1009 1920 quem
1051 1842 1152 1900 ille
1191 1841 1266 1902 ad
1311 1845 1418 1902 Cn.
1455 1843 1799 1921 Pompeium
1839 1841 2305 1900 interficiendum
2348 1841 2538 1900 collo-

472 1939 637 1998 carit.
661 1942 754 1998 Ne
779 1937 854 1996 de
894 1939 1008 1996 hoc
1043 1937 1281 2016 quidem
1320 1938 1581 1998 facinore
1616 1939 1979 2017 rogationem
2010 1937 2215 2010 latam,
2250 1949 2354 1996 aut
2374 1957 2541 2015 quae-

471 2034 722 2094 stionem
755 2032 1051 2094 decretam
1089 2053 1233 2094 esse.
1275 2037 1482 2112 Itaque
1513 2033 1855 2112 Pompeium
1894 2051 2017 2091 non
2056 2033 2226 2106 facti,
2262 2031 2365 2092 sed
2391 2032 2541 2109 juris

471 2130 967 2210 disceptationem
993 2149 1121 2189 esse
1147 2129 1436 2199 voluisse;
1475 2129 1733 2188 delectos
1760 2147 1885 2188 esse
1902 2128 2131 2206 judices
2152 2149 2229 2187 ex
2256 2127 2544 2186 florentis-

473 2227 638 2286 simis
677 2225 988 2286 ordinibus
1013 2227 1176 2286 viros
1209 2225 1448 2286 intimos
1493 2241 1559 2285 et·
1598 2225 2037 2304 integerrimos,
2093 2225 2155 2284 in
2192 2229 2258 2284 L.
2283 2224 2545 2284 Domitio

448 2333 668 2385 'autem
681 2368 702 2400 ,
723 2341 900 2403 quem
931 2323 1240 2402 quastioni
1265 2341 1517 2403 praesse
1540 2315 1797 2383 voluerit
1813 2367 1832 2396 ,
1858 2321 2006 2381 nihil
2033 2321 2193 2382 aliud
2222 2331 2513 2400 spectasse
2526 2365 2543 2394 ,

472 2422 584 2482 nisi
609 2421 938 2501 qnaesitoris
960 2420 1244 2499 justitiam
1261 2463 1280 2491 ,
1319 2416 1687 2499 gravitatem,
1726 2420 2151 2479 humanitatem
2167 2462 2185 2491 ‚
2214 2417 2405 2477 fidem.
2432 2422 2546 2477 Re·

474 2518 700 2597 liquum
725 2518 906 2598 igitur
935 2536 1087 2594 esse,
1115 2531 1186 2577 ut
1201 2516 1432 2596 judices
1453 2516 1605 2575 nihil
1633 2516 1795 2576 aliud
1828 2534 2091 2595 quarere
2118 2511 2399 2587 debcant,
2430 2515 2545 2574 nisi

473 2628 608 2676 uter
627 2616 746 2675 utri
769 2613 1010 2675 insidias
1029 2614 1268 2688 feeerit,
1291 2632 1420 2693 cap.
1443 2614 1575 2672 6-8.

551 2713 832 2792 Sequitur
855 2712 1036 2791 igitur
1065 2712 1326 2773 narratio
1364 2711 1452 2771 rei
1491 2724 1667 2792 gesta
1683 2754 1704 2786 ,
1750 2710 2076 2791 prudenter
2118 2711 2201 2770 sic
2245 2711 2543 2781 instituta,

473 2824 542 2870 ut
569 2823 851 2891 appareat
865 2853 884 2884 ‚
919 2810 1188 2871 Clodium
1223 2808 1473 2869 insidias
1510 2810 1713 2870 fecisse
1740 2810 1985 2881 Miloni3
2032 2808 2278 2888 ejusque
2312 2828 2512 2869 servos
2526 2853 2545 2881 ,

473 2926 658 2986 quum
681 2908 832 2967 Milo
866 2918 1002 2967 ante
1035 2906 1282 2966 fundum
1309 2904 1436 2981 ejus
1469 2909 1525 2964 ei
1564 2906 1939 2978 occurrisset,
1982 2906 2043 2965 in
2074 2905 2234 2965 hunc
2260 2906 2543 2983 impetum

476 3002 708 3077 fecisse,
745 3016 918 3082 atque
958 3004 1041 3061 ita
1073 3000 1344 3063 Clodium
1385 3022 1418 3059 a
1463 3002 1645 3061 servis
1677 3002 1946 3074 Milonis,
1978 3002 2080 3080 qui
2116 3020 2251 3060 eum
2286 3002 2543 3060 occisum

473 3118 600 3159 esse
621 3120 696 3159 ex
719 3100 852 3180 ipso
875 3100 1088 3161 Clodio
1107 3098 1438 3169 audissent,
1465 3116 1663 3177 neque
1682 3098 2007 3177 imperante
2024 3142 2041 3171 ,
2076 3116 2268 3176 neque
2292 3098 2545 3171 sciente,

475 3214 669 3276 neque
695 3210 982 3277 prasente
999 3196 1244 3257 domino
1257 3242 1278 3272 ,
1295 3196 1671 3257 interfectum
1700 3212 1851 3267 esse,
1876 3214 2007 3275 cap.
2028 3214 2131 3273 9-1
2148 3216 2200 3253 1.

554 3300 704 3356 Tum
737 3295 964 3356 accedit
1002 3306 1206 3355 orator
1236 3294 1312 3355 ad
1349 3292 1880 3367 confirmationem,
1920 3288 1984 3351 in
2014 3308 2133 3371 qna
2158 3291 2413 3371 primum
2440 3293 2545 3353 de-

483 3404 842 3453 monstratur
866 3392 1168 3463 Clodium,
1188 3392 1328 3472 quia
1349 3392 1561 3451 Miloni
1580 3390 1823 3451 insidias
1847 3390 2051 3450 fecerit
2065 3434 2083 3464 ,
2120 3408 2337 3449 casum
2362 3410 2503 3465 esse.

557 3489 669 3549 Hic
691 3489 946 3568 primum
969 3488 1228 3549 ostendit
1249 3488 1521 3549 Clodium
1542 3487 1765 3567 magnis
1789 3486 2197 3547 emolumentis
2219 3486 2293 3544 ad
2322 3486 2545 3546 interii-

479 3583 752 3645 ciendum
791 3584 1072 3644 Milonem
1116 3584 1358 3645 ductum
1401 3602 1527 3643 esse
1540 3627 1558 3656 ,
1620 3585 1829 3647 Miloni
1873 3584 2069 3645 Clodii
2123 3596 2377 3644 mortem
2422 3604 2542 3644 non

481 3680 658 3741 modo
681 3681 830 3740 nibil
855 3681 1179 3760 profuisse,
1201 3682 1306 3741 sed
1339 3682 1517 3742 etiam
1550 3680 1828 3743 obfuisse.
1867 3680 2093 3741 Deinde
2120 3682 2323 3741 odium
2352 3681 2545 3741 Clodii

480 3798 618 3857 erga
643 3778 927 3837 Milonem
953 3779 1172 3857 majus,
1203 3796 1378 3858 quam
1401 3776 1583 3857 hujus
1608 3779 1669 3837 in
1706 3778 1869 3838 illum
1903 3778 2111 3856 fnisse,
2156 3798 2285 3858 cap.
2316 3798 2417 3849 ια,
2454 3780 2543 3837 13.

481 3880 632 3935 Tum
661 3874 1122 3947 demonstratur,
1157 3875 1396 3935 Milonis
1441 3876 1830 3935 innocentiam
1871 3876 1997 3953 ejus
2038 3874 2458 3935 consuetudine
2489 3888 2549 3933 et

401 4002 412 4019 ι
484 3984 692 4031 natura
722 3969 989 4039 defendi,
1013 3970 1204 4030 Clodii
1233 3971 1462 4051 culpam
1493 3972 1586 4031 his
1612 3972 1817 4031 iisdem
1840 3970 2015 4031 rebus
2040 3970 2298 4049 coargui.
2322 3970 2545 4029 Etenim

485 4067 680 4128 Clodii
702 4067 1179 4127 consuetudinem
1211 4083 1550 4147 perpetuam
1580 4068 1753 4127 fuisse
1784 4068 1843 4125 in
1870 4069 1929 4126 vi
1954 4066 2253 4127 inferenda
2269 4108 2285 4136 ,
2312 4065 2546 4125 Milonis
