2996 4694
490 412 631 485 290
1124 386 1220 454 M.
1270 386 1345 453 T.
1400 384 1948 454 CICERONIS

488 524 679 584 stum
704 506 737 554 3
780 522 854 580 et
904 506 1278 579 indictum.
1333 504 1514 575 Mihi
1569 507 1707 603 ipsi
1767 506 2069 576 omnino
2131 502 2608 603 perhonorifi-

486 646 685 709 cum,
718 617 1106 691 discess'um
1136 640 1379 688 meum
1419 613 1639 686 funus
1665 615 1805 687 dici
1837 614 2266 713 reipublicae'.
2302 613 2605 711 Reliqua

484 756 634 802 non
681 726 1136 825 reprehendo
1162 723 1347 813 3'sed
1387 726 1562 795 mihi
1616 724 1703 796 ad
1749 725 1858 810 id,
1921 723 2121 821 quod
2173 726 2404 795 sentio
2429 778 2448 811 ‚
2500 748 2604 795 as·

482 864 711 911 sumo.
758 842 971 924 Nam,
1016 840 1073 907 si
1118 834 1297 907 illud
1334 836 1500 931 jure
1540 849 1868 931 rogatum
1911 833 2150 906 dic-ere
2199 836 2355 905 ausi
2392 848 2600 918 sunt,

484 948 685 1048 quod
735 947 938 1017 nullo
988 943 1323 1041 exemplo
1370 942 1528 1015 fieri
1585 945 1857 1040 potuit,
1909 943 2102 1014 nulla
2158 943 2314 1039 lege
2362 943 2606 1029 licuit,

484 1063 655 1158 quia
708 1080 925 1129 nemo
980 1055 1070 1126 de
1116 1054 1289 1125 eaelo
1334 1068 1692 1124 servarat:
1741 1051 2043 1124 oblitine
2085 1067 2290 1125 erant
2307 1056 2362 1138 4,
2412 1065 2604 1137 tum,

483 1192 713 1267 quum
754 1165 910 1253 ille,
955 1166 1082 1262 qui
1122 1162 1195 1235 id
1244 1178 1481 1261 egerat
1503 1216 1522 1249 ‚
1563 1160 1889 1259 plebeius
1939 1175 2044 1233 est
2087 1158 2287 1259 lege⁵
2335 1162 2604 1231 curiata

482 1277 747 1363 factm,
806 1276 954 1347 dici·
997 1275 1089 1347 de
1144 1274 1316 1346 caelo
1384 1298 1542 1346 esse
1579 1277 1988 1347 servatum?
2021 1277 2149 1373 qui
2188 1277 2248 1346 si
2279 1275 2605 1373 plebeius

482 1392 783 1463 omnino
824 1410 979 1458 esse
1022 1410 1171 1457 non
1225 1388 1503 1482 potuit,
1553 1389 1681 1483 qui
1724 1385 2061 1457 tribunus
2098 1385 2328 1483 plebis
2369 1386 2606 1484 potuit

480 1498 677 1579 esse?
708 1511 781 1567 et
802 1550 821 1583 ‚
849 1496 1056 1588 cujus
1082 1493 1495 1566 tribunatus
1524 1496 1584 1566 si
1609 1510 1808 1567 ratus
1843 1511 1981 1582 est,
2010 1496 2192 1567 nihil
2219 1510 2326 1567 est
2343 1550 2363 1583 ‚
2403 1494 2605 1593 quod

476 1610 759 1680 irritum
818 1630 907 1677 ex
960 1607 1134 1676 actis
1176 1606 1465 1677 Caesaris
1505 1608 1730 1703 possit
1767 1630 1955 1692 esse;
1991 1606 2146 1703 ejus
2177 1630 2327 1677 non
2369 1605 2605 1677 solum

478 1714 887 1787 tribunatus
958 1728 1153 1785 ratus
1179 1712 1213 1758 ⁶
1239 1768 1259 1798 ‚
1316 1712 1441 1787 sed
1503 1718 1718 1785 etiam
1778 1716 2394 1813 perniciosissimae
2447 1739 2601 1802 res,

481 1827 961 1921 auspiciorum
1036 1822 1383 1921 religione
1448 1838 1864 1897 conservata
1895 1880 1915 1912 ‚
1973 1824 2134 1919 jure
2193 1824 2349 1896 latae
2408 1824 2601 1896 vide·

480 1932 801 2006 buntur?

577 2045 817 2134 Quare
840 2057 997 2129 ,aut
1047 2044 1254 2115 vobis
1304 2042 1767 2115 statuendum
1821 2057 1970 2132 est,
2019 2044 2246 2140 legem
2273 2056 2298 2100 ⁷
2357 2042 2603 2115 AEliam

484 2178 777 2225 manere
798 2206 817 2241 ‚
864 2152 1093 2249 legem
1150 2148 1470 2224 Fufiam⁸
1523 2176 1672 2223 non
1732 2162 1892 2225 esse·
1937 2152 2348 2250 abrogatam
2375 2208 2395 2243 ,
2455 2178 2606 2223 non

484 2262 824 2335 omnibus
862 2260 1055 2333 fastis
1105 2261 1550 2359 legem¹ferri
1587 2262 1836 2347 licere3
1883 2287 2112 2360 quum
2154 2264 2268 2335 lex
2312 2262 2605 2347 feratur,

484 2375 575 2446 de
626 2374 799 2446 caelo
848 2373 1143 2458 servari,
1199 2371 1687 2458 obnuntiari9,
1742 2372 2088 2444 intercedi
2137 2373 2389 2460 licere3
2443 2381 2608 2443 cen*

1579 2619 1791 2684 fiebant,
1826 2635 2030 2690 propter
2058 2639 2303 2672 sacrorum
2331 2601 2596 2671 eommuta-

1580 2704 1785 2751 tionem.
1805 2705 1880 2751 De
1903 2703 1980 2750 his
2009 2702 2164 2751 multo
2199 2703 2336 2766 plura
2366 2701 2494 2750 dixit
2519 2702 2598 2751 ῦ-

548 2627 601 2674 3.
627 2624 895 2689 Sedfimus
912 2623 1113 2688 justum.
1146 2623 1227 2671 Ad
1256 2624 1489 2673 Catonem

477 2713 685 2769 spectat,
733 2713 789 2748 ut
833 2703 1065 2765 suspicari
1109 2700 1247 2750 libet.
1295 2703 1493 2750 Coesnris

476 2785 605 2846 leges
618 2782 728 2846 jure
746 2779 869 2828 latas
888 2779 1112 2842 negabat,
1139 2791 1187 2827 et
1210 2791 1369 2828 tamen
1388 2797 1491 2846 pras

475 2861 645 2910 ceteris
673 2857 903 2908 Clodium
924 2873 1037 2905 vere
1062 2857 1310 2907 tribunum
1335 2858 1491 2922 plebis

477 2939 649 2999 fuisse,
680 2947 730 2985 et
758 2950 1085 3000 quascumque
1116 2937 1244 3000 leges
1276 2937 1461 2986 tulisset
1474 2970 1489 2994 ,

478 3017 787 3082 quantumvis
816 3009 1018 3076 iniustas
1033 3050 1047 3073 ‚
1068 3016 1177 3076 jure
1202 3016 1320 3063 latas
1343 3017 1489 3064 fuisse

475 3093 821 3152 contendebam
840 3095 953 3157 qnia
972 3093 1197 3142 videlicet
1217 3094 1259 3141 si
1275 3095 1489 3142 ttibnua-

472 3185 550 3222 tus
562 3173 726 3222 clodii
746 3171 1115 3231 rescinderetur,
1129 3172 1323 3221 rescissa
1342 3165 1487 3221 etiam

470 3253 637 3302 fuisset
662 3251 743 3300 illa
772 3251 936 3301 Clodii
966 3252 1187 3316 rogatio,
1219 3269 1315 3316 qun
1346 3269 1487 3316 roga·

472 3333 604 3380 tione
646 3331 768 3379 Cato
804 3331 1025 3395 praetoris
1052 3331 1279 3394 nomine,
1314 3333 1485 3380 missus

470 3419 541 3458 est
562 3411 613 3456 in
632 3407 835 3456 insulam
854 3409 1075 3472 Cyprum
1092 3405 1153 3455 ad
1172 3409 1485 3473 asportanda

467 3487 699 3552 pecunias
712 3485 837 3548 regis
856 3486 1106 3533 Ptolem-‘ei
1118 3521 1131 3544 ‚
1152 3496 1201 3534 et
1220 3486 1484 3534 faciendam

468 3565 711 3614 bonorum
729 3565 833 3623 ejus
850 3564 1146 3611 auctionem.
1428 3561 1431 3566 ’

539 3651 589 3700 4.
626 3639 834 3688 Oblier'ne
858 3653 1013 3688 want.
1042 3645 1101 3689 In
1128 3641 1203 3688 his
1230 3657 1483 3704 argumen-

470 3734 603 3773 tatur
626 3720 798 3768 Cicero
832 3719 895 3768 nd
924 3719 1167 3768 hominem
1184 3755 1200 3780 ,
1231 3731 1292 3768 ut
1316 3720 1481 3784 aiunt,

468 3813 516 3851 et
536 3817 601 3850 ex
622 3797 882 3848 concessis.

542 3879 590 3930 5.
623 3881 749 3943 Lege
774 3876 985 3924 curiata.
1024 3876 1081 3923 Ρ.
1112 3875 1315 3924 Clodius
1338 3879 1486 3941 patri-

471 3961 576 4008 cius
596 3971 625 4004 a
652 3956 711 4005 C.
735 3953 942 4003 Fonteio
964 3952 1157 4016 plebeio
1182 3953 1379 4004 homine
1400 3953 1485 4003 ad-

471 4047 665 4102 optatus
710 4046 801 4083 est.
844 4031 1153 4095 Adoptiones
1196 4045 1353 4082 sutem
1390 4049 1485 4099 pro

468 4114 677 4180 collegio
692 4107 984 4178 pontificum
994 4111 1047 4159 in
1064 4112 1274 4162 comitiis
1290 4113 1487 4162 curiatis

1581 2797 1692 2828 cero
1717 2782 1768 2828 in
1789 2791 1938 2830 oratt.
1960 2792 2074 2846 post
2092 2781 2254 2830 Redit.
2275 2782 2468 2845 passim.

1651 2861 1700 2908 6.
1730 2860 1884 2909 Abest
1901 2871 2054 2910 ratus.
2083 2861 2131 2908 J.
2145 2861 2209 2907 V.
2235 2863 2286 2909 L.

1651 2957 1698 3000 7.
1740 2943 1913 3004 Legem
1947 2938 2147 2988 AEliam.
2185 2943 2254 2988 Ut
2290 2955 2392 3004 quo
2427 2939 2508 2988 die
2535 2939 2597 2987 de

1578 3016 1700 3066 eaelo
1713 3030 1952 3067 servatum
1967 3030 2116 3080 esset,
2127 3035 2268 3083 agere
2283 3035 2394 3067 cum
2407 3019 2598 3084 populo

1577 3112 1679 3145 non
1707 3097 1887 3145 liceret.
2053 3137 2065 3149 .

1648 3177 1694 3222 8.
1741 3177 1914 3240 Legem
1958 3173 2160 3242 Fefiam.
2207 3178 2322 3222 Lata
2367 3177 2523 3224 fuerat
2564 3193 2594 3222 a

1573 3253 1774 3302 consule
1800 3255 1855 3302 P.
1869 3253 2038 3311 Furio,
2062 3269 2100 3302 s.
2116 3251 2276 3314 Fufio,
2295 3271 2373 3302 sn.
2394 3256 2514 3314 617,
2542 3265 2596 3303 ut

1573 3332 1720 3381 esrtis
1749 3331 1948 3389 diebus,
1975 3333 2063 3395 qui
2090 3342 2248 3380 tamen
2269 3333 2380 3381 fasti
2403 3344 2562 3382 esseut
2580 3369 2597 3394 ,

1573 3411 1651 3473 agi
1669 3426 1778 3457 eum
1795 3408 1986 3474 populo
2003 3424 2104 3456 non
2123 3410 2314 3460 liceret.
2342 3413 2465 3473 Quae
2485 3410 2596 3460 ἀπε

1571 3487 1702 3552 leges
1711 3489 1954 3551 sapienter
1970 3505 1995 3534 a
2014 3489 2294 3536 consulibus
2306 3489 2478 3552 excogi
2485 3499 2595 3536 tatae

1572 3576 1706 3622 sunt,
1726 3581 1788 3612 ns
1810 3565 2028 3613 seditiosi
2049 3566 2232 3614 tribuni
2250 3567 2406 3631 plebis
2429 3568 2592 3632 legum

1571 3642 1883 3692 multitudine
1917 3644 2080 3692 turbas
2109 3646 2160 3693 in
2185 3645 2433 3709 republica
2467 3661 2593 3694 eon-

1572 3721 1793 3770 citat-ent.
1813 3723 1906 3769 Eas
1924 3733 2084 3770 autem
2101 3723 2304 3772 Clodius
2326 3725 2593 3786 abrogavit.

1646 3817 1694 3864 9.
1734 3800 2042 3850 Obmmtiari.
2071 3803 2384 3865 Magistratus
2419 3803 2504 3866 qui
2532 3801 2596 3850 de

1577 3879 1695 3927 caelo
1742 3879 1963 3926 servabat
1978 3913 1992 3937 ,
2044 3881 2332 3928 obnuntiare
2370 3891 2594 3944 poterat3

1573 3971 1726 4020 augur
1764 3955 1916 4003 solam
1959 3959 2306 4021 spectationem
2323 3995 2337 4018 ‚
2377 3960 2458 4019 jus
2497 3957 2596 4006 ob-

1571 4035 1828 4083 nuntiandi
1854 4049 1956 4082 non
1981 4033 2206 4083 habebat.
2231 4063 2301 4074 -
2329 4037 2592 4090 Inter-cedi.

1557 4113 1653 4177 ‘Ab
1667 4113 1832 4177 aliquo
1847 4111 2045 4160 tribuno
2059 4112 2235 4176 plebis.
2255 4113 2371 4162 Duo
2383 4114 2598 4178 legitima
