2996 4694
597 412 890 479 ORAT.
941 410 1081 476 DE
1127 410 1416 479 PROV.
1470 410 2291 482 CONSULARIBUS.
2397 410 2537 484 253

407 546 480 604 et
524 531 893 617 Pisonem,
946 528 1096 601 duo
1153 529 1569 628 reipublicae
1620 546 1956 629 portenta
1978 586 1998 619 ,
2050 556 2135 605 ac
2178 558 2385 631 paene
2429 535 2536 607 fu·

407 666 579 713 nera
602 650 693 728 ¹⁰,
764 664 995 737 quum
1053 655 1352 737 propter
1418 642 1587 711 alias
1650 665 1898 711 causas
1926 696 1945 730 ,
2008 655 2167 711 tum
2224 648 2537 717 maxime

410 766 710 851 propter
757 750 940 822 illud
991 752 1266 849 insigne
1317 749 1546 821 scelus
1593 775 1884 839 eorum,
1936 764 2007 822 et
2042 751 2531 849 importunam

409 866 482 933 in
531 888 651 933 me
701 862 1196 933 crudelitatem
1223 914 1243 948 ,
1289 886 1440 931 non
1495 862 1732 933 solum
1787 867 2141 933 sententia
2195 888 2358 951 sua,
2415 865 2539 937 sed

411 976 622 1045 etiam
689 972 1082 1045 verborum
1150 975 1490 1070 gravitate
1564 997 1717 1045 esse
1782 973 2140 1044 notandos
2214 979 2539 1072 putavit3

412 1108 730 1181 quonam
777 1106 890 1153 me
936 1084 1178 1152 animo
1222 1085 1300 1152 in
1339 1106 1462 1153 eos
1497 1105 1653 1154 esse
1698 1098 2025 1180 oportet,
2062 1084 2270 1179 cujus
2298 1087 2402 1156 illi
2438 1112 2541 1157 sa-

411 1193 636 1265 lutem
691 1218 830 1292 pro
876 1194 1180 1292 pignore
1225 1190 1684 1264 tradiderunt
1726 1192 1813 1264 ad
1860 1193 2331 1289 expiandas·¹¹
2382 1218 2543 1269 suas

411 1304 882 1402 cupiditates?
939 1302 1078 1375 Sed
1138 1328 1272 1401 ego
1335 1309 1410 1373 in
1460 1304 1599 1375 hac
1645 1306 1999 1375 sententia
2046 1304 2350 1377 dicenda
2388 1322 2537 1377 non

412 1412 682 1513 parebo
745 1413 980 1485 dolori
1039 1438 1203 1485 meo
1225 1423 1311 1503 ¹²,
1369 1437 1508 1485 nec
1562 1412 1947 1485 iracundiae
1989 1419 2317 1486 serviam.
2378 1418 2543 1507 Quo

410 1526 654 1596 animo
700 1524 1205 1621 unusquisque
1250 1538 1567 1594 vestrum
1608 1522 1828 1594 debet
1867 1548 2021 1595 esse
2059 1525 2129 1594 in
2176 1525 2369 1611 illos,
2400 1528 2543 1599 hoc

414 1658 586 1706 ero:
636 1638 1074 1733 praecipuum
1124 1633 1326 1705 illum
1375 1648 1447 1704 et
1500 1637 1879 1731 proprium
1930 1658 2221 1705 sensum
2274 1634 2547 1707 doloris

413 1747 594 1833 mei,
627 1770 844 1843 quem
881 1760 1122 1817 tamen
1159 1768 1288 1816 vos
1323 1768 1783 1815 communem
1832 1768 2121 1842 semper
2154 1744 2361 1816 vobis
2392 1772 2545 1817 me—

415 1878 582 1927 cum
618 1880 769 1927 esse
817 1854 1152 1943 duxistis,
1197 1880 1238 1925 a
1269 1857 1625 1927 sententia
1671 1853 1976 1924 dicenda
2025 1854 2417 1944 amoveb03
2454 1856 2545 1927 ad

415 1964 797 2037 ulciscendi
841 1980 1170 2064 tempora
1201 1962 1589 2036 reservabo
1616 1960 1699 2031 ¹³.
1940 1964 1953 1981 ⁸

509 2078 600 2145 11.
643 2079 973 2168 Quatuor
1009 2091 1179 2147 sunt
1225 2075 1685 2173 provinciae1,
1722 2088 1961 2172 patres
2003 2076 2428 2173 conscripti,
2458 2078 2549 2149 de

416 2183 684 2281 quibus
727 2183 962 2257 adhuc
1007 2184 1332 2282 intelligo
1371 2184 1761 2261 sententias
1802 2207 1957 2255 esse
1999 2182 2223 2255 dictas
2254 2212 2270 2254 ε
2306 2186 2549 2259 Galliae

416 2293 613 2383 duae,
654 2320 834 2394 quas
894 2296 1037 2370 hoc
1090 2312 1418 2396 tempore
1479 2322 1633 2369 uno
1676 2295 1985 2394 imperio
2022 2294 2351 2368 videmus
2395 2322 2549 2370 esse

419 2408 929 2504 conjunctas23
966 2423 1038 2480 et
1069 2411 1305 2507 Syria,
1343 2423 1414 2481 et
1442 2405 1902 2496 Macedonia,
1943 2431 2164 2504 quaS‚
2200 2407 2406 2480 vobis
2444 2413 2549 2480 in-

415 2657 642 2710 proetem
657 2645 996 2709 Carthaginem
1013 2663 1114 2695 eoee
1125 2646 1379 2720 delendam
1395 2668 1438 2698 n.
1528 2646 1650 2695 nino
1676 2663 1728 2695 se
1751 2644 1985 2695 vindicte
2006 2647 2335 2694 immemorem
2357 2646 2547 2696 denun-

493 2742 572 2775 10.
614 2727 724 2774 Duo
765 2726 1044 2791 reipublice:
1075 2739 1309 2793 portenta
1328 2761 1345 2788 ,
1378 2743 1441 2775 ac
1532 2727 1620 2774 tint
1638 2759 1651 2782 ,
1703 2726 1791 2774 sed
1840 2725 1895 2773 in
1944 2735 2137 2790 tempus
2181 2725 2376 2790 seponit
2418 2743 2551 2775 com-

1528 2805 1745 2854 modius.

409 2804 768 2869 paenefunera.
785 2807 994 2854 Romam
1015 2822 1218 2870 prorsus
1247 2807 1442 2854 evertis-

419 2896 554 2944 sent,
593 2885 685 2934 nisi
712 2885 884 2934 Cicero
911 2895 1095 2934 tantam
1121 2885 1308 2934 cladem
1344 2901 1434 2934 ex-

417 2963 526 3012 silio
551 2965 890 3029 praevertisset.

491 3059 516 3094 1
530 3061 549 3092 ι
562 3081 576 3094 .
605 3045 912 3109 Expe'andas.
940 3044 1135 3093 Manat.
1159 3043 1436 3103 Victorius,

417 3123 676 3172 Lambinus
696 3157 711 3182 ,
746 3121 966 3171 Gravius
985 3157 1001 3183 ,
1027 3123 1211 3172 Olivet.
1239 3121 1437 3170 Lallem.

419 3201 538 3252 edit.
574 3203 736 3266 princ.
768 3211 818 3250 et
839 3205 968 3251 Ven.
995 3201 1125 3262 1483
1147 3235 1164 3261 ,
1199 3203 1436 3252 Gai-aton.

419 3281 706 3346 explendas.

493 3377 574 3410 n.
599 3361 714 3410 Non
727 3363 916 3427 parebo
936 3360 1096 3409 dolori
1113 3375 1236 3409 meo.
1258 3363 1436 3410 Demo-

419 3440 612 3491 sthenes
650 3443 791 3508 epiat.
827 3459 890 3491 οε
919 3426 1074 3491 «tion
1113 3441 1316 3506 privata
1353 3457 1438 3487 ex-

417 3520 608 3584 plendae
643 3521 909 3570 iracundie
946 3537 1110 3580 cansa,
1151 3517 1435 3583 reipublicae

418 3600 688 3650 commodis
737 3599 1014 3649 nocendum
1063 3610 1186 3664 puto
1216 3615 1233 3660 3
1279 3613 1435 3661 neque

418 3679 564 3727 ullam
581 3678 758 3744 privati
775 3681 880 3729 odii
897 3690 1084 3745 partem
1103 3675 1315 3743 publicis
1342 3676 1436 3725 uti-

417 3757 637 3807 litatibus
654 3759 895 3807 admisceo
914 3780 956 3807 ιο.

495 3839 575 3886 13.
601 3837 686 3886 Ad
700 3837 968 3886 ulciscendi
986 3847 1204 3900 tempora
1224 3851 1437 3884 reserva·

420 3916 496 3965 bo.
534 3917 798 3965 Pulchrum
839 3931 955 3963 sane
993 3927 1068 3963 est
1093 3927 1142 3965 et
1169 3915 1438 3963 oratorium

419 3995 646 4044 Ciceroni
677 3994 774 4043 boe
805 3995 860 4042 in
899 4011 950 4042 re
986 3994 1080 4042 hac
1115 3994 1439 4060 prenuntiare

1602 2884 1669 2934 11.
1690 2898 1733 2933 1.
1758 2886 1985 2949 Quacum·
1999 2883 2411 2949 suntpmvinca'oe.
2432 2889 2549 2936 Hoec

1529 2973 1603 3012 est
1635 2963 1866 3011 orationis
1892 2964 2167 3028 propositio
2186 2970 2215 3024 ,⁴
2240 2965 2321 3011 cui
2348 2966 2550 3029 partitio

1524 3043 1629 3108 ipsa
1647 3043 1924 3103 conjuncta.
1936 3043 2109 3106 Neque
2127 3043 2255 3090 enim
2270 3045 2547 3093 narratione

1524 3131 1599 3170 eet
1626 3131 1771 3186 'opus
1817 3123 1869 3169 in
1920 3120 2366 3171 deliberationibus.
2420 3124 2545 3172 Satis

1524 3200 1686 3264 itaque
1719 3200 1905 3248 oratori
1942 3201 2035 3248 fnit
2064 3198 2335 3263 significare
2362 3201 2543 3262 verbo,

1526 3278 1663 3344 quasi
1688 3277 1753 3325 ad
1777 3277 2139 3337 transitionem,
2172 3278 2283 3343 qnia
2318 3289 2443 3328 esset
2476 3281 2547 3329 rei

1522 3373 1579 3406 ιο
1606 3355 1965 3406 deliberationis
1983 3366 2152 3404 status.

1598 3453 1651 3488 2.
1686 3437 1795 3484 Hoc
1828 3445 2042 3498 tempore
2068 3451 2165 3482 uno
2188 3433 2389 3499 imperio
2414 3437 2553 3489 vide-

1525 3525 1637 3566 mus
1654 3531 1759 3565 esse
1791 3513 2093 3579 conjunctas.
2119 3517 2267 3562 Anno
2295 3516 2420 3564 Urb.
2442 3519 2547 3583 694

1522 3595 1748 3644 Vatinius
1766 3593 1992 3643 tribunus
2015 3595 2171 3658 plebis
2188 3593 2345 3659 legem
2364 3613 2549 3664 propo-

1525 3677 1645 3735 suit,
1675 3693 1771 3740 qua
1802 3673 1960 3723 Gallia
1984 3673 2230 3738 Cisalpina
2256 3675 2435 3724 Caesari
2461 3677 2551 3726 de-

1525 3765 1829 3813 cernet-etun
1858 3764 2081 3812 senatus,
2118 3753 2205 3818 qni
2218 3755 2327 3816 jure
2346 3755 2551 3818 provin-

1525 3835 1625 3882 cias
1656 3831 1947 3881 decernendi
1980 3832 2255 3892 fruebatur,
2282 3835 2550 3897 propoaitae

1526 3912 1623 3977 legi
1654 3911 1847 3960 fortiter
1880 3909 2069 3958 obstitit
2085 3943 2100 3968 ‚
2136 3925 2199 3957 ne
2220 3911 2301 3969 ius
2330 3909 2453 3958 illud
2487 3911 2552 3960 ad

1528 3991 1725 4040 comitia
1752 3989 2110 4046 mmferretuu
2139 3986 2227 4035 sed
2244 3987 2367 4035 vicit
2392 3988 2555 4038 Cleant

421 4089 588 4122 sensns
608 4108 622 4131 ‚
678 4075 766 4138 qni
824 4083 1098 4123 uenatorem
1157 4071 1442 4136 reipublice
1533 4069 1751 4136 Pompeii
1774 4079 1827 4118 et
1848 4067 2009 4120 crassi
2032 4067 2182 4115 fretus
2208 4067 2375 4129 gratia.
2406 4069 2555 4118 Sma-

421 4151 688 4200 midionum
712 4153 933 4204 deceant.
959 4153 1131 4217 Neque
1155 4163 1314 4201 tamen
1341 4167 1446 4199 om-

1534 4162 1639 4199 um
1666 4147 2049 4215 qmiterrimm
2072 4144 2275 4206 viam,
2302 4143 2555 4214 ειωμ-
