2996 4694
788 381 1173 454 ORATIO
1220 383 1425 453 PRO
1464 367 1550 453 Τ.
1589 385 1668 452 A.
1723 381 2162 454 MlLoNE.
2395 387 2542 483 493

404 503 780 577 insidiator
806 520 1221 604 superatus»,
1258 507 1544 602 vivicta
1570 506 1717 594 vis,
1759 505 1874 576 vel
1913 509 2158 604 potius
2195 531 2541 606 oppressa

402 621 669 688 virtute
710 616 1003 688 audacia
1036 631 1164 689 est.
1212 615 1409 689 Nihil
1453 614 1664 702 dico,
1702 615 1880 714 quid
1925 616 2335 717 respublica
2372 645 2544 692 con-

402 742 711 825 sequuta
736 729 907 815 sit’,
938 727 1147 814 nihil,
1177 727 1356 824 quid
1385 751 1550 812 vos;
1575 726 1780 813 nihil,
1812 725 1990 825 quid
2012 752 2269 800 omnes
2311 728 2490 802 boni
2521 759 2538 802 :

404 836 586 907 nihil
614 861 785 907 sane
816 834 888 907 id
920 838 1151 934 prosit
1178 835 1472 926 Miloni,
1509 837 1638 934 qui
1665 835 1810 912 hoc
1833 835 1983 908 sato
2021 852 2234 910 natus
2273 855 2416 925 est,
2458 857 2545 914 ut

402 971 499 1016 ne
536 971 613 1019 se
648 944 938 1043 quidem
990 970 1273 1018 servare
1312 948 1676 1046 potuerit,
1723 949 1905 1044 quin
1955 971 2100 1020 una
2142 948 2541 1048 rempubli-

403 1081 561 1128 cam
601 1081 877 1154 vosque
922 1049 1301 1128 servaret-⁹⁶.
1355 1059 1427 1128 Si
1471 1055 1550 1127 id
1585 1057 1754 1153 jure
1802 1082 1956 1128 non
1996 1073 2240 1156 posset
2257 1057 2314 1147 ⁴,
2357 1059 2544 1132 nihil

400 1166 673 1255 haben,
696 1166 897 1266 quod
926 1165 1334 1240 defendam.
1371 1170 1494 1238 Sin
1527 1166 1670 1239 hoc
1701 1181 1774 1238 et
1798 1170 1984 1238 ratio
2013 1167 2279 1258 doctis,
2314 1183 2389 1240 et
2417 1195 2542 1242 nc-

402 1283 690 1351 cessitas
735 1278 1099 1366 barbariS‚
1158 1292 1231 1350 et
1283 1302 1443 1349 mos
1500 1275 1885 1375 gentibus,
1933 1293 2007 1350 et
2057 1276 2228 1349 feris
2282 1294 2544 1350 natura

398 1390 552 1488 ipsa
588 1390 1052 1492 praescripsit,
1090 1401 1176 1459 ut
1217 1411 1511 1459 omnem
1541 1410 1828 1484 semper
1859 1390 2038 1475 vim,
2080 1411 2544 1486 quacumque

399 1523 543 1597 ope
582 1518 914 1600 possent,
950 1525 989 1570 a
1026 1522 1369 1596 corpore,
1406 1521 1447 1568 a
1484 1499 1720 1596 capite
1742 1551 1764 1584 ,
1799 1521 1842 1566 a
1876 1499 2023 1567 vita
2065 1521 2195 1568 sua
2236 1497 2540 1598 propul-

398 1625 675 1699 sarent3
713 1635 863 1683 non
908 1609 1207 1708 potestis
1234 1607 1376 1680 hoc
1408 1605 1690 1678 facinus
1727 1603 2148 1704 improbum
2179 1605 2538 1700 judicare,

398 1719 581 1814 quin
626 1719 842 1791 simul
867 1719 1242 1814 judicetis,
1288 1715 1669 1805 omnibuS,
1713 1718 1843 1813 qui
1879 1718 1954 1786 in
2001 1716 2322 1791 latrones
2357 1722 2539 1792 inci·

397 1831 675 1918 derint,
716 1845 841 1901 aut
892 1831 1181 1902 illorum
1242 1828 1447 1914 telis,
1501 1842 1629 1899 aut
1663 1828 1916 1898 vestris
1952 1830 2329 1901 sententiis
2382 1855 2541 1903 esse

397 1939 878 2040 pereundum.
934 1938 1154 2031 Quod
1210 1940 1269 2010 si
1324 1941 1422 2008 ita
1472 1951 1844 2037 putasset,
1896 1951 2095 2009 certe
2145 1938 2542 2036 optabilius

396 2050 651 2121 Miloni
695 2047 832 2120 fuit
869 2047 1041 2120 dare
1082 2047 1425 2144 jugulum
1470 2050 1549 2117 P.
1607 2045 1865 2119 Clodio
1888 2043 1943 2134 ⁵,
1985 2071 2135 2118 non
2183 2048 2406 2120 semel
2445 2049 2540 2121 ab

398 2158 553 2246 illo,
598 2182 841 2257 neque
884 2172 1042 2231 tum
1094 2161 1409 2255 primum
1462 2156 1809 2257 petitum,
1861 2180 2081 2255 quam
2129 2151 2448 2254 jugnlari
2497 2185 2540 2230 a

396 2268 637 2360 vobis,
688 2270 860 2368 quia
911 2293 989 2341 se
1044 2268 1145 2339 illi
1198 2294 1349 2340 non
1380 2335 1387 2349 ,
1396 2265 1882 2367 jugulandum
1930 2266 2356 2340 tradidisset.
2414 2270 2538 2340 Sin

397 2380 546 2453 hoc
589 2405 807 2453 nemo
863 2395 1182 2452 vestrum
1218 2381 1316 2453 ita
1350 2382 1603 2469 sentit,
1649 2379 1831 2452 illud
1869 2382 2022 2476 jam
2066 2380 2142 2449 in
2181 2379 2537 2476 judicium

396 2495 628 2581 venit,
670 2518 854 2581 non,
903 2493 1278 2565 occisusne
1320 2497 1441 2580 sit,
1488 2489 1692 2590 quod
1730 2484 2134 2579 fatemur-⁶3
2177 2489 2306 2562 sed
2334 2491 2536 2586 jure,

396 2626 487 2673 an
518 2602 814 2697 injuria,
851 2600 1053 2699 quod
1084 2600 1331 2674 multis
1358 2604 1431 2673 in
1466 2606 1742 2674 causis⁷
1781 2626 1966 2700 soepe
1997 2605 2378 2698 quaesitum
2411 2618 2539 2675 est.

397 2712 703 2784 Insidias
756 2710 985 2784 factas
1035 2736 1189 2785 esse
1233 2726 1546 2804 constat;
1587 2727 1658 2785 et
1707 2710 1785 2785 id
1829 2726 1970 2800 est,
2008 2711 2210 2810 quod
2249 2728 2544 2787 senatus

399 2920 633 2968 rationem
669 2920 797 2969 hane
830 2920 1269 2971 luculentissimum
1302 2936 1423 2971 con·

400 2998 673 3060 eludendo,
700 3018 753 3049 re
768 3016 873 3050 nno
890 3002 1107 3051 veritatis
1126 3000 1293 3051 studio
1307 3000 1423 3051 duci

398 3076 675 3143 profitetur.

471 3171 521 3205 ὓ.
559 3158 869 3223 Consequuca
891 3159 977 3210 sr'e.
1016 3162 1157 3209 Hane
1182 3159 1423 3209 defensio-

397 3250 509 3283 nem
534 3236 712 3285 Brutus
734 3248 971 3300 maret,
992 3250 1045 3288 at
1070 3240 1297 3289 Ciceroni
1320 3255 1421 3287 uon

398 3314 493 3361 fnit
516 3326 745 3379 accepta,
768 3317 881 3379 qnia
902 3318 1121 3381 peullam
1143 3334 1300 3367 caum
1321 3317 1421 3366 dif-

396 3392 597 3443 fidebat.
614 3394 879 3445 Pulchrum
902 3398 1057 3445 fuerat
1078 3406 1208 3445 certe
1228 3412 1422 3445 mnsam

396 3474 495 3521 hoc
518 3472 671 3520 modo
703 3489 955 3538 peragere,
986 3476 1031 3525 si
1054 3475 1203 3525 ceteri
1230 3475 1422 3537 jndices

397 3554 631 3602 Catonem
660 3553 839 3601 virtute
862 3555 1155 3604 retulissent.
1202 3606 1209 3613 ,

468 3633 517 3681 3.
534 3634 768 3679 Servat-ee.
788 3630 931 3681 Adeo
948 3632 1233 3694 conjunctae
1252 3648 1422 3683 omnes

394 3713 510 3761 vita
546 3726 647 3759 ειη
686 3726 797 3758 enm
824 3711 1069 3775 republica
1096 3713 1309 3761 rationes
1332 3710 1423 3761 he-

394 3792 479 3839 bet
492 3790 620 3839 Milo
632 3822 647 3847 ,
666 3799 722 3836 nt
738 3804 881 3837 nemo
896 3790 1175 3855 reipublice
1188 3790 1253 3839 nit
1267 3790 1425 3839 hosti·

395 3860 481 3934 q’ni
508 3886 615 3919 non
636 3868 709 3917 illi
734 3884 933 3933 quoqne
954 3868 1137 3918 bellum
1163 3869 1422 3928 indixerim

395 3962 541 4015 atque
574 3949 699 3998 adeo
726 3964 827 3996 non
862 3948 1021 4013 pouit
1051 3948 1203 3997 vitam
1232 3964 1369 3997 mm
1393 3965 1421 3998 e

398 4030 507 4077 telis
524 4029 739 4078 hostium
759 4027 1043 4087 defendere,
1066 4028 1187 4093 quin
1209 4044 1305 4077 nnn
1330 4030 1422 4077 rei·

398 4102 607 4170 publicae
622 4109 789 4159 hostes
808 4108 1053 4172 profliget.

1583 2931 1634 2980 4.
1657 2922 1774 2971 Non
1784 2934 1971 2987 posset.
1991 2923 2048 2971 Si
2058 2924 2140 2985 jue
2153 2924 2234 2972 eni
2246 2922 2544 2973 defendendi

1509 3016 1614 3050 non
1631 3001 1854 3051 haberet.

1582 3083 1631 3130 5.
1673 3082 1808 3129 Das-e
1837 3079 2066 3145 jugulum
2105 3082 2164 3129 P.
2216 3078 2406 3129 Clodio.
2455 3080 2538 3129 Sie

1509 3160 1640 3209 enim
1665 3170 1798 3227 emat
1815 3157 2168 3223 rempublicam
2189 3169 2237 3207 et
2257 3176 2348 3209 voe
2369 3176 2540 3211 omnes

1508 3238 1662 3297 Milo,
1685 3250 1745 3288 ut
1761 3249 1968 3286 mortem
1987 3254 2088 3287 non
2109 3250 2208 3287 tem
2229 3240 2510 3291 reformidet
2523 3276 2540 3302 ,

1508 3334 1656 3383 quem
1680 3326 1917 3377 verentur,
1939 3332 2029 3379 ne,
2056 3317 2100 3366 si
2122 3318 2260 3367 illum
2279 3318 2540 3370 damnave-

1507 3397 1643 3457 ritis,
1661 3398 1748 3462 qui
1763 3412 1816 3445 ee
1834 3395 2012 3445 clodio
2035 3412 2138 3447 non
2161 3399 2374 3463 praebuit
2389 3400 2540 3465 jugu-

1507 3476 1708 3544 landum
1721 3511 1738 3534 ,
1759 3476 1812 3525 in
1832 3490 1922 3525 vos
1942 3486 2040 3525 um
2057 3476 2214 3542 iniqui
2225 3478 2402 3539 iudicii
2421 3479 2540 3527 inf·-

1508 3556 1606 3604 min
1632 3566 1679 3603 et
1702 3570 1730 3603 a
1755 3553 1903 3603 vobis
1927 3556 1980 3603 in
2009 3564 2160 3605 totam
2186 3556 2536 3622 rempublicam

1509 3634 1768 3683 redundet.

1579 3716 1630 3763 6.
1674 3710 2078 3777 Quodsaeemur.
2111 3712 2355 3777 Nega-do
2383 3724 2543 3763 tamen

1511 3810 1612 3842 rem
1631 3810 1734 3842 esne
1745 3794 1886 3859 jaun
1905 3792 2113 3842 Milonis
2127 3803 2472 3857 perpetratam.

1583 3889 1634 3935 7.
1655 3872 1826 3921 Multis
1845 3873 1896 3920 in
1913 3871 2092 3921 causis.
2111 3872 2170 3919 In
2191 3886 2332 3919 mnu
2353 3872 2552 3921 Horatii

1509 3950 1599 4016 qni
1636 3966 1858 3999 eorooem
1873 3986 1888 4009 ,
1923 3951 1980 3998 in
2019 3964 2162 3999 caus·
2193 3948 2426 3997 Trebonii
2459 3950 2548 4014 qui

1510 4030 1762 4079 tribunum
1785 4029 1994 4079 militnm
2011 4037 2235 4092 stuprum
2261 4027 2547 4078 inserentem

1511 4108 1776 4157 occideret.
