2996 4694
436 387 711 410 mmm
730 387 2578 415 mmmmm-“mmmmm

1162 624 1882 749 TABULA

1286 885 1711 1004 RERUM

558 1105 719 1164 QUAE
772 1105 847 1152 ΙΝ
898 1105 1045 1152 1100
1092 1103 1359 1164 Qumro
1404 1103 1776 1150 vounuum
1819 1103 2156 1152 SECURDAE
2209 1105 2458 1156 vanus

1036 1219 1405 1270 CICERONIS
1454 1219 1972 1267 commumon-

437 1607 993 1710 Ancuntwrms
1029 1687 2362 1712 ............................
2530 1639 2574 1712 3

432 1757 529 1824 Μ.
556 1759 637 1824 Τ.
676 1754 1023 1824 Ciceronis
1062 1752 1419 1822 orationes.
1446 1791 1546 1806 --
1575 1753 1820 1822 Oratio
1849 1778 1976 1848 pro
2008 1757 2084 1824 P.
2124 1756 2374 1828 Sextio.

527 1910 625 1920 —
652 1867 893 1936 Oratio
916 1866 1211 1936 secunda
1244 1880 1313 1936 et
1348 1865 1686 1936 tricesima
1713 1917 2366 1940 ..............
2489 1896 2516 1943 1
2539 1896 2566 1943 1

428 1989 921 2078 Argumentum
980 2031 2363 2055 .............................
2437 1984 2572 2058 133

428 2099 527 2167 Μ.
558 2101 633 2168 Τ.
670 2098 1013 2167 Ciceronis
1055 2096 1418 2168 orationes.
1460 2137 1562 2151 —
1602 2095 1842 2167 Oratio
1888 2095 1961 2166 in
1998 2097 2376 2170 Vatinium.

525 2254 623 2264 —
648 2211 890 2296 Oratio
930 2210 1130 2280 tertia
1172 2224 1240 2280 et
1285 2209 1623 2280 tricesima
1661 2261 2366 2283 ...............
2437 2211 2572 2288 135

426 2329 923 2423 Argumentum
974 2375 2364 2401 .............................
2438 2354 2462 2401 1
2477 2327 2572 2428 67

426 2446 527 2513 M.
560 2448 639 2514 T.
679 2442 1027 2515 Ciceronis
1060 2441 1421 2529 orationes.
1450 2482 1550 2493 -—
1580 2440 1820 2511 Oratio
1849 2466 1975 2537 pro
2009 2446 2108 2515 M.
2138 2441 2376 2517 Goelio.

522 2599 623 2611 -—
644 2558 883 2628 Oratio
915 2572 1157 2652 quarta
1191 2570 1263 2629 et
1296 2556 1630 2627 tricesima
1657 2604 2360 2631 ...............
2437 2558 2572 2658 173

422 2677 919 2768 Argumentum
970 2720 2359 2746 .............................
2429 2678 2572 2772 249

426 2790 526 2857 M.
559 2793 635 2857 T.
668 2789 1013 2859 Ciceronis
1054 2790 1413 2858 orationes.
1452 2826 1554 2841 -—
1589 2786 1835 2856 Oratio
1883 2786 1968 2857 de
2012 2788 2378 2882 provinciis

524 2899 1013 2972 consularibus
1056 2942 1155 2954 -—
1186 2901 1428 2971 Oratio
1464 2900 1704 2994 quinta
1739 2914 1808 2969 et
1843 2900 2212 2971 tricesima.
2245 2954 2261 2971 .
2293 2955 2310 2971 .
2340 2955 2357 2971 .
2425 2900 2558 2975 251

424 3018 919 3109 Argumentum
975 3064 2360 3087 .............................
2427 3014 2566 3113 295

422 3131 518 3200 Μ.
545 3133 624 3199 Τ.
654 3131 999 3200 Ciceronis
1037 3129 1403 3200 orationes».
1432 3170 1534 3182 —
1567 3128 1808 3197 Oratio
1844 3154 1970 3223 pro
2001 3132 2081 3199 L.
2115 3133 2374 3203 Corne·

521 3241 613 3311 lio
650 3239 1003 3312 Balbo.—
1022 3242 1263 3313 Oratio
1302 3255 1488 3311 sexta
1531 3255 1600 3311 et
1641 3242 1978 3313 tricesima
1994 3294 2355 3313 ........
2423 3269 2566 3343 299

423 3359 921 3451 Argumentum
973 3406 2357 3429 .............................
2425 3358 2568 3457 349

420 3476 516 3543 Μ.
543 3477 621 3545 Τ.
655 3472 1001 3545 Ciceronis
1037 3472 1395 3541 orationes.
1428 3512 1530 3524 --
1565 3472 1864 3543 Oratio‘
1846 3496 1920 3541 m
1955 3476 2034 3544 L.
2077 3471 2366 3569 Calpur-

516 3588 706 3656 nium
750 3586 1087 3658 Pisonem.
1113 3628 1211 3639 ——
1239 3585 1479 3657 Oratio
1516 3586 1802 3681 septima
1832 3599 1900 3655 et
1935 3586 2303 3658 tricesima.
2336 3586 2554 3661 .351

418 3706 914 3798 Argumentum
962 3752 2354 3775 .............................
2419 3708 2566 3805 429

416 3820 514 3888 M.
551 3822 629 3887 T.
671 3818 1021 3889 Ciceronis
1058 3818 1414 3887 orationes,
1454 3859 1554 3870 -——
1588 3818 1828 3888 Oratio
1870 3841 1997 3913 pro
2040 3820 2119 3889 C.
2157 3818 2366 3889 Rabi-

515 3932 616 4001 rio
654 3936 997 4003 Postumo.
1028 3970 1127 3987 -
1162 3932 1401 4002 Oratio
1433 3947 1669 4002 octava
1704 3946 1774 4001 et
1808 3932 2145 4002 tricesima
2190 3985 2206 4001 .
2239 3986 2256 4001 .
2286 3987 2303 4002 .
2336 3985 2352 4002 .
2419 3932 2562 4021 433

417 4054 913 4143 Argumentum
964 4098 2355 4119 ............................
2419 4050 2560 4149 467
