2996 4694
814 373 1201 443 ORATIO
1249 374 1356 445 IN
1406 376 1484 444 L.
1526 377 1606 445 c.
1653 371 2134 445 PISONEM.
2383 364 2526 463 379

394 494 601 568 vobis
656 494 909 585 audio,
950 498 1221 567 nemini
1256 498 1395 569 civi
1436 498 1690 585 ullam,
1727 520 1880 594 quo
1925 496 2168 565 minus
2205 490 2523 575 adesset,

394 612 561 683 satis
594 611 863 706 justam
901 612 1439 684 excusationem
1473 636 1628 685 esse
1665 614 1928 698 visam3
1955 608 2174 681 nullis
2215 605 2525 679 comitiis

392 743 743 818 umquam
802 718 1089 818 neque⁸
1156 722 1700 793 multitudinem
1759 721 2142 792 hominum
2210 729 2480 789 tantam
2505 766 2526 798 ,
2621 790 2628 797 ,

394 854 637 928 neque
672 830 1231 928 splendidiorem
1274 830 1492 905 fuisse
1532 861 1549 902 ε
1593 833 1736 904 hoc
1783 845 1977 903 certe
2018 827 2268 915 video,
2321 823 2524 923 quod

394 939 723 1013 indicant
758 940 1021 1013 tabulae
1062 942 1448 1041 publicano,
1486 968 1616 1017 vos
1645 956 2012 1040 rogatores
2033 994 2053 1025 ,
2102 964 2232 1013 vos
2271 935 2522 1009 diribi-

394 1060 700 1139 tores10,
746 1076 877 1125 vos
914 1053 1251 1125 custodes
1292 1051 1513 1127 fuisse
1560 1051 2066 1125 tabellarum¹¹
2107 1076 2122 1119 z
2165 1062 2237 1119 et
2259 1100 2280 1131 ,
2320 1044 2522 1143 quod

395 1163 471 1230 in
514 1159 919 1234 honoribus
974 1177 1375 1234 vestrorum
1424 1167 2007 1264 propinquorum
2053 1183 2206 1231 non
2255 1154 2488 1228 facitis
2505 1206 2526 1239 ,

394 1271 506 1343 vel
539 1275 764 1345 aetatis
800 1276 1297 1362 excusatione,
1328 1274 1443 1346 vel
1468 1275 1799 1359 honoris,
1835 1271 1914 1343 id
1945 1273 2020 1343 in
2057 1268 2286 1343 salute
2321 1288 2485 1339 mea
2505 1316 2528 1349 ,

392 1380 599 1453 nullo
628 1399 958 1480 rogante,
985 1408 1119 1455 vos
1146 1399 1383 1457 vestra
1410 1398 1670 1484 sponte
1700 1382 1986 1457 fecistis.

486 1496 677 1565 XVI.
724 1491 995 1565 Confer
1030 1518 1266 1584 nunc,
1300 1497 1610 1593 Epicure
1645 1510 1914 1580 noster,
1953 1518 2043 1565 ex
2091 1490 2306 1561 hara1
2351 1510 2520 1584 pro-

390 1602 639 1691 ducte,
676 1628 826 1675 non
876 1629 963 1676 ex
1018 1605 1265 1677 schola
1284 1660 1304 1693 ,
1352 1604 1643 1692 confer,
1693 1607 1751 1677 si
1809 1603 2066 1690 audes,
2123 1598 2520 1672 absentiam

392 1727 594 1784 tuam
650 1736 815 1785 cum
860 1738 1043 1787 mea.
1082 1715 1481 1787 obtinuisti
1523 1717 1968 1814 provinciam
1989 1725 2020 1757 ²
2067 1709 2518 1785 consularem

388 1820 661 1895 finibus
701 1825 824 1911 iis,
881 1850 1069 1922 quos
1115 1827 1231 1897 lex
1276 1825 1688 1924 cupiditatis
1735 1840 1908 1905 tuae,
1961 1850 2114 1895 non
2169 1846 2358 1921 quos
2407 1819 2520 1889 lex

388 1935 645 2029 generi·
684 1931 839 2003 tui³
887 1935 1273 2033 pepigerat.
1324 1941 1509 2007 Nam
1529 1990 1549 2023 ,
1593 1935 1751 2033 lege
1801 1934 2096 2006 Caesaris
2135 1929 2528 2027 justissima
2589 1970 2592 1975 -

392 2057 611 2139 atque
656 2044 931 2141 optima
952 2098 971 2132 ,
1018 2046 1273 2144 populi
1307 2044 1564 2116 liberi⁴
1603 2046 1812 2141 plane
1851 2057 1926 2113 et
1965 2064 2136 2113 vere
2181 2052 2386 2111 erant
2437 2037 2523 2107 li-

387 2148 549 2221 beri
578 2176 595 2219 e
632 2151 791 2250 lege
824 2167 1066 2225 autem
1106 2163 1221 2244 ea,
1256 2178 1475 2252 quam
1509 2178 1730 2227 nemo
1759 2153 1990 2249 legem
2011 2204 2032 2239 ,
2069 2163 2334 2249 praeter
2353 2163 2428 2219 te
2451 2160 2526 2217 et

388 2258 735 2360 collegam
762 2276 1004 2352 tuum,
1028 2265 1343 2364 putavit,
1363 2266 1602 2336 omnis
1629 2277 1780 2335 erat
1813 2261 1947 2333 tibi
1978 2260 2278 2346 Achaia,
2305 2258 2522 2330 Thes·

388 2369 559 2444 salia
579 2427 599 2460 ,
631 2372 929 2445 Athenae
954 2429 974 2462 ,
1012 2389 1273 2447 cuncta
1314 2378 1588 2448 Graecia
1619 2374 1922 2446 addicta.
1957 2370 2292 2444 Habebas
2325 2393 2525 2442 exer-

386 2482 612 2554 citum
644 2497 929 2554 tantum
952 2539 971 2571 ,
1001 2501 1357 2583 quantum
1384 2484 1519 2557 tibi
1547 2509 1698 2556 non
1733 2497 2022 2556 senatus
2053 2497 2176 2554 aut
2205 2479 2522 2579 populus

388 2619 733 2666 romanus
766 2594 1066 2675 dederat
1084 2650 1104 2684 ,
1130 2595 1257 2668 sed
1284 2611 1642 2695 quantum
1667 2586 1790 2667 tua
1821 2593 2049 2667 libido
2084 2594 2528 2691 conscripse·

388 2719 528 2792 ταῖς
558 2707 883 2776 aerarium
921 2705 1371 2779 exhauseras.
1396 2710 1596 2798 Quas
1621 2730 1736 2779 res
1769 2707 2046 2804 gessisti
2081 2707 2158 2775 in
2197 2703 2529 2800 imperio,

459 2895 675 2962 8.,Abest
692 2901 851 2963 nequ'e
873 2915 902 2946 a
923 2899 1089 2948 multis
1106 2900 1219 2949 edd.
1241 2910 1289 2948 et
1312 2917 1409 2948 rec.

457 2993 507 3040 9.
542 2977 736 3026 Tabula·
754 2977 986 3043 pubh'coe.
1014 2979 1105 3026 Eas
1129 2979 1315 3027 tabulas
1340 2981 1412 3026 in·

387 3055 595 3121 telligit,
632 3058 689 3104 in
729 3073 853 3121 quaa
891 3069 998 3105 aeta
1038 3057 1209 3105 diuma
1237 3057 1411 3122 populi

388 3133 685 3196 referebant,
714 3151 777 3186 ex
802 3135 1005 3186 Caesaris
1036 3135 1263 3184 instituto
1280 3134 1407 3184 duo-

384 3213 479 3262 bua
502 3215 641 3262 annia
673 3225 785 3264 ante
818 3216 923 3262 haee
964 3215 1164 3263 comitia
1193 3213 1258 3262 ob
1282 3213 1411 3262 redi·

388 3302 495 3340 tum
524 3293 775 3342 Ciceronis
801 3292 1005 3341 indicta.

467 3386 544 3420 ιο.
567 3371 870 3421 Diribitores.
894 3372 1203 3421 ‘fabellarum
1242 3373 1415 3421 diribi-

390 3460 521 3498 tores
542 3449 595 3497 hi
622 3462 761 3509 aunt,
790 3451 877 3516 qni
899 3451 1243 3517 suffragiorum
1272 3462 1414 3501 notas

391 3528 709 3577 distribuunt.

465 3623 544 3655 ιι.
570 3607 723 3671 Vulg.
762 3607 1059 3658 tabularum.

456 3687 603 3735 ΧΠ.
630 3701 675 3735 1.
710 3687 789 3734 Ea·
807 3684 955 3735 leam.
987 3689 1117 3736 Rara
1146 3703 1411 3754 porcorum

386 3778 459 3816 est
478 3763 739 3814 stabulum.

459 3861 485 3893 ο
496 3881 509 3893 .
521 3844 822 3894 Provinciam
834 3844 1151 3893 consularem.
1170 3847 1407 3894 Macedo-

393 3927 523 3973 niam
536 3958 551 3984 ,
574 3939 684 3988 qua
700 3923 789 3971 illo
807 3937 938 3970 anno
952 3923 1218 3972 consularis
1235 3925 1407 3973 effecta

392 4017 499 4054 eat:
530 4019 642 4068 qun
671 4001 925 4068 provincia
948 4013 1107 4050 tamen
1134 4003 1285 4051 solius
1300 4005 1407 4052 Ma·

1500 2898 1764 2955 Achaiam,
1804 2896 2129 2954 Thessaliam,
2167 2893 2382 2944 Athenas
2401 2927 2416 2952 ‚
2442 2904 2522 2941 to·

1501 2991 1697 3043 tamque
1724 2977 1964 3025 Graciam
1989 2971 2299 3023 extendebat.

1569 3059 1622 3106 3.
1645 3057 1760 3105 Non
1793 3071 1913 3120 quos
1942 3055 2026 3102 lea.-
2041 3051 2210 3118 gaineri
2226 3051 2302 3100 tui
2313 3049 2520 3115 pepige-

1498 3149 1593 3186 rat.
1631 3139 1734 3184 Lex
1758 3135 1856 3183 lata
1886 3150 1913 3181 a
1949 3133 2090 3184 sulio
2121 3133 2314 3182 Cas-re
2343 3145 2522 3194 genero

1501 3226 1587 3264 tuo
1604 3251 1618 3274 ,
1645 3215 1731 3278 qui
1761 3214 1987 3261 videlicet
2022 3211 2338 3277 Calpurniam
2370 3209 2520 3258 filiam

1501 3305 1634 3343 tuam
1652 3294 1794 3342 duxit
1809 3308 2028 3341 uxorem.

1573 3383 1622 3435 4.
1649 3367 1824 3437 Populi
1838 3368 1995 3422 liberi.
2017 3367 2339 3421 Commendat
2366 3369 2519 3432 legem

1502 3453 1705 3503 ceuri-
1749 3451 1926 3517 partim
1973 3449 2040 3499 ad
2081 3449 2286 3514 gratiam
2319 3448 2523 3498 Caeaaria

1503 3531 1822 3597 captandam,
1841 3529 2022 3595 partim
2043 3539 2098 3578 ut
2123 3528 2486 3577 vehementius·
2471 3544 2524 3575 m

1498 3609 1728 3659 Pisonem
1761 3611 2048 3660 violatorem
2073 3608 2194 3673 legia
2227 3607 2520 3658 invehatur·

1500 3705 1652 3751 quum
1675 3689 1806 3737 enim
1827 3689 2016 3738 tulisaet
2041 3689 2232 3746 (ἔπειτ,
2265 3697 2322 3734 ut
2347 3686 2522 3751 populi

1498 3766 1642 3815 liberi
1667 3784 1779 3816 vere
1806 3777 1964 3816 essent
1995 3765 2136 3814 liberi
2156 3802 2172 3826 ,
2213 3781 2306 3814 nee
2340 3782 2371 3814 a
2405 3781 2522 3829 pro·

1502 3847 1768 3896 vinciat-um
1799 3845 2269 3895 administratoribus
2293 3859 2520 3908 regeren-

1496 3935 1596 3986 tur,
1621 3926 1710 3975 aed
1733 3927 1948 3991 propriis
1969 3926 2159 3991 legibus
2189 3935 2239 3972 et
2265 3923 2518 3986 magistra-

1495 4005 1630 4054 tibna
1645 4016 1915 4066 uterentur,
1937 4008 1990 4056 iu
2017 4023 2104 4056 eoa
2125 4005 2240 4054 Piso
2261 4003 2516 4068 imperium

392 4083 611 4132 eedoniae
646 4081 829 4131 finibus
862 4097 968 4131 non
1004 4081 1233 4141 limitata,
1259 4083 1405 4130 tie-ad
1492 4083 1584 4132 sibi
1611 4084 1900 4134 vindicavit.
