2996 4694
800 376 1185 447 ORATIO
1227 376 1341 446 IN
1388 380 1470 445 12.
1516 381 1592 449 c.
1645 380 2135 453 PISONEM.
2383 382 2522 483 377

392 512 573 589 test3
597 500 931 598 privatim
956 496 1047 569 ad
1074 522 1319 569 meum
1346 522 1618 571 nomen
1651 501 2062 599 augendum
2081 556 2102 585 ,
2129 506 2522 601 optandam

394 610 584 682 duco
620 609 796 681 mihi
836 609 1051 681 fuisse
1086 607 1280 679 illam
1314 609 1938 709 expetendamque
1968 610 2358 687 fortunam.
2394 622 2526 707 At·-

392 744 539 817 que
563 774 583 804 ,
629 734 713 791 ut
754 734 958 790 tuum
1000 717 1435 789 laetissimum
1478 717 1670 791 diem
1711 744 1880 791 cum
1923 721 2322 796 tristissimo
2356 750 2522 799 meo

391 828 792 915 conferam,
828 841 1073 900 utrum
1112 826 1404 899 tandem
1435 826 1638 901 bono
1671 832 1830 903 viro
1867 845 1941 903 et
1973 835 2278 930 sapienti
2319 851 2524 933 opta·

392 936 607 1012 bilius
655 954 905 1038 putaS,
962 939 1068 1010 sic
1108 938 1303 1009 exire
1344 962 1387 1009 a
1428 942 1656 1037 patria
1679 995 1702 1027 ,
1745 955 1828 1012 ut
1863 965 2118 1015 omnes
2169 948 2284 1015 sui
2335 950 2524 1019 cives

390 1049 695 1121 salutem
715 1103 735 1137 ,
788 1048 1354 1121 incolumitatem
1378 1100 1399 1137 ,
1459 1048 1773 1121 reditum
1843 1067 2266 1150 precentur,
2321 1054 2524 1153 quod

392 1159 569 1230 mihi
610 1156 904 1246 accidit3
966 1182 1091 1242 an,
1133 1158 1337 1253 quod
1386 1156 1524 1251 tibi·
1569 1158 2052 1257 proficiscenti
2103 1163 2384 1249 evenit,
2439 1178 2525 1233 ut

392 1294 647 1343 omnes
681 1276 1336 1356 exsecrarenturm,
1376 1269 1563 1340 male
1606 1286 2098 1367 precarentur,
2139 1297 2356 1344 unam
2391 1272 2525 1345 tibi

390 1379 584 1451 illam
610 1381 795 1451 viam
819 1390 877 1425 ¹¹
916 1394 991 1451 et
1020 1392 1442 1477 perpetuam
1472 1404 1626 1451 esse
1657 1380 1969 1454 vellent?
2003 1381 2208 1470 Mihi,
2240 1382 2520 1455 medius

386 1488 603 1562 fidius
624 1544 645 1579 ,
680 1492 757 1562 in
792 1505 997 1563 tanto
1041 1494 1371 1561 omnium
1407 1491 1820 1574 mortalium
1857 1492 2069 1581 odic,
2101 1493 2300 1589 justo
2335 1518 2520 1591 prae-

388 1606 633 1673 sertim
660 1617 735 1674 et
763 1601 1037 1689 debite,
1056 1603 1325 1700 quaevis
1356 1598 1530 1700 fuga
1567 1603 2146 1701 potius¹²,quam
2183 1602 2331 1675 ulla
2365 1629 2527 1701 pro·

387 1712 619 1785 vincia
642 1767 663 1802 ,
702 1727 889 1785 esset
917 1711 1253 1810 optatior.

486 1827 642 1893 XV.
692 1820 835 1892 Sed
872 1844 1095 1919 perge
1134 1842 1377 1917 porr0.
1424 1822 1610 1893 Nam
1653 1822 1714 1893 si
1753 1819 1939 1891 illud
1979 1832 2224 1893 meu'm
2261 1821 2522 1894 turbu·-

388 1931 867 2002 lentissimum
903 1944 1191 2028 tempus
1236 1927 1708 2027 profectionis
1753 1945 1883 2002 tuo
1930 1933 2520 2029 tranquillissimo

391 2053 711 2137 praestat,
748 2039 925 2137 qnid
958 2037 1323 2111 conferam
1368 2039 1688 2135 reliqua,
1723 2064 1882 2137 quae
1917 2042 1994 2111 in
2033 2056 2107 2114 te
2145 2042 2518 2115 dedecoris

391 2149 606 2245 plena
656 2147 993 2236 suerunt,
1040 2151 1117 2219 in
1172 2172 1291 2219 me
1340 2146 1752 2245 dignitatis?
1785 2154 1904 2221 Me
1957 2150 2320 2223 kalendis¹
2365 2152 2514 2247 jan.

388 2261 518 2358 qui
554 2259 705 2332 dies
745 2272 911 2357 post
946 2257 1229 2331 obitum
1267 2282 1751 2357 occasumque
1795 2273 2124 2330 nostrum
2169 2258 2518 2359 reipubli-

388 2394 486 2442 cae
514 2372 791 2467 primus
826 2369 1095 2457 illuxit,
1132 2366 1756 2467 frequentissimus
1792 2384 2122 2458 senatus,
2157 2394 2519 2444 concursu

388 2479 607 2550 Italiae
628 2533 648 2564 ,
705 2477 1063 2552 referente
1132 2478 1524 2550 clarissimo
1593 2492 1814 2577 atque
1873 2477 2266 2552 fortissimo
2322 2481 2479 2553 viro
2495 2535 2516 2570 ‚

289 2663 297 2670 ,
386 2595 459 2662 Ρ.
491 2589 839 2677 Lentulo,
885 2593 1385 2660 consentiente
1423 2586 1705 2685 populo
1737 2600 2340 2687 romano²,atque
2371 2617 2520 2664 una

384 2724 565 2772 voce
609 2703 990 2771 revocavit.
1052 2702 1173 2770 Me
1207 2698 1400 2768 idem
1434 2713 1724 2772 senatus
1757 2701 2016 2774 exteris
2061 2701 2518 2793 nationibuS,

386 2833 507 2882 me
548 2811 797 2908 legatis
835 2808 1516 2908 magistratibusque
1563 2812 1828 2884 nostris
1871 2815 2300 2886 auctoritate
2348 2839 2474 2886 sua
2495 2867 2515 2899 ,

388 2920 895 2993 consularibus
922 2921 1181 3010 literis»,
1211 2943 1398 3008 non,
1430 2933 1530 2990 ut·
1548 2933 1630 2991 tu
1660 2921 1966 2994 Insuber
1984 2917 2012 2966 ³
2039 2920 2280 2994 dicere
2304 2947 2522 2996 ausus

463 3107 543 3140 xo.
569 3093 632 3140 Ue
656 3107 823 3140 omnes
850 3101 1233 3140 exsecrarentur.
1259 3095 1404 3141 Inve-

388 3170 474 3218 nio
501 3170 742 3234 duplicem
769 3171 915 3219 fuisse
948 3169 1293 3219 exsecrationis
1324 3189 1405 3221 ra·

389 3250 569 3298 tionem
586 3266 679 3314 qua
701 3251 1118 3314 prosequebantnr
1136 3261 1365 3300 exeuntes
1384 3266 1400 3302 τ

386 3327 585 3376 alteram
625 3329 981 3376 tumultuariam
998 3364 1012 3388 ‚
1060 3338 1109 3377 et
1152 3343 1255 3378 non
1302 3340 1401 3378 tam

386 3407 588 3472 publico
614 3408 916 3470 magistratus
942 3418 1199 3456 senatusve
1228 3410 1400 3456 consi·

384 3485 480 3545 lio,
508 3501 652 3550 quam
682 3485 927 3533 communi
953 3486 1111 3550 plebis
1144 3488 1395 3550 conspira-

386 3566 523 3614 tione
570 3574 865 3626 susceptam‚
903 3575 961 3612 ut
994 3565 1203 3630 contigit
1238 3567 1402 3616 Pisoni

386 3655 433 3694 et
452 3643 695 3693 Gabinio:
732 3642 929 3690 alteram
954 3643 1047 3692 rite
1064 3678 1079 3704 ,
1108 3645 1253 3694 certis
1278 3646 1402 3694 ceri-

384 3723 563 3772 moniis
588 3719 841 3784 verbisque
870 3733 1153 3787 conceptam
1180 3723 1286 3772 fleri
1320 3741 1402 3772 so-

382 3805 534 3855 litam.
553 3799 719 3851 Altera
740 3801 887 3848 tacito
904 3800 1063 3865 plebis
1078 3819 1338 3865 consensu,
1350 3815 1401 3854 et

382 3881 827 3930 admurmuratione
848 3879 1011 3930 fiebat.

460 3979 479 4010 ι
497 3978 545 4012 1.
576 3966 737 4011 Unam
764 3958 851 4007 eibi
880 3961 1015 4010 illam
1038 3961 1180 4010 viam
1204 3975 1254 4011 ee
1277 3981 1397 4029 per-

373 4052 595 4107 petuam.
620 4044 786 4105 Quum
812 4056 983 4089 omnes
1008 4052 1316 4105 expeterent,
1342 4055 1397 4093 nt

1491 3105 1636 3154 quam
1659 3091 1774 3139 vitm
1797 3089 1944 3139 finem
1967 3089 2228 3140 invenires.
2252 3091 2520 3142 Commode

1490 3169 1744 3216 Manutius
1799 3167 1934 3217 hune
1980 3185 2042 3216 ex
2097 3171 2268 3218 Nonio
2307 3171 2520 3236 Tui-pilii

1490 3261 1685 3295 versum
1731 3247 1919 3311 profert
1942 3283 1958 3308 ,
2005 3247 2288 3312 «Egi-edere
2321 3262 2336 3298 :
2371 3260 2520 3314 atque

1488 3326 1678 3374 utinam
1723 3327 1852 3375 istuc
1909 3337 2204 3393 perpetuum
2251 3327 2400 3378 itiner
2452 3331 2520 3378 sit

1489 3404 1609 3453 tibi!
1631 3427 1660 3449 a

1567 3501 1652 3534 n.
1679 3485 1856 3534 Potius.
1881 3484 2040 3536 Abest
2067 3487 2119 3534 in
2145 3487 2236 3534 Ms
2261 3487 2452 3541 Faeni.

1559 3567 1676 3615 XV.
1717 3581 1761 3615 ι.
1793 3567 1872 3614 Me
1899 3565 2126 3614 kalendis
2145 3565 2264 3628 jan.
2295 3569 2412 3631 Quo
2435 3567 2515 3616 die

1488 3645 1550 3692 Ρ.
1575 3642 1808 3692 Lentulus
1835 3642 2098 3708 Spinther,
2127 3656 2179 3692 et
2200 3646 2266 3708 Q.
2287 3644 2515 3695 Metellus

1486 3721 1658 3786 Nepos
1689 3723 2000 3772 consulatum
2023 3721 2260 3774 inierunt.
2277 3725 2378 3787 Qui
2411 3723 2513 3774 dies

1486 3815 1602 3869 post
1618 3805 1970 3870 profectionem
1987 3819 2144 3852 meam
2161 3805 2348 3870 primns
2375 3805 2502 3869 reip.

1486 3884 1626 3948 quasi
1647 3884 1826 3948 fugatis
1853 3882 2064 3931 tenebris
2089 3883 2276 3932 illuxit.

1558 3979 1610 4011 α.
1636 3964 1833 4013 Lallem.
1851 3961 2024 4027 populi
2045 3963 2256 4011 romani.
2353 3969 2366 3978 ·

1559 4045 1609 4092 3.
1633 4045 1777 4100 Non,
1813 4054 1870 4092 ut
1902 4054 1954 4090 m
1981 4043 2196 4091 Insuber.
2225 4039 2506 4090 Calventius

384 4123 436 4170 in
458 4121 539 4170 illa
560 4123 633 4169 via
653 4123 860 4186 perires,
888 4137 977 4170 uec
996 4121 1135 4186 prius
1152 4121 1283 4170 illins
1304 4123 1394 4174 vin
1481 4124 1674 4176 Pisonis
1693 4139 1813 4172 avus
1827 4133 2070 4172 maternus
2083 4137 2146 4169 ex
2159 4119 2314 4169 Gallia
2327 4120 2505 4168 Trans·
