2996 4694
482 404 616 477 262
1126 403 1224 469 M.
1275 402 1352 469 T.
1403 397 1959 469 CICERONIS

475 532 684 615 titia,
735 521 1072 623 superbia
1091 577 1110 610 ,
1163 520 1585 594 crudelitate
1638 518 1996 607 Gabinii⁹‚
2048 542 2251 617 poene
2302 518 2605 595 afflictos

467 638 616 735 jam
659 651 876 733 atque
927 656 1212 707 eversos
1263 630 1731 729 publicanos;
1777 630 2047 726 quibus
2090 630 2389 727 quidem
2430 656 2562 703 vos
2584 688 2604 719 ‚

473 750 552 819 in
599 748 714 818 his
767 744 1108 843 angustiis
1161 742 1492 827 aerarii¹⁰‚
1544 756 1785 812 tamen
1836 738 2277 811 subveniatis
2314 766 2605 813 necesse

476 873 630 945 est3
675 858 806 929 etsi
837 856 982 950 jam
1025 852 1272 925 multis
1321 876 1474 923 non
1514 854 1851 949 potestis,
1892 852 2021 947 qui
2056 868 2358 948 propter
2399 850 2603 921 illum

473 970 757 1041 hostem
793 979 1116 1046 senatus,
1150 962 1719 1034 inimicissimum
1747 960 2019 1031 ordinis
2047 962 2436 1058 equestris,
2474 960 2607 1033 bo-

474 1101 886 1174 norumque
919 1075 1288 1159 omnium,
1329 1095 1479 1144 non
1518 1068 1751 1140 solum
1790 1068 2019 1158 bona,
2054 1067 2179 1141 sed
2218 1070 2431 1139 etiam
2476 1068 2605 1139 ho-

474 1202 826 1261 nestatem
849 1196 912 1231 ¹¹
948 1185 1191 1257 miseri
1225 1180 1829 1280 deperdiderunt·
1860 1204 2047 1277 quos
2074 1204 2225 1251 non
2253 1184 2604 1276 parcimo-

471 1300 631 1386 nia,
683 1321 836 1368 non
885 1291 1373 1379 continentia,
1425 1315 1579 1362 non
1629 1292 1887 1377 virtus,
1944 1314 2099 1361 non
2153 1278 2397 1377 labor,
2451 1314 2601 1361 non

471 1405 816 1505 splendor
857 1406 1043 1475 tueri
1092 1404 1334 1501 potuit
1381 1416 1637 1473 contra
1684 1400 1875 1471 illius
1914 1400 2275 1471 helluonis
2310 1414 2382 1472 et
2419 1423 2603 1498 prae·

471 1515 682 1587 donis
731 1512 1122 1585 audaciam.
1177 1510 1419 1603 Quid?
1468 1512 1602 1608 qui
1644 1534 1719 1581 se
1766 1513 1979 1583 etiam
2032 1534 2231 1581 nunc
2266 1509 2604 1581 subsidiis

473 1625 928 1724 patrimonii,
991 1636 1114 1693 aut
1163 1623 1559 1693 amicorum
1614 1619 2121 1691 liberalitatem
2162 1632 2605 1705 sustentant,

468 1734 605 1804 hos
649 1734 886 1831 perire
933 1731 1336 1829 patiemur?
1383 1736 1490 1801 An
1515 1785 1534 1817 ‚
1585 1733 1643 1802 si
1682 1733 1809 1827 qui
1846 1728 1990 1801 frui
2034 1726 2409 1829 publico¹³
2452 1754 2603 1801 non

470 1844 710 1942 potuit
749 1866 882 1940 per
925 1841 1208 1911 hostem
1233 1896 1251 1927 ‚
1305 1840 1421 1912 hic
1470 1844 1733 1939 tegitur
1769 1843 1922 1939 ipsa
1962 1841 2119 1937 lege
2156 1839 2602 1912 censoriam:

469 1978 689 2052 quem
740 1953 800 2024 is
849 1951 992 2023 frui
1029 1976 1179 2022 non
1217 1952 1385 2021 sinit
1410 2005 1430 2038 ‚
1469 1956 1599 2049 qui
1650 1966 1793 2039 est,
1846 1950 2122 2052 etiamsi
2170 1976 2319 2022 non
2358 1950 2608 2051 appel-2

468 2063 680 2149 latur,
718 2063 982 2148 hostiS‚
1026 2062 1198 2133 huic
1241 2058 1412 2134 ferri
1444 2060 1793 2132 auxilium
1835 2084 1989 2131 non
2032 2061 2363 2157 oportet?
2402 2060 2601 2132 Reti-

471 2190 636 2247 nete
673 2168 972 2273 igitur-¹⁵
1017 2174 1092 2242 in
1135 2174 1506 2270 provincia
1541 2170 1813 2242 diutius
1848 2194 2017 2241 eum
2043 2225 2062 2258 ,
2102 2172 2230 2268 qui
2268 2170 2359 2244 de
2394 2172 2603 2243 sociis

1652 2353 1732 2386 ω.
1762 2338 2059 2388 &sternant
2088 2339 2355 2388 Sustentari
2380 2351 2430 2388 et
2458 2338 2607 2388 susti-

1575 2417 1681 2466 neri
1703 2417 1935 2468 dicuntur
1950 2419 2307 2483 quidun-iestis
2330 2419 2603 2468 rationibus

1574 2497 1625 2544 in
1664 2498 1775 2546 foro
1794 2531 1811 2556 ‚
1852 2509 1938 2547 aut
1978 2499 2213 2546 exercitio
2254 2498 2561 2562 vectigalium
2578 2533 2595 2556 ,

1574 2576 1891 2626 nihilominus
1922 2577 2001 2626 vel
2024 2577 2329 2625 adminiculis
2362 2579 2596 2640 patrimo-

467 2341 695 2392 seviebst
727 2340 941 2402 bellum,
979 2350 1029 2388 et
1069 2349 1172 2387 tota
1203 2349 1383 2386 vastata
1416 2349 1494 2386 est

469 2425 500 2472 J
504 2423 660 2471 udaea.

539 2517 591 2561 9.
637 2497 738 2545 Sed
773 2495 1005 2544 avaritia.
1028 2529 1040 2540 .
1063 2527 1076 2540 .
1117 2493 1330 2543 Gabinii.
1373 2495 1490 2542 Non

469 2579 590 2626 mihi
634 2579 826 2624 animus
862 2585 933 2622 est
974 2573 1236 2621 Gabinium
1287 2573 1339 2619 in
1383 2573 1488 2621 sliis

469 2670 673 2720 purgare
691 2689 704 2710 ‚
735 2653 821 2701 sed
845 2653 896 2699 in
925 2651 1242 2715 vectigalibus
1265 2652 1412 2700 nudis
1439 2663 1490 2700 et

469 2733 702 2782 famelicis
751 2731 1012 2779 liberandis
1060 2747 1162 2779 sese
1210 2731 1488 2779 Romanum

471 2813 648 2876 gessitg
688 2811 864 2860 Cicero
903 2819 1062 2857 sutem
1107 2823 1199 2858 nec
1238 2811 1353 2870 iroe,
1395 2827 1486 2859 nec

469 2893 648 2955 linguae
677 2890 841 2954 potuit
879 2905 1092 2953 unquam
1119 2899 1415 2954 temperare,
1439 2902 1488 2939 et

467 2971 657 3019 foveam
689 2971 792 3034 ipse
827 2970 1032 3016 sulcavit
1065 2970 1119 3017 in
1146 2985 1240 3034 qua
1267 2971 1488 3035 sepultus

470 3059 558 3098 ut.

547 3143 624 3175 ιο.
641 3127 697 3173 In
717 3125 792 3173 kls
809 3125 1049 3192 angustiis
1070 3126 1252 3177 oemri‘t'.
1263 3129 1488 3178 Vatinius

469 3205 691 3256 tribunus
718 3205 876 3271 plebis
908 3223 970 3255 ex
997 3209 1164 3256 erario
1189 3209 1486 3273 stipendium

469 3287 648 3335 Cossi-i
697 3287 750 3333 in
802 3287 1192 3350 quinquennium
1253 3287 1483 3352 erogavit.

465 3365 672 3414 Clodius
708 3367 906 3414 trientes
939 3376 988 3414 et
1019 3367 1235 3415 semines
1271 3367 1456 3413 remisit
1469 3400 1484 3424 ‚

467 3459 562 3508 qna
593 3445 696 3508 lege
730 3445 900 3507 quinta
941 3461 1098 3510 prope
1129 3461 1242 3510 pars
1274 3445 1483 3506 vectiga-

467 3524 584 3572 lium
607 3522 795 3571 sublata
817 3535 915 3582 est,
937 3541 963 3571 e
983 3524 1159 3588 quibus
1173 3525 1273 3585 jam
1293 3522 1482 3570 tertiam

467 3615 650 3666 partem
673 3603 833 3650 Coessr
849 3619 980 3651 anno
997 3605 1243 3668 superiore
1263 3599 1483 3648 detraxe-

467 3694 556 3731 rat.
592 3680 733 3728 Adde
775 3684 1028 3746 pecuniam
1065 3697 1165 3729 non
1201 3679 1360 3727 solum
1396 3680 1482 3726 sti-

465 3759 633 3825 pendii
653 3795 668 3820 ,
722 3762 806 3809 sed
861 3763 1008 3810 etiam
1060 3760 1232 3808 vssarii
1285 3759 1482 3806 nomine

466 3841 629 3888 Pisoni
651 3851 698 3887 et
715 3840 928 3889 Gabinio
948 3839 1251 3898 attributam,
1275 3849 1370 3886 etc.

542 3936 626 3968 η.
672 3921 1000 3968 Honeseaeem.
1047 3918 1107 3966 Id
1153 3929 1224 3965 est
1243 3952 1259 3978 ,
1303 3933 1483 3968 nomen

466 4000 641 4063 equitis
665 3998 854 4046 romani
875 4008 924 4044 et
949 3997 1231 4060 dignitatern
1256 3998 1482 4062 perdere,

461 4079 514 4125 in
560 4079 672 4126 soro
716 4091 816 4124 non
865 4091 1008 4140 posse
1055 4079 1316 4126 consistere
1333 4113 1348 4138 ,
1391 4095 1482 4126 nec

461 4155 626 4204 locum
651 4171 790 4202 suum
811 4155 955 4202 tueri.

1574 2655 1675 2714 nii,
1710 2657 1788 2704 vel
1826 2657 2094 2704 amicorum
2133 2654 2420 2702 liberalitate
2460 2671 2599 2703 snam

1576 2747 1773 2785 tuentur
1796 2737 2111 2784 honestatem.
2149 2735 2243 2781 Pro
2266 2734 2469 2782 Rabirio
2496 2737 2601 2783 Po·

1572 2826 1735 2864 sturno
1767 2831 1781 2864 ε
1824 2837 1849 2857 α
1870 2815 2093 2876 Equitem
2136 2827 2415 2860 romanum.
2436 2849 2449 2860 .
2472 2851 2486 2862 .
2522 2814 2596 2862 ls-

1572 2894 1767 2942 bentsm
1792 2893 2015 2956 excepit,
2048 2905 2275 2940 corruere
2308 2907 2409 2940 non
2446 2893 2597 2952 sivit,

1572 2973 1705 3021 fulsit
1726 2983 1777 3020 et
1798 2972 2028 3020 sustinuit
2050 2987 2101 3019 re
2114 3007 2128 3028 ‚
2154 2972 2349 3020 fortuna
2363 3007 2377 3030 ,
2402 2970 2502 3020 fide
2518 2995 2562 3021 n.

1650 3054 1729 3100 13.
1752 3049 1868 3098 Frui
1878 3048 2089 3114 publico.
2108 3051 2221 3108 Est,
2241 3051 2429 3099 fructus
2448 3053 2601 3100 vecti·

1572 3132 1747 3196 galium
1771 3131 2080 3196 publicorum
2107 3131 2212 3178 sine
2244 3131 2597 3195 impedi-ento

1570 3211 1835 3275 percipere.

1648 3295 1727 3344 ¹4·
1755 3291 1879 3354 Lege
1904 3287 2144 3335 censor-ia.
2192 3289 2497 3346 -Censores‚
2542 3299 2599 3337 nt

1568 3383 1735 3432 ugrum
1764 3367 2016 3431 publicum
2046 3367 2306 3415 fruendum
2350 3368 2595 3427 locarent,

1567 3464 1631 3495 ex
1650 3447 1936 3494 auctoritate
1958 3457 2152 3511 patrum
2173 3447 2328 3496 latum
2350 3447 2413 3496 sd
2438 3461 2595 3511 popu-

1567 3527 1670 3574 lum
1696 3536 1769 3574 est
1788 3548 1831 3574 n.
1859 3527 2054 3586 Livius,
2097 3527 2188 3575 lib.
2218 3527 2437 3577 xxvn.
2468 3526 2597 3574 Cen·

1567 3619 1699 3652 sores
1723 3605 1897 3668 quinto
1920 3621 2051 3654 snno
2070 3605 2299 3654 suctione
2333 3604 2596 3652 constituta

1564 3685 1838 3749 public-anis
1858 3685 2105 3749 vectigalia
2120 3685 2269 3735 certis
2286 3681 2597 3750 pactionibus

1569 3763 1812 3814 locabant.
1856 3767 1922 3813 Ea
1959 3765 2215 3814 dicebatur
2240 3765 2319 3812 lex
2347 3763 2562 3810 censoria
2576 3795 2593 3822 ‚

1570 3841 1623 3890 id
1668 3853 1743 3913 est
1758 3879 1773 3903 ‚
1826 3846 1956 3893 actio
1973 3881 1989 3907 ,
2036 3855 2233 3908 pactum
2254 3875 2267 3900 ,
2320 3851 2597 3890 contractus

1570 3937 1823 3970 censorum
1842 3939 1953 3970 cum
1967 3922 2243 3987 publicanis
2256 3921 2366 3982 jure
2382 3921 2557 3968 sactus.

1648 4003 1725 4050 1⁵.
1762 4003 1974 4049 Retinete
1998 4001 2161 4066 igitur.
2192 3999 2457 4049 Concessio
2489 3999 2593 4046 iro·

1570 4081 1695 4128 nica.
1730 4081 1797 4128 Ut
1824 4097 1917 4145 pro
1940 4083 2133 4128 Domo:
2158 4101 2183 4120 α
2205 4078 2415 4127 Probate
2440 4093 2594 4142 genus

1572 4159 1866 4224 adoptionis.
1888 4159 1995 4207 Jam
2032 4159 2249 4205 omnium
2274 4171 2404 4206 sacra
2438 4159 2589 4206 inter·
