2996 4694
815 383 1209 454 ORATIO
1256 384 1462 452 PRO
1519 386 1610 473 Q.
1659 327 2128 454 LIGARIO.
2401 379 2536 482 587

398 505 475 578 id
514 529 609 579 ne
652 505 1160 603 impetremus,
1193 501 1654 603 pugnabis⁶?
1697 519 1770 576 et
1803 505 1880 576 iu
1917 519 2246 576 nostrum
2283 503 2539 576 fletum

402 617 805 714 irrumpes?
840 629 913 686 et
954 639 1091 686 nos
1120 615 1443 710 jacentes
1480 615 1572 686 ad
1611 614 1834 713 pedes
1857 668 1877 701 ‚
1913 615 2325 714 supplicum
2361 639 2541 688 voce

399 723 873 826 prohibebis?
2035 727 2048 750 '

382 901 390 912 .
496 837 603 922 Si,
648 857 881 932 quum
921 832 1067 906 hoe
1112 831 1317 904 domi
1361 832 1804 923 faceremus,
1851 834 2052 933 quod
2091 848 2166 906 et
2201 832 2500 908 fecimus
2522 891 2543 924 ‚

310 993 315 996 -
402 961 473 1018 et
494 1002 515 1036 ,
564 960 649 1017 ut
694 970 946 1044 spem,
1002 967 1155 1015 non
1208 941 1471 1016 frustra
1506 942 1850 1030 fecimus,
1886 959 1966 1018 tu
2005 944 2400 1043 derepente
2441 947 2544 1016 ir-

401 1057 717 1156 rupisses
738 1109 758 1144 ,
798 1068 873 1128 et
898 1053 1205 1126 clamare
1246 1055 1588 1153 coepisses
1630 1081 1646 1124 :
1685 1060 1941 1142 Caesar,
1976 1079 2145 1128 cave
2173 1057 2544 1153 ignoscas3

404 1192 573 1240 cave
616 1183 690 1242 te
719 1166 1022 1240 fratrum
1042 1221 1063 1255 ‚
1104 1189 1239 1264 pro
1280 1163 1518 1236 fratris
1546 1165 1778 1238 salute
1806 1163 2378 1253 obsecrantium,
2407 1166 2546 1236 mi-

402 1292 726 1351 sereatur
794 1303 811 1346 ε
872 1300 1125 1349 nonne
1193 1299 1485 1347 omnem
1571 1275 2100 1348 humanitatem
2179 1273 2550 1348 exuisses?

404 1402 682 1485 quanto
722 1387 872 1460 hoe
920 1386 1208 1474 durius,
1254 1385 1458 1483 quod
1510 1409 1646 1456 nos
1687 1385 1888 1456 domi
1935 1384 2250 1482 petimus
2272 1437 2295 1470 ‚
2347 1383 2418 1454 id
2471 1398 2546 1455 te

402 1501 481 1568 in
525 1495 688 1571 foro
734 1521 1159 1597 oppugnare
1182 1495 1261 1566 ⁷?
1309 1510 1385 1567 et
1418 1497 1497 1566 in
1530 1495 1652 1567 tali
1703 1491 2036 1567 miseria⁸
2103 1494 2546 1580 multorum,

402 1607 817 1707 perfugium
848 1605 1357 1679 misericordia:
1386 1606 1694 1678 tollere?

498 1719 751 1790 Dicam
814 1717 1063 1815 plane,
1121 1721 1199 1788 C.
1249 1720 1507 1804 Caesar,
1549 1713 1750 1812 quod
1811 1719 2072 1788 sentio.
2124 1717 2244 1788 Si9
2285 1718 2361 1788 in
2409 1715 2550 1788 hae

404 1843 604 1899 tanta
646 1842 772 1898 tua
828 1825 1125 1898 fortuna
1174 1825 1427 1897 lenitas
1472 1839 1672 1896 tanta
1715 1849 1870 1895 non
1920 1840 2148 1912 esset,
2201 1840 2548 1922 quantam

407 1951 487 2006 tu
524 1961 657 2034 per
690 1943 865 2022 te¹⁰,
914 1959 1048 2034 per
1084 1951 1191 2022 te,
1232 1936 1570 2031 inquam,
1613 1930 1904 2006 obtines
1929 1935 2334 2032 (intelligo,
2371 1936 2549 2032 quid

406 2047 667 2143 loquar
688 2046 833 2144 Π),
868 2043 1331 2116 acerbissimo
1358 2042 1566 2114 luctu
1595 2039 2036 2112 redundaret
2069 2044 2200 2112 ista
2225 2042 2547 2113 victoria.

410 2160 647 2247 Quam
688 2155 899 2227 multi
944 2157 1139 2225 enim
1194 2168 1433 2226 essent
1478 2151 1570 2224 de
1623 2149 2069 2238 victoribus,
2110 2151 2236 2246 qui
2277 2165 2349 2222 te
2385 2177 2551 2222 cru-

409 2265 643 2338 delem
684 2289 841 2338 esse
869 2264 1178 2351 vellent,
1215 2287 1447 2361 quum
1488 2263 1712 2333 etiam·
1735 2259 1824 2332 de
1855 2262 2061 2333 victis
2085 2270 2146 2304 ¹²
2179 2259 2548 2359 reperian-

408 2377 578 2448 tur?
630 2400 853 2475 quam
902 2376 1155 2461 multi,
1206 2376 1377 2473 qui,
1418 2366 1666 2471 quum*
1711 2396 1752 2443 a
1813 2388 1886 2443 te
1942 2372 2218 2443 nemini
2272 2372 2552 2467 ignosci

408 2485 716 2572 vellent,
770 2484 1209 2585 impedirent
1259 2484 1714 2557 clementiam
1766 2497 2004 2570 tuam,
2051 2503 2282 2577 quum
2333 2482 2550 2553 etiam

409 2597 498 2683 ii,
530 2595 801 2693 quibus
836 2600 993 2695 ipse
1029 2595 1398 2694 ignovisti,
1430 2594 1672 2664 nolint
1709 2606 1780 2663 te
1823 2592 1900 2663 in
1933 2591 2114 2663 alios
2145 2614 2301 2665 esse
2339 2596 2549 2665 mise-

406 2706 766 2779 ricordem
788 2707 817 2776 i>
1525 2785 1530 2787 .

508 2816 729 2907 Q'uod
791 2818 850 2888 si
913 2814 1225 2915 probare
1246 2811 1307 2859 ¹³
1375 2815 1632 2887 Caesari
1691 2836 2109 2914 possemuS‚
2169 2813 2246 2883 in
2312 2810 2552 2887 Africa

411 2927 773 3024 Ligarium
798 2928 1105 2998 omnino
1124 2950 1275 2997 non
1293 2922 1554 3009 fuisse;
1581 2924 1640 2993 si
1661 2922 1974 2995 honesto
2007 2935 2080 2993 et
2107 2922 2552 2995 misericordi

410 3036 786 3109 mendacio
852 3036 1065 3107 saluti
1126 3036 1299 3107 civis
1353 3034 1750 3105 calamitosi
1831 3029 2244 3103 consultum
2306 3054 2460 3103 esse
2484 3030 2550 3089 ¹4

482 3174 533 3223 6.
579 3172 843 3239 Peegnabn's.
893 3174 983 3222 nis
1028 3171 1188 3220 verbis
1229 3170 1435 3219 Cauris
1521 3167 1808 3225 clementia,
1833 3166 1921 3214 sed
1949 3164 2008 3213 'ei
2039 3164 2184 3213 imit·
2217 3175 2268 3213 et
2297 3167 2550 3219 naturalia.

408 3253 784 3303 benivolentiam
806 3252 899 3301 sibi
921 3252 1153 3303 conciliat
1166 3285 1183 3310 ,
1205 3250 1431 3300 Tubero·
1598 3262 1620 3295 1
1633 3262 1682 3295 ι.
1721 3246 1855 3309 Quid
1880 3246 2071 3309 loquar.
2098 3245 2276 3295 Verbis
2297 3246 2398 3295 illi·
2421 3248 2554 3299 indi·

411 3348 617 3396 nemque
638 3333 689 3379 in
710 3331 879 3380 odium
897 3332 1115 3385 adducit.
1521 3336 1600 3374 cat
1647 3326 1808 3374 socios
1843 3324 2068 3375 victoria
2123 3340 2228 3373 non
2271 3342 2373 3375 esse
2408 3344 2554 3393 eque

486 3428 533 3472 ⁴7.
574 3412 655 3459 Sic
685 3413 875 3461 Emest.
906 3426 999 3478 pro
1028 3410 1163 3474 vulg.
1192 3408 1403 3457 lectione
1418 3442 1435 3467 ,
1520 3404 1888 3463 misericorde„
1924 3406 2164 3455 ennam
2195 3415 2354 3454 autem
2367 3442 2384 3471 ,
2409 3409 2550 3458 nullo

412 3490 470 3538 id
484 3507 519 3538 a
544 3500 593 3537 te
614 3487 796 3554 infore
819 3489 1119 3557 oppugnat-1⁸,
1140 3504 1287 3554 quum
1306 3488 1431 3539 lau.
1521 3484 1830 3550 impellente,
1856 3500 1960 3533 οῦκ
1983 3482 2298 3535 lenissimum.

412 3569 637 3619 servavit.
654 3571 705 3617 J.
724 3571 786 3615 V.
811 3571 869 3618 1..
1362 3584 1377 3607 ο
1600 3580 1680 3615 12.
1703 3565 1867 3613 Etiam
1885 3564 1947 3613 de
1962 3564 2122 3614 w'ett's.
2144 3567 2311 3628 Quum
2328 3565 2551 3615 'saliem-

484 3649 533 3697 8.
590 3644 701 3693 Tali
742 3645 935 3695 miseria
974 3646 1250 3695 multorum.
1282 3644 1435 3695 Multi
1521 3660 1608 3693 nes
1631 3646 1718 3709 qui
1743 3645 1860 3693 vieti
1885 3661 1914 3694 a
1941 3656 1991 3693 te
2015 3645 2244 3705 fuerunt,
2271 3646 2454 3709 quique
2477 3647 2551 3694 vi-

410 3728 541 3777 enim
571 3726 855 3791 Pompeiani
888 3725 955 3773 ad
985 3726 1189 3774 Caesaris
1221 3725 1433 3774 clemen·
1521 3734 1620 3771 tam
1641 3725 1969 3773 misericordi·
1991 3735 2072 3773 tun
2091 3734 2276 3773 unt-m
2295 3725 2546 3785 obtinent,

412 3808 527 3856 tiam
540 3841 556 3865 ,
570 3815 816 3870 tamquam
827 3805 891 3854 ad
908 3804 1201 3853 tutin-imum
1218 3813 1434 3869 portum,
1522 3812 1572 3851 te
1587 3804 1642 3851 in
1658 3804 1784 3852 alio·
1799 3803 2066 3853 accendere
2083 3814 2339 3851 conantur.

410 3886 750 3948 confugerant.
1601 3883 1680 3931 13.
1716 3882 1863 3946 Quod
1883 3881 1929 3929 si
1946 3882 2179 3946 probare.
2207 3882 2260 3927 Si
2283 3880 2412 3929 mad
2435 3896 2552 3945 per-

484 3981 533 4029 9.
572 3962 761 4011 Laudat
793 3961 1005 4026 Quintil.
1038 3964 1187 4021 VIII,
1235 3972 1299 4021 4,
1338 3962 1432 4025 85,
1525 3960 1730 4009 sundere
1751 3958 1930 4011 cae-nri
1947 3975 2218 4024 ponemus.

417 4042 641 4107 Quodsi.
658 4045 709 4091 J.
734 4043 801 4091 V.
824 4042 883 4091 1..
1601 4055 1622 4086 ι
1635 4048 1683 4097 4.
1711 4040 1901 4089 Ernest.
1921 4037 2102 4087 delevit
2123 4052 2226 4085 esse
2239 4070 2256 4093 ,
2283 4052 2420 4087 more
2439 4054 2552 4089 suo.

492 4137 568 4170 ιο.
588 4124 679 4169 Per
692 4132 759 4169 ee.
778 4122 895 4171 Non
912 4120 1135 4169 simulata
1150 4130 1225 4169 est
1240 4122 1438 4171 Cauris
1525 4120 1576 4170 J.
1594 4122 1658 4169 V.
1683 4120 1738 4167 1..
