2996 4694
466 371 553 456 ιι,
1082 369 1177 438 Μ.
1228 369 1307 436 T.
1360 370 1948 442 CICERONIS

457 506 677 588 atque
720 489 890 576 otii3
926 487 1552 587 contendamque‚
1593 496 1652 564 si
1691 490 1912 564 modo
1950 493 2024 564 id
2065 496 2414 590 consequi
2450 516 2582 591 po-

457 617 656 688 tero,
694 613 776 670 ut
816 600 891 669 in
935 597 1072 670 bac
1110 597 1411 672 confusa
1445 615 1665 698 atque
1697 599 2079 674 universa³
2121 599 2579 686 defensione,

458 709 640 782 nihil
664 733 707 781 a
733 733 887 796 me,
921 705 1123 806 quod
1154 705 1245 780 ad
1274 724 1584 781 vestram
1611 714 2114 808 quaestionem3
2143 710 2355 798 nihil,
2384 709 2586 807 quod

456 817 549 890 ad
605 841 855 907 reum;
914 817 1136 905 nihil,
1194 816 1397 915 quod
1450 817 1544 890 ad
1601 820 2126 919 rempublicam
2179 825 2536 921 pertineat
2563 873 2586 908 ,

456 929 1015 1029 praetermissum
1068 951 1227 1000 esse
1278 927 1627 1001 videatur.
1679 935 1770 1002 Et
1808 935 2154 1028 quoniam
2205 933 2280 1001 in
2323 931 2590 1028 gravis-

458 1040 656 1112 simis
718 1035 1167 1137 temporibus
1230 1037 1534 1110 civitatis
1555 1093 1576 1129 .,
1644 1053 1862 1138 atque
1918 1043 1994 1111 in
2049 1041 2276 1111 ruinis
2324 1063 2586 1111 eversae

406 1144 409 1148 ⁵
460 1165 681 1250 atque
724 1147 1000 1222 afflictoe
1041 1145 1455 1245 reipublicae
1478 1155 1511 1202 ⁴
1554 1155 1630 1221 P.
1685 1153 1902 1221 Sextii
1939 1150 2344 1223 tribunatus
2389 1164 2495 1221 est
2541 1174 2586 1222 a

459 1259 753 1333 fortuna
774 1255 962 1357 ipsa⁵
984 1257 1376 1330 collocatus
1394 1287 1415 1348 3
1434 1284 1587 1331 non
1615 1261 1988 1358 aggrediar
2012 1260 2102 1333 ad
2129 1262 2248 1332 illa
2271 1261 2588 1332 maxima

460 1386 679 1468 atque
698 1363 1161 1466 amplissima⁶
1190 1369 1431 1467 prius,
1450 1393 1675 1467 quam
1703 1371 2042 1458 docuere,
2071 1372 2340 1470 quibus
2363 1371 2581 1442 initiis

460 1503 546 1552 ac
580 1477 1069 1550 fundamentis
1107 1476 1217 1548 hae
1249 1491 1463 1551 tantae
1503 1483 1800 1553 summis
1835 1483 1912 1552 in
1940 1480 2158 1553 rebus
2187 1480 2434 1554 laudes
2461 1506 2580 1554 ex·

459 1591 687 1662 citatae
712 1601 736 1646 ⁷
785 1588 954 1658 sint.

552 1703 677 1770 III.
724 1699 1021 1769 Parente
1051 1700 1130 1770 P.
1168 1700 1449 1771 Sextius
1484 1713 1693 1772 natus
1723 1716 1874 1791 est,
1899 1729 1926 1799 J
1939 1687 2180 1775 udices
2205 1757 2226 1790 ‚
2258 1701 2586 1787 homine,

462 1822 546 1880 ut
601 1807 933 1906 plerique
993 1809 1456 1897 meministis,
1508 1823 1582 1880 et
1629 1813 1991 1910 sapiente,
2045 1827 2117 1885 et
2173 1827 2461 1900 sanctu,
2512 1824 2588 1883 et

464 1941 767 1990 severo:
824 1917 989 2013 qui,
1038 1940 1271 2013 quum
1330 1915 1664 1992 tribunus
1723 1919 1956 2019 plebis
2011 1925 2329 2022 primus⁸
2398 1924 2588 1993 inter

531 2115 583 2161 3.
622 2106 834 2175 Confiesa
862 2120 1009 2174 atque
1034 2107 1267 2156 universa.
1295 2109 1353 2157 In
1380 2125 1479 2173 qua

460 2208 563 2242 non
588 2191 650 2239 de
666 2205 767 2239 uno
785 2199 871 2236 eut
891 2188 1043 2235 altero
1068 2187 1269 2235 crimine
1292 2200 1479 2254 agetur,

461 2274 547 2324 sed
564 2271 627 2320 de
648 2269 783 2318 omni
802 2278 930 2316 statu
946 2267 1002 2316 P.
1022 2266 1175 2315 Sextii
1189 2301 1203 2324 ‚
1228 2266 1289 2318 de
1308 2284 1481 2332 genere

462 2356 575 2403 vitae
590 2388 605 2414 ,
632 2352 693 2402 de
716 2358 917 2407 natura,
942 2358 1039 2396 etc.
1067 2363 1177 2411 qnae
1196 2347 1301 2412 ipsa
1320 2357 1481 2397 tamen

460 2435 527 2484 ita
544 2446 739 2498 agemus
751 2462 768 2490 ,
785 2438 839 2476 nt
850 2460 865 2486 ,
887 2426 1025 2491 qnod
1043 2426 1107 2475 ad
1124 2438 1333 2477 vestram
1350 2445 1481 2493 quae·

458 2515 667 2563 ctionem
693 2508 905 2573 pertinet
944 2505 1199 2570 (quaeritis
1224 2517 1385 2555 antem
1417 2508 1480 2557 de

458 2593 543 2651 vi,
566 2600 617 2637 et
645 2589 719 2633 vis
744 2586 799 2631 in
832 2584 929 2631 hoc
948 2583 1142 2643 jndicio
1160 2584 1411 2642 judicatur
1428 2586 1477 2647 ),

461 2668 597 2735 quod
612 2667 729 2713 item
749 2664 982 2728 adipsum
1003 2680 1133 2710 reum
1151 2698 1166 2722 ,
1179 2664 1277 2711 hoc
1296 2674 1394 2723 est,
1412 2664 1476 2712 ad

459 2764 515 2798 ea
529 2782 544 2806 ,
590 2762 700 2811 qnae
744 2760 828 2793 reo
880 2741 1196 2803 objiciuntur,
1240 2743 1440 2790 crimina
1457 2776 1473 2800 ,

460 2826 593 2892 qnod
637 2825 783 2875 etiem
815 2822 890 2887 ‘ad
934 2822 1285 2887 rempublicam
1302 2854 1319 2882 ,
1353 2820 1476 2869 nihil

461 2906 898 2974 protei-mittamus.

533 2992 583 3041 4.
608 2981 912 3033 Gravissimis
936 2980 1227 3047 temporibus
1244 2980 1473 3037 civitatis,

460 3078 611 3131 atque
646 3064 697 3112 in
730 3062 882 3111 minis
908 3078 1079 3111 ecaersoe
1104 3071 1254 3125 aeque
1273 3058 1479 3129 afficta

462 3144 760 3211 reipublica-
808 3142 922 3191 Non
966 3152 1039 3191 est
1072 3156 1481 3205 supervacaneum

461 3223 765 3291 reipublicoe,
790 3223 903 3285 qnia
931 3220 1107 3269 dixerit
1134 3219 1339 3267 civitatis
1354 3236 1374 3267 .·
1394 3220 1480 3268 sed

464 3315 540 3352 est
569 3298 883 3365 amplificatio
914 3297 1135 3363 qnaedam
1160 3311 1175 3347 ε
1220 3298 1331 3361 quia
1368 3297 1481 3363 plus

463 3392 537 3431 est
570 3382 623 3429 in
658 3378 904 3443 republica
924 3411 941 3438 ,
976 3392 1121 3441 qnam
1158 3376 1211 3424 in
1250 3377 1478 3427 civitate:

463 3460 683 3510 similiter
702 3468 759 3506 nt
784 3472 937 3521 quum
965 3454 1092 3504 dixit
1118 3454 1296 3515 ruinis,
1330 3472 1483 3521 quum

462 3539 665 3589 dixisset
698 3537 801 3598 jem
828 3534 1126 3601 gravissimis
1154 3535 1481 3599 temporibus.-

463 3618 573 3685 plns
588 3616 719 3666 enim
739 3615 991 3678 aliquanto
1010 3612 1284 3679 significant
1302 3606 1481 3674 risina,

460 3714 606 3764 quam
626 3694 919 3761 gravissima
940 3704 1155 3757 tempora
1172 3708 1191 3741 .·
1214 3702 1263 3741 et
1286 3702 1361 3741 est
1381 3692 1479 3741 hoc

459 3776 689 3829 Ciceroni
709 3773 777 3823 ob
803 3773 1029 3822 eximiam
1067 3772 1251 3836 ingenii
1279 3772 1477 3823 uberta-

458 3868 557 3906 tem
596 3856 823 3905 usitatum
838 3884 855 3912 ,
900 3852 1205 3915 maximeque
1252 3850 1477 3916 frequens

458 3936 513 3985 in
535 3932 840 3984 orationibus
856 3940 1215 3979 ornamentum.

532 4016 581 4063 5.
635 4014 685 4063 A
720 4009 939 4078 fortuna
990 4010 1117 4075 ipsa.
1172 4006 1475 4059 Amicissima

456 4092 737 4159 reipnblicae
756 4107 868 4156 qna
889 4092 1057 4142 fecerit
1069 4126 1085 4153 ,
1104 4101 1157 4141 nt
1173 4124 1189 4153 ,
1216 4106 1317 4155 quo
1341 4106 1473 4141 anno

1567 2106 1774 2156 maxime
1819 2108 1994 2159 civitas
2041 2111 2248 2160 consilio
2299 2122 2442 2176 atque
2492 2126 2589 2176 ope

1567 2187 1746 2235 civium
1759 2189 2059 2252 optimorum
2075 2191 2340 2255 indigebat,
2357 2192 2400 2239 is
2419 2193 2588 2240 Sextio

1565 2269 1765 2332 petendi
1787 2270 2060 2320 tribunatus
2077 2287 2233 2320 annus
2249 2281 2390 2321 esset.

1640 2350 1690 2401 6.
1727 2351 1824 2399 Illa
1847 2350 2071 2399 maa-ima
2097 2364 2246 2416 atquc
2269 2350 2586 2414 amplissima.

1570 2429 1693 2491 Qnae
1730 2431 1876 2493 gessit
1907 2430 1959 2478 in
1996 2430 2271 2490 tribunatu,
2313 2446 2403 2492 pro
2433 2430 2588 2479 salute

1569 2506 1841 2565 Ciceronis,
1858 2507 1962 2571 lege
1983 2506 2155 2556 Clodia
2175 2506 2437 2555 exsulantis
2450 2542 2466 2567 ‚
2488 2508 2586 2557 hoc

1567 2596 1668 2644 est,
1697 2594 1752 2632 ut
1789 2586 1893 2647 ipse
1930 2585 2088 2649 ac'cipi
2125 2584 2262 2643 vult,
2297 2600 2390 2649 pro
2429 2587 2586 2638 salute

1565 2662 1774 2725 reipubl.
1816 2662 2068 2725 Significat
2114 2664 2273 2720 enim,
2317 2680 2402 2712 sua
2445 2682 2583 2717 causa

1564 2754 1718 2805 remp.
1745 2740 1912 2790 Sextio
1935 2742 2110 2791 debere
2134 2758 2147 2792 τ
2174 2745 2370 2809 quando
2387 2747 2585 2810 quidem

1565 2834 1670 2867 eam
1684 2836 1894 2869 eversam
1910 2834 2057 2887 atque
2073 2822 2299 2872 afflictam
2319 2835 2422 2873 tum
2436 2826 2584 2875 fnisse

1567 2898 1722 2963 dixit,
1756 2916 1906 2964 quum
1945 2920 1975 2951 a
2013 2904 2192 2953 Clodio
2232 2904 2402 2969 pulsus
2438 2922 2585 2953 exsu-

1565 2977 1712 3039 laret;
1738 2990 1944 3027 erectam
1967 2991 2149 3045 antem,
2177 2999 2330 3047 qnnm
2348 2984 2584 3033 rediisset.

1641 3074 1687 3119 7.
1724 3058 1987 3109 Excitatoe.
2011 3061 2139 3124 Quia
2166 3060 2382 3119 dixerat,
2413 3062 2588 3111 sunda·

1567 3139 1744 3187 mentis
1762 3174 1777 3198 ,
1826 3138 1942 3189 ideo
1993 3142 2241 3206 subjungit
2259 3177 2276 3205 ,
2327 3140 2581 3196 excitata,

1569 3219 1707 3283 quod
1727 3218 1924 3268 verbum
1943 3220 2008 3269 ad
2023 3238 2076 3269 ea
2094 3256 2108 3280 ,
2138 3238 2248 3285 quae
2270 3219 2587 3275 indificantur,

1567 3298 1695 3347 solet
1716 3298 2102 3360 accommodari,
2131 3310 2187 3348 ut
2212 3298 2299 3347 lib.
2336 3302 2385 3348 11
2414 3298 2474 3347 de
2501 3300 2588 3346 Le-

1571 3378 1749 3443 gibus:
1789 3400 1813 3421 ·
1845 3380 1918 3427 Ne
1953 3396 1982 3427 e
2015 3378 2176 3444 lapide
2211 3379 2409 3427 excitari
2445 3378 2588 3443 plns,

1571 3474 1661 3507 nec
1687 3459 1902 3523 imponi,
1933 3475 2082 3522 qnam
2119 3458 2258 3523 quod
2292 3459 2452 3522 capiat
2483 3458 2588 3507 leu-

1571 3537 1680 3586 dem
1699 3539 1878 3587 mortui
1907 3539 2106 3587 incisam
2127 3560 2172 3587 a.

1637 3620 1727 3665 ΠΙ.
1756 3632 1802 3665 ι.
1829 3618 2032 3667 Primus.
2065 3617 2256 3665 Honori
2283 3616 2586 3665 tribuebatur

1566 3696 1778 3761 primum
1793 3698 1918 3745 inter
1931 3696 2138 3761 collegas
2155 3698 2204 3743 in
2217 3696 2478 3762 adeptione
2493 3710 2587 3741 ma·

1569 3776 1794 3839 ‘istratus
1805 3776 1972 3824 locum
1983 3774 2217 3825 obtinere.
2233 3775 2378 3824 Unde
2391 3784 2510 3821 orat.
2531 3772 2586 3820 in

1567 3864 1678 3918 toga
1713 3854 1854 3903 cand-
1879 3855 1951 3903 sic
1981 3856 2248 3904 Antonium
2273 3851 2538 3914 alloquitur
2567 3865 2584 3901 t

1565 3954 1590 3973 ι
1612 3932 1782 3981 Nescis
1821 3948 1898 3981 me
1937 3943 2188 3997 pra-torem
2233 3929 2442 3994 primum
2483 3944 2584 3975 esse

1563 4010 1744 4060 sactum
1758 4047 1775 4072 ,
1801 4023 1848 4060 te
1871 4012 2186 4060 concessione
2206 4007 2586 4071 competitorum

1561 4100 1610 4139 et
1643 4090 1902 4141 collatione
1928 4088 2245 4159 collegarum,
2273 4096 2322 4135 et
2345 4100 2458 4138 mco
2479 4100 2584 4136 ma-

2973 2199 2983 2336 .—-—-
2981 2165 2983 2184 -
2981 2051 2983 2152 --
2981 1981 2983 1984 Α
