2996 4694
615 397 902 465 ORAT.
951 394 1080 461 DE
1127 390 1432 494 Pnov.
1483 392 2307 465 CONSULARIBUS.
2410 392 2553 465 263

421 540 586 589 cum
623 510 1060 599 hostibus-⁶,
1089 514 1183 585 de
1213 514 1490 585 civibus
1527 536 1693 585 eum
1720 516 1929 584 sociis
1948 524 2007 569 ¹⁷
2038 513 2247 585 faciat
2276 518 2551 613 pactio*-

421 650 580 711 nes;
623 630 756 724 qui
795 624 940 695 hoc
973 625 1186 694 etiam
1229 648 1306 693 se
1339 624 1571 721 pluris
1602 646 1757 695 esse
1782 617 1867 711 ¹⁸,
1904 646 2123 719 quam
2158 624 2553 721 collegam,

421 749 666 833 putet,
707 732 910 831 quod
945 732 1066 805 ille
1101 756 1232 803 vos
1263 732 1551 803 tristitia
1576 734 1933 829 vultuque
1962 732 2367 831 deceperit,
2398 738 2555 833 ipse

417 868 818 943 numquam
859 868 938 915 se
971 844 1242 931 minus»,
1283 865 1505 940 quam
1540 858 1729 931 emt,
1778 866 2093 940 nequam
2130 868 2289 915 esse
2324 848 2553 917 simu-

423 957 598 1027 larit.
651 959 818 1025 Piso
871 968 1116 1025 autem
1140 963 1206 1011 ¹9
1261 954 1402 1025 alio
1445 954 1767 1051 quodam
1810 954 2031 1025 modo
2067 956 2439 1053 gloriatur,
2474 980 2553 1029 se

419 1064 620 1135 brevi
669 1078 999 1161 tempore
1049 1062 1467 1160 perfecisse,
1508 1088 1605 1137 ne
1644 1068 1725 1135 A.
1770 1062 2123 1135 Gabinius
2157 1090 2351 1137 unus
2390 1088 2549 1137 om-

421 1176 622 1245 nium
663 1174 1148 1271 nequissimus
1184 1176 1734 1246 existimaretur.

513 1288 636 1354 VI.
681 1290 832 1355 Hos
865 1308 994 1355 vos
1031 1282 1122 1355 de
1157 1287 1581 1381 provinciis,
1622 1286 1683 1356 si
1716 1309 1869 1356 non
1902 1282 2289 1380 aliquando
2325 1284 2549 1383 deduf

419 1392 672 1465 cendi¹
719 1409 994 1478 essent,
1037 1392 1501 1492 deripiendos
1536 1419 1685 1467 non
1724 1395 2125 1493 putaretis?
2155 1410 2233 1467 et
2260 1394 2391 1465 has
2414 1396 2549 1465 du-

419 1504 638 1600 plices
673 1519 911 1601 pestes
929 1514 958 1545 ²
1003 1508 1398 1593 sociorum,
1444 1506 1755 1578 militum
1804 1506 2041 1579 clades
2061 1560 2080 1593 ‚
2118 1486 2549 1630 publicano-

421 1636 578 1683 rum
619 1614 864 1683 ruinas
883 1666 904 1697 ,
963 1614 1498 1710 provinciarum
1542 1618 1943 1703 vastitates,
1992 1617 2279 1714 imperii
2312 1640 2551 1687 macu-

425 1725 562 1809 las,
621 1724 1011 1795 teneretis?
1072 1730 1164 1795 At
1213 1724 1430 1797 iidem
1482 1744 1655 1812 vor»,
1708 1750 1908 1797 anno
1958 1730 2374 1825 superiore,
2418 1724 2553 1798 hos

421 1833 708 1905 eosdem
746 1834 1191 1906 revocabatis
1205 1832 1262 1923 ³,
1297 1857 1533 1932 quum
1568 1838 1644 1906 in
1684 1837 2091 1933 provincias
2115 1836 2263 1931 jam
2294 1858 2553 1933 perve-

421 2058 566 2106 ierint
581 2092 598 2115 ,
645 2072 860 2121 qnorum
907 2056 1134 2105 custodes
1177 2072 1268 2105 vos
1333 2074 1434 2105 esse

420 2136 606 2184 debetis
635 2159 678 2184 n.
719 2139 816 2185 Pro
861 2137 1050 2185 Milone
1079 2151 1094 2185 ε
1134 2159 1158 2177 «-
1176 2138 1426 2193 Excitate,

418 2216 624 2264 excitate
664 2232 776 2265 eum
819 2216 861 2263 si
895 2216 1098 2281 potestis
1141 2214 1203 2262 ab
1243 2216 1432 2264 inferis.

421 2286 663 2359 Frangetis
705 2296 937 2360 impetum
977 2294 1074 2343 vivi
1102 2331 1116 2353 ,
1172 2295 1312 2356 cujus
1347 2294 1434 2341 vix

416 2375 713 2422 sustinuistis
763 2375 910 2422 furias
966 2374 1232 2438 insepulti?
1257 2395 1283 2414 ο
1337 2375 1432 2420 Pro

417 2453 588 2506 Flacco
623 2469 638 2502 ε
684 2475 710 2494 α
735 2453 948 2502 Liteums
996 2455 1144 2517 igitur
1190 2452 1398 2500 Lentulo
1415 2485 1432 2512 ,

415 2543 722 2596 parentemns
744 2532 988 2596 Cethego,
1025 2547 1309 2580 revocemus
1331 2533 1433 2592 eje-

415 2623 548 2672 ctos,
569 2623 662 2659 etc.
687 2632 711 2652 ι

491 2693 576 2740 16.
629 2689 730 2755 Qui
763 2689 826 2737 dc
861 2689 1007 2738 sociis
1051 2707 1158 2737 cum
1198 2689 1430 2738 hostibus.

416 2773 578 2834 Quam
602 2769 664 2817 de
693 2769 839 2818 sociis
875 2784 988 2816 cum
1019 2767 1240 2817 hostibus
1265 2769 1431 2818 fecerit

419 2849 688 2914 pactione-
701 2864 800 2896 nou
813 2849 986 2912 liquet,
998 2864 1088 2894 nec
1106 2859 1270 2895 orator
1281 2847 1428 2896 ullam

415 2928 560 2990 hujus
583 2931 652 2976 ra·
677 2929 856 2976 fecerat
880 2927 1206 2988 mentionem;
1238 2927 1326 2989 qni
1353 2937 1428 2974 ta-

415 3025 526 3056 men
547 3009 616 3056 ita
639 3008 892 3057 concludit
913 3019 970 3056 ut
995 3006 1048 3054 id
1075 3022 1176 3054 uon
1195 3007 1430 3068 objecisse

415 3087 598 3146 solum,
625 3087 713 3135 sed
751 3089 895 3135 etiam
923 3086 1151 3151 probasse
1179 3085 1430 3148 videatur3

417 3165 499 3214 ubi
524 3167 860 3214 veteratoriam
889 3168 1095 3214 oratoris
1119 3165 1430 3214 calliditatem

415 3245 650 3294 advertas.

491 3339 571 3384 17.
607 3327 682 3372 De
706 3323 880 3374 civibus
905 3342 1014 3372 cum
1039 3322 1196 3373 sociis.
1232 3327 1308 3372 De
1331 3340 1430 3388 pu-

416 3403 618 3451 blicanis
629 3419 753 3467 quos
761 3406 896 3468 Syris
905 3416 951 3452 et
968 3407 1000 3454 J
1002 3403 1156 3452 udaeis
1167 3401 1429 3462 addixisse,

412 3481 532 3532 falso
554 3483 676 3531 dicit
695 3483 884 3532 Cicero.

492 3563 572 3610 18.
632 3564 692 3608 Se
729 3561 892 3624 pluris
929 3578 1051 3608 esse.
1097 3563 1212 3610 Sese
1261 3557 1430 3606 Pisoni

414 3639 608 3704 prefert
637 3641 876 3689 Gabinius
894 3675 910 3700 ,
943 3640 1078 3704 quod
1109 3639 1222 3688 Piso
1258 3639 1431 3686 frontis

413 3721 689 3778 severitate,
711 3719 973 3784 supercilio
1000 3729 1050 3765 et
1067 3716 1256 3766 virtutis
1279 3719 1431 3765 simu-

415 3799 592 3846 latione
618 3798 842 3846 homines
863 3798 1131 3860 deceperit,
1157 3809 1205 3844 et
1224 3795 1432 3862 adeptus

411 3877 559 3926 suerit
594 3889 692 3926 tam
728 3875 1030 3924 consulatum
1059 3891 1201 3938 quam
1227 3875 1430 3938 provin-

415 3955 566 4014 ciam3
589 3959 696 4022 ipse
717 3969 836 4002 vero
861 3951 1058 4001 eosdem
1083 3952 1295 4001 bonores
1317 3954 1432 4002 ade-

417 4045 528 4096 ptus
547 4035 719 4094 suerit,
742 4030 964 4098 quamvis
983 4041 1146 4092 aperte
1169 4031 1220 4078 in
1241 4048 1432 4082 omnem

416 4129 466 4159 se
491 4113 746 4162 libidinem
777 4121 828 4159 et
851 4105 1114 4172 nequitiam
1147 4109 1432 4161 effunderet.

1518 2055 1606 2104 Ille
1631 2058 1761 2105 enim
1784 2056 1947 2121 vulpis
1974 2058 2140 2119 instar,
2170 2056 2253 2104 bic
2274 2056 2431 2105 leonis
2456 2074 2550 2125 op·

1518 2136 1695 2200 pressit
1718 2134 2081 2198 rempublicam.

1568 2198 1577 2207 ’
1596 2230 1675 2277 19.
1711 2213 1826 2261 Piso
1862 2224 2043 2262 autem.
2081 2212 2295 2261 Advorte
2324 2213 2539 2279 lepidam

1518 2294 1843 2341 narrationem
1860 2327 1877 2353 ,
1931 2293 2069 2354 cnjus
2112 2292 2295 2356 leporis
2352 2292 2539 2339 fontem

1518 2373 1731 2422 ostendit
1750 2373 1812 2420 de
1829 2375 1965 2420 Orat.
1986 2375 2063 2421 11:
2082 2395 2107 2414 ιι
2130 2373 2181 2420 si
2201 2362 2399 2436 quando
2417 2364 2539 2435 quid

1516 2461 1760 2515 tamquam
1788 2452 1949 2516 aliqua
1978 2449 2150 2500 fabella
2178 2461 2421 2498 narratur.
2441 2486 2456 2499 .
2477 2484 2492 2499 .
2513 2486 2528 2499 .

1517 2519 1791 2597 perspicitis
1822 2533 1915 2580 hoc
1945 2547 2097 2596 genus
2134 2547 2279 2596 quam
2312 2531 2377 2578 sit
2412 2531 2538 2578 faee-

1517 2622 1621 2659 tnm
1636 2647 1651 2670 ,
1692 2628 1837 2675 quam
1874 2612 2169 2672 oratorium,
2215 2611 2315 2658 sive
2358 2607 2539 2658 babeas

1516 2707 1629 2738 vere
1644 2690 1781 2756 qnod
1798 2707 1990 2739 narrare
2007 2691 2192 2756 possis,
2216 2689 2355 2754 quod
2376 2701 2537 2738 tamen

1516 2782 1590 2819 est
1608 2769 2022 2818 mendaciunculis
2038 2767 2410 2836 aspergendum3
2436 2769 2539 2818 sive

1514 2849 1667 2915 fingas
1686 2886 1701 2910 ,
1744 2862 1839 2899 etc.
1856 2874 1881 2892 n
1920 2853 2037 2900 Non
2079 2851 2309 2898 suaserim
2355 2848 2539 2897 oratori

1514 2929 1789 2980 Christiano
1807 2931 1893 2994 qui
1908 2945 2171 2992 numquam
2186 2927 2380 2976 facetias
2393 2939 2541 2976 secta·

1512 3007 1649 3056 bitur
1665 3025 1775 3056 cum
1797 3009 2089 3056 detrimento
2110 3008 2341 3056 veritatis.

1584 3091 1672 3134 vl.
1712 3103 1760 3136 1.
1804 3085 2108 3135 Dedueendi.
2149 3087 2267 3134 Scil.
2304 3080 2427 3148 lege.
2467 3112 2537 3122 —

1514 3163 1849 3229 Derr’piendos.
1893 3165 1975 3212 vi.
2021 3165 2177 3227 Supra
2216 3158 2541 3212 detrahendos

1515 3245 1640 3292 dixit
1663 3241 1829 3291 eadem
1848 3243 1985 3292 vocis
2006 3243 2277 3291 atrocitate.

1587 3341 1636 3372 a.
1654 3323 1760 3370 Has
1778 3321 1993 3387 duple'ces
2006 3333 2179 3386 pestes.
2202 3318 2421 3370 Adverte
2438 3321 2540 3368 vim

1516 3403 1749 3451 orationis
1790 3413 1837 3449 et
1882 3399 2118 3470 ἐνέργειαν
2158 3399 2211 3447 in
2260 3399 2542 3451 nominibus

1517 3481 1771 3530 abstractis
1795 3491 1847 3530 et
1871 3479 2136 3542 translatis,
2158 3497 2185 3527 e
2207 3479 2389 3544 quibus
2406 3479 2542 3528 videa

1516 3564 1599 3612 bic
1654 3579 1758 3611 esse
1804 3559 2253 3626 recapitulationem
2294 3559 2540 3611 dictorum

1516 3643 1686 3707 paucis
1703 3641 1867 3689 verbis
1887 3639 2301 3704 comprehensam.
2382 3649 2389 3656 ’

1592 3721 1640 3768 3.
1682 3723 1782 3769 Hos
1822 3720 2011 3767 eosdem
2040 3719 2350 3768 amabatis.
2392 3720 2543 3767 Anno

1518 3799 1581 3847 ab
1608 3799 1741 3847 Urbe
1770 3799 1969 3847 condita
1993 3799 2115 3862 696.
2148 3801 2200 3847 Ρ.
2231 3797 2468 3854 Lentulo,
2494 3806 2546 3844 et

1524 3880 1589 3942 Q.
1624 3877 1827 3926 Metello
1860 3875 2051 3941 Nepote
2080 3875 2391 3934 consulibus,
2429 3875 2544 3924 Piso

1520 3968 1572 4006 et
1607 3957 1842 4005 Gabinius
1880 3969 1993 4005 acto
2039 3951 2295 4004 consulatu
2336 3953 2543 4017 profecti

1522 4037 1705 4085 suntin
1724 4037 2000 4100 provincias
2013 4070 2028 4093 ‚
2047 4051 2167 4099 quas
2187 4049 2287 4080 nou
2306 4049 2392 4096 per
2411 4049 2549 4081 sena-

1524 4127 1603 4163 tus
1615 4115 1799 4162 auctori
1806 4125 1949 4162 tatem
1965 4113 2275 4160 obtinuerant
2293 4109 2397 4175 lege
2416 4111 2546 4159 Sem·
