2996 4694
485 353 622 425 288
1115 356 1220 425 Μ.
1269 358 1347 425 Τ.
1399 360 1969 431 CICERONIS

481 478 638 572 ejus
685 476 896 564 actis,
947 491 1184 555 metus
1241 477 1497 551 caedis³
1542 479 1757 553 bonis
1802 482 2186 571 omnibus,
2231 487 2615 559 consulum

481 587 712 659 scelus
741 640 761 673 ‚
815 587 1207 684 cupiditas»,
1259 605 1572 688 egestam,
1624 590 1939 663 audacia.
1994 594 2067 663 Si
2103 618 2255 665 non
2296 620 2457 667 sum
2494 597 2615 669 ad·

469 698 710 793 jutus;
743 720 894 767 non
931 695 1189 769 debuit
1205 697 1256 769 4.
1299 702 1370 771 Si
1412 699 1832 789 desertus⁵;
1856 701 1995 773 sibi
2026 696 2328 778 fortasse
2365 710 2613 804 pcovi·

477 807 602 877 dit.
631 807 703 877 Si
731 810 948 879 etiam
979 824 1482 907 oppugnatuS,
1522 826 1607 881 ut
1650 811 1944 908 quidam
1983 828 2110 885 aut
2154 831 2450 913 putant,
2486 832 2618 888 aut

478 914 822 1005 volunt⁶;
873 917 1138 989 violata
1186 920 1498 991 amicitia
1544 934 1655 991 est
1676 974 1695 1008 ,
1750 924 1995 1021 accepi
2044 924 2420 1018 injuriam,
2476 926 2616 997 ini-

476 1028 704 1099 micus
739 1052 890 1099 esse
929 1025 1148 1099 debui
1175 1040 1229 1116 ⁷,
1275 1053 1428 1101 non
1473 1055 1683 1127 nego.
1736 1032 1912 1121 Sed,
1950 1034 2011 1104 si
2053 1034 2247 1105 idem
2299 1036 2419 1107 ille
2456 1050 2615 1107 tum

473 1162 590 1209 me
619 1137 894 1221 salvum
931 1162 1086 1209 esse
1122 1139 1387 1227 voluit,
1417 1165 1651 1237 quum
1686 1166 1813 1213 vos
1848 1168 1967 1213 me
1994 1198 2015 1232 ,
2056 1158 2141 1215 ut
2169 1146 2613 1217 carissimum

472 1244 746 1335 filium,
810 1244 1326 1320 desiderabatis
1350 1270 1386 1337 3·
1415 1264 1490 1320 et
1544 1250 1605 1321 si
1654 1274 1783 1321 vos
1833 1250 2053 1323 iidem
2108 1254 2469 1351 pertinere
2524 1253 2617 1325 ad

473 1380 760 1427 causam
821 1356 1016 1426 illam
1079 1356 1489 1454 putabatiS,
1552 1358 2001 1433 voluntatem
2058 1364 2133 1431 C.
2184 1357 2529 1434 Caesaris⁸
2572 1388 2615 1433 a

471 1464 701 1536 salute
743 1488 904 1535 mea
945 1490 1101 1536 uon
1143 1464 1580 1553 abhorrere;
1623 1484 1695 1542 et
1734 1473 1793 1541 si
1833 1470 2025 1543 illius
2066 1472 2455 1543 voluntatis
2490 1496 2613 1568 ge·

471 1598 734 1645 nerum
780 1576 938 1670 ejus
984 1574 1224 1648 habeo
1267 1592 1567 1667 testem,
1611 1581 1742 1676 qui
1786 1579 1981 1653 idem
2017 1582 2293 1655 Italiam
2331 1584 2409 1653 in
2448 1606 2612 1654 mu·

475 1686 761 1783 nicipiis
779 1695 836 1773 9,
877 1686 1232 1783 populum
1279 1674 1667 1761 romanum
1722 1692 1801 1759 in
1842 1693 2231 1779 concione,
2267 1716 2432 1779 vos,
2468 1692 2614 1762 mei

475 1818 761 1893 semper
793 1796 1298 1893 cupidissimos
1318 1850 1339 1883 ‚
1371 1802 1448 1867 in
1480 1798 1885 1895 Capitolio,
1924 1800 2016 1870 ad
2047 1824 2281 1871 meam
2310 1800 2613 1871 salutem

469 1906 828 1993 incitavit3
859 1908 922 1977 si
949 1904 1269 2004 denique
1313 1911 1448 1980 Cn.
1481 1910 1955 2006 Pompeius¹⁰
1990 1910 2180 1983 idem
2210 1909 2388 1981 mihi
2413 1912 2613 1983 testis

479 2117 642 2166 Coesar
663 2131 725 2163 ne
740 2149 757 2174 ,
781 2132 891 2179 quae
908 2131 1039 2163 anno
1064 2118 1314 2181 superiore
1339 2132 1498 2181 gesse-

473 2204 549 2244 rat
563 2230 578 2255 ‚
593 2212 620 2243 a
642 2194 934 2261 praetoribus
950 2190 1334 2252 infirmantum
1358 2192 1504 2243 idcir·

473 2290 538 2322 co
571 2276 626 2323 P.
658 2273 919 2335 Clodium,
956 2274 1190 2323 audacem
1221 2273 1498 2333 hominem,

475 2365 526 2402 et
548 2354 798 2404 tribuum
823 2354 981 2420 plebis
1003 2371 1090 2404 sua
1113 2369 1261 2420 opere
1283 2354 1464 2402 fectum
1481 2387 1501 2415 ,

475 2429 571 2478 sibi
596 2432 914 2494 adjunxerat,
938 2429 1025 2495 qui
1046 2431 1340 2496 praetoribus
1367 2431 1500 2480 obsi-

474 2521 638 2559 steret.
667 2509 842 2558 Cicero
869 2511 922 2558 in
947 2511 1174 2560 Pisonem
1197 2526 1211 2560 ε
1235 2511 1501 2559 -Adductu

476 2589 623 2638 resin
639 2599 885 2638 cet-temen
899 2623 914 2648 ‚
937 2600 986 2640 te
1011 2591 1210 2641 consule
1229 2590 1505 2654 petebant,

477 2678 642 2716 utrum
665 2683 774 2731 quae
795 2670 1045 2732 superiore
1067 2685 1199 2717 anno
1218 2669 1300 2716 ille
1323 2671 1502 2733 gessis-

475 2758 576 2805 set,
600 2757 848 2794 manerent
867 2763 930 2794 sn
949 2745 1336 2796 rescinderentur
1353 2770 1396 2797 n.

551 2827 600 2874 3.
639 2826 798 2872 Metus
821 2826 982 2874 coedck.
1020 2829 1185 2889 Quum
1215 2829 1271 2876 P.
1300 2826 1505 2877 Clodius

478 2918 646 2952 servos
662 2920 726 2952 ex
741 2905 993 2968 ergastulis
1010 2905 1216 2954 eductos
1227 2905 1292 2954 sd
1305 2905 1506 2966 cedem,

478 2983 672 3048 rapinas
687 3017 703 3040 ,
739 2982 962 3032 incendis
1006 2985 1306 3044 concitarem
1335 3001 1506 3050 ⁴quum

479 3061 684 3110 revulsis
729 3062 962 3126 gradibus
1009 3063 1247 3128 templum
1290 3065 1505 3114 Castoris

476 3140 671 3188 armatis
714 3139 997 3190 hominibus
1037 3155 1298 3206 occuparet
1317 3179 1332 3204 ,
1371 3165 1396 3185 u
1423 3141 1507 3192 cui

478 3219 714 3284 templum
740 3219 865 3268 illud
897 3221 993 3268 fuit
1023 3237 1111 3270 arx
1137 3221 1318 3270 civium
1341 3223 1506 3286 perdi-

478 3310 641 3347 torum
652 3333 668 3357 ,
681 3300 1040 3364 receptaculum
1051 3311 1267 3350 veterum
1281 3301 1505 3351 Catilium

476 3378 711 3436 militum,
759 3379 1011 3428 castellum
1052 3379 1261 3426 forensis
1303 3379 1504 3430 latroci-

477 3455 550 3502 nii
569 3477 620 3514 n,
645 3467 702 3502 ut
720 3454 902 3504 dicitur
919 3457 976 3522 in
992 3457 1236 3522 Pisonem.

549 3537 600 3590 4.
627 3533 714 3582 ΔΙ.
736 3549 836 3580 non
859 3533 1018 3582 debui.
1047 3533 1176 3583 LV.
1207 3537 1262 3582 L.

549 3606 602 3658 5.
623 3608 679 3655 Si
688 3609 920 3660 desertus.
935 3609 1151 3659 Suband-
1163 3611 1235 3660 fui
1252 3628 1282 3659 a
1299 3612 1497 3662 Caesare.

475 3714 545 3726 --
565 3686 672 3735 Sibi
674 3685 892 3750 sortasse
899 3689 1132 3753 providit.
1160 3691 1218 3736 In
1239 3689 1497 3740 Pisonem:

473 3791 497 3810 .-
521 3768 572 3814 5ἰ
599 3777 788 3816 tantum
815 3767 868 3814 in
893 3783 970 3814 me
997 3766 1078 3815 ille
1106 3784 1208 3816 esse
1233 3768 1424 3818 roboris
1449 3782 1501 3820 et

473 3847 669 3894 virtutis
689 3845 881 3910 putavit
901 3881 917 3907 ,
942 3856 998 3893 ut
1017 3862 1072 3892 ea
1092 3862 1201 3909 quae
1219 3846 1323 3911 ipse
1341 3864 1497 3912 gesse·

471 3939 572 3983 rat,
610 3923 924 3973 conciderent
940 3961 956 3986 ,
984 3925 1027 3971 si
1048 3925 1158 3990 ipse
1184 3928 1458 3978 restitissem
1475 3967 1492 3990 ,

467 4021 555 4052 cur
586 4005 633 4050 ei
663 4017 765 4050 non
805 4003 1055 4066 ignoscam
1073 4038 1090 4063 ‚
1144 4005 1183 4051 si
1203 4009 1492 4070 'anteposuit

469 4097 603 4130 suam
621 4082 824 4130 salutem
841 4097 960 4132 meae
982 4101 1025 4130 ι.

1660 2111 1709 2159 6.
1749 2113 1813 2158 Ut
1832 2111 2037 2177 quidam
2067 2123 2156 2160 aut
2172 2123 2381 2175 putant,
2404 2122 2493 2159 aue
2514 2126 2611 2159 vo·

1588 2188 1711 2238 lunt.
1738 2190 1945 2240 Bibulus
1960 2226 1975 2250 ,
2010 2190 2257 2240 Domitius
2271 2226 2286 2250 ,
2318 2190 2581 2239 Marcellus
2595 2225 2610 2247 ,

1586 2269 1675 2333 qui
1704 2286 1853 2333 quum
1875 2281 2033 2319 essent
2056 2270 2257 2321 Caesnris
2278 2268 2499 2329 inimici,
2533 2268 2612 2317 vel

1586 2365 1754 2398 revera
1794 2351 2063 2414 putabant,
2094 2350 2171 2398 vel
2194 2346 2463 2414 cupiditate
2487 2365 2610 2412 qua·

1588 2426 1700 2475 dnm
1717 2431 1901 2492 potius,
1920 2427 2261 2492 quamjudicio
2276 2427 2492 2484 inducti,
2512 2427 2609 2474 sibi

1586 2507 1877 2572 persuadere
1931 2509 2192 2573 cupiebant
2244 2508 2532 2557 Ciceronem
2582 2525 2611 2556 ει

1588 2586 1777 2635 Caere
1800 2588 1947 2636 fuisse
1968 2587 2221 2636 vIolatum.
2269 2607 2277 2614 ·

1663 2682 1712 2724 7.
1736 2669 1820 2715 In.
1839 2683 1938 2714 esse
1954 2666 2117 2716 debui.
2140 2667 2301 2730 Quam
2322 2667 2363 2712 si
2396 2665 2611 2712 inimici-

1589 2745 1707 2792 tiam
1732 2755 1857 2794 esset
1875 2755 2195 2808 persequutus
2207 2777 2224 2802 ,
2240 2745 2405 2792 nescio
2424 2759 2487 2791 au
2510 2761 2611 2792 me·

1588 2821 1683 2872 lius
1711 2823 1771 2871 de
1792 2840 1898 2887 rep.
1922 2823 2091 2872 suisset
2116 2823 2333 2872 meritus.

1664 2904 1713 2950 8.
1742 2901 2017 2963 Putabacis,
2044 2902 2345 2951 voluntatem
2374 2901 2427 2950 C.
2456 2903 2615 2950 Coesa‘-

1590 2979 1673 3028 νίς.
1698 2983 1950 3028 Senatores
1967 2981 2195 3029 Publium
2220 2981 2439 3029 Sextium
2459 2982 2611 3030 tribu-

1589 3075 1707 3108 num
1740 3059 1894 3124 plebis
1929 3060 1992 3108 ad
2028 3061 2263 3109 Caesarem
2297 3059 2579 3124 legaverunt
2593 3094 2609 3118 ,

1590 3150 1648 3187 ut
1678 3155 1787 3186 enm
1820 3139 1885 3208 qd
1922 3139 2172 3187 Ciceronis
2196 3155 2391 3186 causam
2410 3155 2523 3186 cum
2541 3155 2615 3188 se-

1589 3229 1706 3266 natu
1727 3217 2107 3282 suscipiendam,
2132 3217 2400 3266 induceret.

1662 3313 1711 3360 9.
1747 3297 1839 3359 Qm'
1873 3295 2001 3346 idem
2028 3295 2227 3344 Italiam
2253 3296 2303 3344 in
2326 3295 2613 3362 municipiis.

1590 3373 1717 3424 Vide
1757 3374 2031 3422 orationem
2070 3374 2123 3420 in
2161 3385 2330 3422 senatu
2366 3386 2481 3438 post
2513 3377 2611 3423 Re·

1592 3452 1773 3512 ditum,
1815 3469 1927 3516 cap.
1980 3468 2001 3500 1
2016 3468 2037 3500 1
2064 3486 2079 3511 ‚
2132 3453 2221 3500 nbi
2274 3455 2379 3503 fuse
2432 3453 2493 3506 de
2534 3453 2614 3502 his

1594 3530 1840 3580 omnibus.

1669 3626 1748 3659 κο.
1772 3609 1826 3656 Si
1839 3608 2047 3674 denique
2070 3611 2154 3658 Cn.
2168 3609 2435 3675 Pompeae'us.
2452 3611 2557 3660 Lib.
2573 3613 2616 3671 1,

1589 3705 1669 3753 ep.
1699 3705 1763 3750 9,
1790 3689 1850 3736 ad
1878 3689 1990 3737 niv.
2018 3689 2227 3737 reddens
2259 3691 2497 3740 rationem
2526 3686 2615 3738 cur

1586 3767 1639 3814 in
1654 3768 1853 3830 gratiam
1869 3783 1981 3816 cum
1994 3769 2178 3818 Caesare
2196 3767 2424 3818 redierit:
2448 3791 2473 3810 ιι
2493 3771 2614 3817 Gra-

1586 3846 1779 3894 vissime
1820 3857 1983 3895 sutem
2023 3865 2100 3898 me
2142 3849 2195 3896 in
2233 3848 2363 3896 hanc
2400 3859 2615 3896 mentem

1584 3925 1781 3989 impulit
1796 3937 1846 3973 et
1864 3928 2082 3992 Pompeii
2101 3925 2222 3976 iides
2238 3961 2253 3983 ‚
2274 3943 2419 3992 quam
2448 3927 2510 3975 de
2533 3942 2611 3974 me

1580 4005 1761 4054 Caesari
1790 4003 2019 4065 dedemt,
2048 4018 2098 4054 et
2134 4005 2291 4054 fratris
2316 4005 2430 4067 mei,
2464 4020 2613 4070 quam

1580 4083 1818 4148 Pompeio
1838 4105 1879 4131 n.
