2996 4694
516 373 611 455 40
1092 372 1190 440 M.
1243 371 1323 439 T.
1370 367 1969 437 CICERONIS

514 515 663 564 sam
694 492 825 562 etsi
852 515 1105 564 omnes
1139 491 1313 564 boni
1342 489 1780 590 probabant,
1811 503 2054 560 tamen
2085 511 2325 586 neque
2353 501 2644 560 senatus

510 600 837 700 publice,
887 627 1129 700 neque
1180 601 1368 672 ullus
1419 599 1606 672 ordo
1647 600 1942 697 proprie
1964 654 1985 688 ,
2037 623 2277 696 neque
2325 602 2474 669 suis
2521 597 2643 670 de-

511 713 725 784 cretis
785 711 985 784 Italia
1035 727 1185 783 tota
1248 724 1680 810 susceperat.
1723 709 1834 782 Ad
1899 733 2100 781 suam
2168 711 2362 782 enim
2415 709 2640 806 magis

428 893 433 899 .
506 821 891 918 quamdam
932 822 1051 893 ille
1086 821 1387 919 gloriam
1407 876 1427 910 ,
1463 843 1682 919 quam
1719 819 1808 892 ad
1843 821 2298 918 perspicuam
2335 817 2638 891 salutem

506 929 919 1029 reipublicae
953 944 1355 1029 sumpserat
1379 927 1433 1016 ⁵,
1468 953 1698 1028 quum
1730 954 1922 1000 unus
1955 930 2032 1000 in
2066 930 2296 1026 legem
2331 952 2462 1026 per
2489 933 2638 998 vim

504 1039 723 1113 latam
770 1043 1015 1137 jurare
1059 1041 1433 1112 noluerat:
1476 1040 1795 1138 denique
1844 1037 2224 1112 videbatur
2263 1063 2349 1111 ea
2383 1037 2634 1110 condi-

500 1153 701 1223 tione
745 1167 887 1224 tam
930 1149 1135 1224 fortis
1166 1149 1420 1240 fuisse,
1466 1165 1551 1222 ut
1585 1173 1756 1223 cum
1789 1150 2036 1248 patriae
2075 1145 2417 1220 caritate⁶
2457 1171 2633 1218 con·

500 1264 775 1335 stantiae
814 1263 1111 1359 gloriam
1152 1275 1652 1333 commutaret.
1698 1264 1866 1330 Erat
1911 1275 2157 1332 autem
2205 1260 2274 1330 ei
2315 1282 2430 1330 res
2463 1281 2632 1330 cum

500 1372 821 1444 exercitu
866 1377 945 1442 C.
994 1373 1199 1442 Marii
1233 1372 1539 1460 invict03
1575 1369 1892 1444 habebat
1941 1370 2314 1441 inimicum
2353 1371 2434 1438 C.
2475 1371 2632 1438 Ma-

494 1485 717 1568 rium,
756 1495 1331 1554 conservatorem
1366 1483 1648 1580 patriae,
1681 1495 1964 1554 sextum
1990 1481 2134 1576 jam
2171 1478 2374 1549 illum
2397 1489 2424 1532 '7
2459 1501 2630 1550 con-

497 1587 814 1661 sulatum
864 1607 1273 1688 gerentem3
1316 1616 1431 1663 res
1473 1607 1629 1664 erat
1673 1615 1837 1663 cum
1875 1597 1955 1662 L.
1997 1590 2386 1661 Saturnino
2399 1581 2456 1676 ⁸,
2489 1590 2622 1659 ite-

491 1722 657 1768 rum
714 1697 1010 1772 tribuno
1060 1700 1325 1799 plebis,
1385 1701 1728 1799 vigilante
1779 1700 2115 1788 homine,
2170 1712 2244 1771 et
2289 1699 2366 1768 in
2413 1721 2627 1770 causa

492 1809 826 1906 populari
845 1819 877 1867 9
914 1811 1144 1882 sinon
1168 1811 1640 1902 moderate¹⁰‚
1666 1826 1740 1908 at
1775 1827 1968 1883 certe
2005 1809 2448 1909 populariter
2471 1807 2626 1882 abs-

489 1923 955 2019 tinenterque
1000 1939 1301 1996 versam.
1363 1927 1629 2013 Cessit,
1659 1948 1752 1996 ne
1795 1937 1920 1993 aut
1955 1923 2188 1993 victus
2229 1945 2274 1990 a
2311 1917 2623 1991 fortibus

486 2033 658 2101 viris
694 2055 863 2102 cum
908 2032 1262 2106 dedecore
1306 2032 1628 2119 caderet,
1669 2048 1794 2106 aut
1833 2033 2068 2104 victor
2101 2030 2344 2103 multis
2377 2045 2451 2102 et
2486 2027 2624 2101 for·

485 2137 681 2210 tibus
716 2142 993 2216 civibus
1026 2144 1552 2243 rempublicam
1591 2143 1902 2217 orbaret.

581 2255 801 2324 XVII.
838 2257 1077 2326 Meam
1115 2279 1400 2326 causam
1438 2270 1728 2328 senatus
1757 2253 2030 2353 palam,
2070 2264 2410 2350 equester
2435 2248 2618 2322 ordo

484 2366 864 2454 acerrime,
905 2382 1165 2439 cuncta
1200 2368 1402 2439 Italia
1434 2365 1730 2465 publice
1751 2419 1771 2455 ,
1811 2386 2063 2435 omnes
2101 2361 2279 2434 boni
2319 2362 2614 2460 proprie

481 2474 835 2572 enixeque
864 2493 1349 2575 susceperant,
1381 2482 1515 2549 Eas
1544 2501 1659 2549 res
1688 2499 2044 2574 gesseram
2069 2528 2088 2565 ,
2118 2496 2428 2572 quarum
2461 2496 2614 2543 non

476 2608 669 2653 unus
724 2600 999 2670 auctor,
1058 2586 1188 2657 sed
1244 2587 1393 2657 dux
1446 2590 1773 2657 omnium
1824 2580 2218 2656 voluntatis
2273 2581 2566 2655 fuissem
2593 2636 2614 2669 ,

477 2718 785 2790 quaeque
824 2719 975 2765 non
1007 2695 1228 2766 modo
1258 2696 1345 2767 ad
1378 2696 1809 2794 singularem
1843 2720 2075 2768 meam
2111 2690 2406 2792 gloriam
2429 2748 2448 2782 ,
2486 2692 2610 2764 sed

476 2846 633 2881 morte
651 2846 908 2885 moereret:
932 2836 1039 2885 hec
1055 2854 1207 2902 quum
1230 2842 1295 2887 ita
1310 2852 1497 2899 essent,
1585 2856 1690 2888 sare
1717 2842 1849 2889 visus
1871 2850 1945 2887 est
1966 2853 1981 2886 :
2007 2838 2150 2887 cessit
2177 2837 2324 2901 igitur
2349 2836 2578 2887 Metellus
2595 2873 2610 2897 ,

474 2912 611 2961 valde
639 2928 714 2961 me
742 2914 997 2974 timidum,
1034 2928 1179 2980 atque
1208 2919 1494 2983 impruden·
1584 2936 1686 2969 non
1707 2920 1844 2984 qnod
1867 2919 1920 2967 in
1947 2934 2008 2967 eo
2033 2918 2174 2965 sitnm
2197 2932 2300 2965 enee
2323 2916 2608 2982 reipublicae

471 3002 565 3039 tem
594 2990 852 3041 confiterer
870 2994 1017 3043 fuisse
1027 3030 1043 3056 ,
1068 2997 1109 3043 si
1132 2996 1310 3046 borum
1333 2999 1495 3048 homi·
1581 3000 1783 3048 salutem
1795 2998 2110 3063 intelligeret:
2129 2995 2214 3045 sed
2233 2996 2370 3061 qnod
2385 2996 2433 3045 ei
2449 2996 2609 3045 carior

468 3084 587 3117 num
636 3081 771 3120 metu
828 3071 1182 3126 discessissem:
1213 3092 1302 3126 cur
1340 3079 1493 3143 igitur
1582 3080 1869 3128 constantie
1917 3077 2102 3142 gloria·
2151 3092 2298 3140 qm
2349 3094 2378 3126 ⁸
2547 3092 2606 3125 Β·

468 3149 591 3222 cessi
610 3150 633 3197 Ρ
676 3162 931 3201 moverunt
985 3169 1061 3202 me
1108 3154 1189 3203 ina
1207 3190 1223 3216 ,
1272 3172 1383 3221 qnae
1429 3159 1492 3208 de
1578 3159 1748 3222 patriae
1765 3190 1782 3217 ,
1807 3158 1917 3205 fnit.

467 3230 703 3293 Pompeio
720 3264 737 3290 ,
789 3232 991 3292 cmm,
1043 3235 1229 3285 Caum
1282 3236 1489 3287 Clodius
1651 3254 1700 3299 7.
1727 3240 1924 3285 Sextum
1938 3235 2054 3300 jam
2085 3233 2220 3283 illum
2255 3236 2591 3294 consulatum,

466 3308 791 3372 predicabat:
812 3326 922 3376 qun
938 3312 1009 3361 illi
1034 3316 1242 3364 tacendo
1260 3315 1485 3367 confiteri
1574 3316 1820 3381 oppressis
1857 3314 2060 3365 Glaucia
2089 3324 2140 3363 et
2171 3316 2434 3365 &unnim
2478 3316 2602 3365 inni·-

464 3386 769 3437 videbantnr.
1573 3410 1734 3459 guen.

534 3466 585 3513 5.
610 3468 905 3532 Sumpserat.
936 3470 1070 3534 Quid
1096 3472 1323 3523 Metellus
1348 3492 1483 3525 enm·
1645 3475 1701 3522 8.
1763 3472 2045 3521 Satur-nino.
2107 3470 2296 3521 Metelli
2355 3471 2558 3521 inimico
2582 3490 2596 3533 ;

462 3546 613 3607 poerit
646 3562 750 3595 non
786 3547 964 3613 liquet,
1004 3568 1163 3616 neque
1198 3556 1308 3617 quis
1342 3555 1481 3603 facile
1573 3552 1708 3617 quod
1733 3550 1797 3601 ab
1821 3568 1881 3600 eo
1907 3566 2107 3599 censore
2131 3560 2328 3599 notatus
2351 3563 2474 3601 eret.

459 3626 739 3685 conjecerit.
758 3630 1056 3694 Recipiendn
1074 3630 1268 3681 videtur
1284 3632 1479 3683 Aldine
1641 3648 1690 3695 9.
1727 3633 1787 3679 In
1818 3646 1968 3679 eausa
1987 3629 2234 3694 populari.
2275 3630 2404 3693 Quia
2438 3630 2595 3694 legem

457 3714 507 3753 et
531 3705 727 3754 alierum
756 3709 1019 3759 multarum
1049 3710 1164 3759 edd.
1200 3711 1349 3760 lectio
1372 3726 1478 3775 spe·
1567 3711 1800 3774 agrariam
1825 3710 2024 3758 ferebat.

456 3794 635 3834 clarae.
670 3786 895 3849 conjecit
913 3788 1379 3855 Emestinsfeceme.
1644 3804 1721 3839 10.
1745 3788 1798 3837 Sa·
1817 3804 1918 3837 non
1940 3787 2206 3837 moderate.
2231 3787 2384 3851 Quod
2399 3787 2460 3835 A.
2487 3787 2595 3837 Nu·

522 3864 571 3913 6.
605 3867 666 3912 Ut
702 3882 811 3915 eum
840 3868 1024 3932 paeriae
1048 3868 1273 3917 car-itate.
1310 3871 1475 3932 Quum
1563 3870 1743 3929 ιυίωιι,
1789 3870 2088 3919 tribunatum
2127 3879 2401 3935 petentem,
2439 3880 2490 3916 et
2524 3868 2585 3917 C.

452 3942 685 4007 adspectu
705 3949 874 4009 petriae
893 3948 1140 3995 carissimo
1167 3964 1217 3995 se
1238 3948 1471 4011 privavit,
1562 3950 1874 4009 Memmium,
1919 3948 2204 3999 consulatus
2237 3946 2550 3997 candidatum
2565 3980 2581 4003 ,

448 4025 733 4081 ‹eoneuntia
766 4026 957 4073 leudem
995 4026 1216 4089 quaesivit
1231 4061 1247 4084 ,
1283 4026 1472 4089 patrin-
1563 4028 1776 4076 Glenciae
1847 4030 2216 4094 competitorem
2285 4025 2587 4075 occidendos

447 4116 542 4164 que
560 4103 861 4151 emissionem
882 4104 1048 4167 gloriae
1066 4105 1227 4153 fructu
1246 4120 1469 4169 compen·
1560 4120 1829 4157 curaverat.
