2996 4694
700 377 1085 446 ORATIO
1132 377 1331 444 PRO
1379 377 1654 447 REGE
1701 379 2252 448 DEJOTARO.
2389 377 2537 475 629

410 496 551 584 dit3
580 496 705 569 sed
738 512 979 569 tamen
1014 495 1371 595 quidquid
1386 508 1453 542 ²²
1497 523 1542 570 a
1581 498 1790 571 bellis
1827 500 2084 597 populi
2113 507 2392 573 romani
2419 527 2535 572 va-

410 605 653 696 cabat,
690 631 857 712 curn
890 605 1311 679 hominibus
1348 613 1613 680 nostris
1645 609 2243 699 consuetudines,
2287 613 2531 683 amici-

408 718 541 788 tias
557 770 577 803 ,
604 741 719 790 res
738 718 1197 814 rationesque
1216 715 1608 812 jungebat:
1637 732 1718 790 ut
1743 743 1894 790 non
1915 719 2150 792 solum
2175 720 2532 792 tetrarcha

408 825 711 914 nobilis,
749 825 874 898 sed
914 830 1233 925 optimus
1266 825 1808 924 paterfamilias,
1843 843 1916 900 et
1952 829 2534 926 diligentissimus

406 935 782 1031 agricola²³
808 951 881 1010 et
894 940 1271 1035 pecuarius
1282 936 1689 1010 haberetur.
1704 939 1848 1028 Qui
1863 939 2081 1036 igitur
2093 938 2534 1026 adolescens,

404 1045 733 1118 nondum
768 1062 967 1118 tanta
1013 1047 1237 1144 gloria
1288 1046 1670 1144 praeditus,
1723 1047 1909 1119 nihil
1957 1072 2302 1145 umquam
2320 1103 2342 1135 ,
2393 1052 2534 1120 nisi

406 1158 851 1229 severissime
880 1172 953 1228 et
978 1156 1428 1254 gravissime,
1459 1155 1740 1248 fecerit3
1771 1158 1832 1230 is
1859 1182 1944 1230 ea
1967 1160 2496 1230 existimatione
2513 1213 2534 1245 ,
2618 1225 2624 1234 .

404 1291 635 1364 eaque
676 1281 881 1338 aetate
898 1267 965 1324 ²4
1002 1265 1325 1338 saltavit?

498 1381 585 1446 X.
628 1377 897 1447 Imitari
941 1377 1252 1473 potius¹,
1296 1379 1589 1464 Castor,
1631 1378 1744 1448 avi
1779 1378 1886 1450 tui
1931 1401 2169 1449 mores
2208 1377 2528 1474 discipli-

400 1509 717 1582 namque
764 1484 1081 1557 debebas
1105 1539 1125 1572 ,
1168 1509 1387 1582 quam
1442 1487 1726 1583 optimo
1779 1502 1854 1558 et
1896 1485 2288 1559 clarissimo
2340 1490 2538 1572 viro,

401 1593 677 1692 fugitivi
707 1617 867 1682 ore,
887 1593 1334 1666 maledicere.
1354 1593 1570 1683 Quod
1601 1596 1662 1666 si
1693 1594 2100 1668 saltatorem
2125 1607 2374 1668 avum²
2413 1595 2537 1666 ha·-

400 1703 679 1776 buisses
696 1758 716 1791 ,
744 1727 987 1801 neque
1004 1725 1176 1774 eum
1194 1704 1456 1788 virum,
1480 1700 1678 1774 unde
1703 1703 2002 1800 pudoris
2022 1705 2532 1804 pudicitiaeque

401 1812 729 1909 exempla
769 1824 1193 1910 peterentur
1222 1834 1244 1896 ;
1280 1823 1526 1880 tamen
1553 1809 1694 1883 hoc
1739 1813 2198 1887 maledictum
2232 1819 2529 1887 minime
2611 1807 2618 1814 ⁶

398 1923 477 1992 in
518 1921 711 1992 illam
759 1912 1093 1992 aetatem³
1134 1921 1573 1990 conveniret.
1632 1921 1918 2010 Quibus
1963 1923 2083 1995 ille
2130 1926 2385 1996 studiis
2433 1923 2528 1996 ab

396 2033 695 2103 ineunte
731 2045 935 2104 aetate
975 2054 1051 2102 se
1101 2028 1500 2114 imbuerat,
1556 2050 1704 2100 non
1761 2031 2103 2120 saltandi,
2153 2033 2282 2104 sed
2336 2031 2527 2105 bene

396 2155 481 2212 ut
514 2144 766 2229 armis,
802 2141 1075 2239 optime
1106 2152 1190 2210 ut
1221 2139 1479 2233 equis⁴
1523 2151 1892 2230 uteretur3
1929 2165 2012 2212 ea
2045 2155 2290 2212 tamen
2321 2142 2526 2212 illum

394 2265 655 2322 cuncta
686 2251 833 2345 jam
852 2303 875 2338 ,
900 2263 1107 2320 aetate
1140 2259 1387 2326 exacta
1400 2235 1455 2333 ⁵,
1490 2244 1924 2322 defecerant.
1947 2255 2200 2349 Itaque
2231 2252 2526 2347 Dejota-

292 2356 298 2363 ’
394 2385 557 2433 rum
578 2386 807 2461 quum
836 2361 1083 2459 plures
1106 2359 1180 2428 in
1207 2379 1481 2453 equum
1509 2360 1999 2451 sustulissent,
2030 2361 2232 2461 quod
2259 2361 2526 2433 haerere

391 2564 704 2603 mercaturam
728 2563 778 2602 et
803 2549 1129 2617 pecuniariam
1146 2564 1246 2597 rem
1273 2564 1411 2595 exer·
1498 2546 1732 2614 Phidippi
1785 2553 1912 2599 nervi
1968 2567 2056 2601 ore
2100 2552 2147 2603 ei
2193 2550 2521 2599 malediceres.

391 2632 642 2692 centibus,
660 2632 748 2699 qui
766 2632 1049 2697 plerumque
1067 2630 1255 2680 romani
1272 2638 1409 2678 eraut
1569 2642 1619 2677 a.
1659 2630 1802 2693 Quod
1837 2630 1884 2681 si
1921 2632 2202 2681 saltatorum
2244 2646 2387 2679 avum
2425 2630 2518 2679 laa-

388 2712 593 2777 equitca.
1493 2706 1694 2771 huam,
1713 2719 1811 2760 etc.
1844 2712 1968 2759 Eum
2004 2710 2090 2775 qui
2118 2720 2274 2759 artem
2308 2708 2518 2759 saltandi

462 2805 545 2839 aa.
582 2788 683 2837 Sed
714 2802 877 2838 tamen
916 2785 1157 2853 quidquid
1198 2803 1233 2834 a
1272 2786 1407 2835 bellis
1489 2794 1595 2836 non
1623 2787 1776 2837 modo
1807 2800 2054 2841 exerceret
2067 2824 2086 2853 ,
2122 2788 2210 2837 aed
2233 2804 2375 2853 pane
2393 2804 2519 2853 pro·

378 2868 559 2935 populi
588 2870 781 2918 romani
804 2868 1040 2917 vacabat.
1082 2866 1164 2914 Ab
1186 2876 1403 2915 anteacta
1489 2864 1723 2915 (iteretur.
1853 2934 1862 2941 .

388 2948 488 2997 vita
514 2949 586 2997 sic
623 2958 996 3013 argumentatur.
1034 2946 1135 3009 Qui
1170 2942 1273 2993 fieri
1304 2960 1403 3009 po-
1562 2942 1610 2994 3.
1639 2950 1700 2995 In
1725 2946 1862 2995 illam
1887 2958 2100 2996 aetaum.
2126 2946 2366 3007 Deiotari.

386 3038 505 3088 teat,
528 3038 585 3076 ut
623 3029 700 3076 vir
730 3028 1066 3093 gravissimus,
1100 3034 1149 3072 et
1181 3022 1403 3087 regende

384 3108 579 3157 familiae
610 3108 929 3174 peritissimus
944 3143 961 3169 ,
994 3107 1038 3153 ia
1068 3102 1123 3153 in
1155 3114 1403 3153 senectute

382 3194 539 3241 Iactus
560 3190 623 3238 ait
648 3186 878 3237 aaltator?
1257 3228 1261 3233 ,

454 3271 543 3318 23.
572 3264 979 3332 Diligentissimm
1019 3262 1259 3330 agricola.
1300 3262 1401 3312 Ne·

381 3350 503 3398 mini
523 3348 699 3396 mirum
714 3343 955 3408 videatur,
973 3358 1079 3393 eam
1102 3342 1299 3391 laudem
1318 3358 1397 3391 re-

379 3444 489 3493 gem
529 3442 631 3475 non
676 3424 933 3482 dedecere,
971 3438 1123 3488 quum
1156 3422 1394 3471 Hem-icus

378 3517 544 3556 noster
564 3504 865 3570 gloriaretur,
886 3519 939 3551 se
957 3502 1011 3551 iu
1026 3503 1153 3567 agria
1170 3502 1394 3551 colendIa

376 3586 445 3636 ita
473 3594 741 3647 venatum,
768 3593 825 3631 ut
848 3581 966 3630 inde
1004 3581 1153 3630 vitam
1186 3580 1393 3631 tola-are

376 3674 559 3729 poaaet.

446 3752 534 3801 24.
555 3743 731 3805 anue
754 3748 916 3789 oeeaee.
936 3739 1049 3787 Jam
1072 3738 1316 3803 decrepita
1339 3748 1389 3788 et

371 3838 529 3888 prope
548 3831 733 3869 exacta.
1248 3874 1259 3885 ι

442 3904 513 3952 1.
545 3917 589 3949 r.
608 3896 802 3947 Imitari
813 3896 996 3963 potius.
1019 3896 1177 3945 Satius
1202 3906 1337 3959 erat,
1352 3913 1385 3947 ο

368 3984 557 4042 Castor,
582 3989 641 4027 ut
668 3976 920 4025 imitareris
946 3975 1173 4023 virtutem
1208 3984 1257 4023 et
1282 3974 1385 4031 ἣτις

369 4058 611 4123 galitatem
648 4056 727 4106 avi
766 4055 837 4106 tui
882 4054 1105 4117 Deiotari
1121 4090 1137 4119 ,
1160 4070 1303 4121 quam
1328 4066 1385 4105 ut

1561 3032 1612 3080 4.
1652 3024 1841 3089 Optime
1865 3036 1920 3073 ue
1943 3024 2096 3089 equis.
2129 3024 2290 3072 Prima
2317 3022 2412 3070 fuit
2435 3038 2510 3071 re-

1488 3102 1676 3167 giorum
1703 3118 1964 3167 puerorum
1989 3102 2260 3159 institutio,
2285 3111 2343 3149 ut
2382 3100 2511 3149 bene

1488 3182 1626 3246 equis
1652 3192 1926 3240 uterentur,
1946 3180 2071 3228 adeo
2097 3191 2154 3229 ut
2177 3178 2241 3229 ab
2263 3180 2382 3244 ipsis
2402 3196 2509 3227 cre-

1485 3258 1688 3325 pundiis
1711 3260 1876 3309 ovium
1916 3258 2064 3308 dorao
2098 3258 2317 3323 imponiti
2353 3258 2506 3307 diace-

1481 3352 1590 3389 reut
1608 3341 1840 3406 equitare.
1864 3339 1950 3388 Ad
1968 3340 2230 3405 septimum
2246 3339 2404 3387 >atatis
2417 3355 2503 3387 an-

1479 3436 1598 3468 num
1626 3436 1776 3485 quum
1801 3418 2132 3485 perveniaaeut
2144 3452 2163 3480 ,
2185 3417 2249 3465 ad
2273 3434 2428 3483 equos
2451 3428 2502 3466 et

1478 3500 1713 3564 equeatrie
1728 3499 1844 3547 artis
1862 3499 2115 3564 magistro·
2126 3494 2502 3564 proficisceban-

1478 3588 1596 3628 tm·-

1549 3658 1600 3705 5.
1627 3656 1791 3706 AEtate
1813 3666 2012 3705 wacta.
2028 3656 2312 3716 Deiotarum
2331 3664 2492 3702 exue-

1473 3752 1568 3785 ωε
1583 3736 1732 3784 suin-e
1751 3735 2013 3785 senectutis
2033 3749 2094 3781 eo
2110 3744 2312 3798 apparet
2323 3768 2339 3795 ,
2357 3732 2496 3797 quod

1470 3815 1652 3880 viginti
1691 3825 1803 3863 ante
1852 3812 1993 3862 annia
2011 3848 2030 3875 ,
2064 3812 2164 3873 iam
2199 3821 2341 3859 etate
2385 3826 2493 3875 gra-

1472 3911 1608 3957 vem,
1643 3910 1752 3943 eum
1771 3892 2060 3942 Plutarchus
2081 3890 2240 3948 dicat;
2265 3899 2314 3940 et
2340 3904 2494 3953 quum

1470 3976 1626 4023 Bruto
1643 3970 1906 4023 auxiliatus
1921 3982 2018 4033 eat,
2033 3969 2362 4039 ὑπιργίροντσ.
2378 3984 2492 4017 eum

1471 4054 1573 4104 Dio
1595 4052 1822 4119 appellet.
