2996 4694
512 351 651 435 344
1156 361 1252 427 Μ.
1304 361 1381 427 Τ.
1428 356 2000 427 clcssssoms

510 490 707 550 certe
750 474 1223 565 confidimus,
1260 503 1411 550 non
1451 480 1780 550 oratione
1817 490 2064 549 nostra
2083 528 2106 563 ‚
2141 474 2268 547 sed
2303 473 2642 547 humaui-

514 602 657 661 tate
694 606 927 662 vestra
958 616 1111 664 esse
1148 594 1485 692 placatos.

604 705 929 773 xxvln.
982 702 1181 794 Quid
1217 706 1413 776 enim
1458 719 1601 791 est,
1637 728 1770 774 cur
1809 727 1961 774 non
2007 700 2250 798 potius
2293 696 2386 769 ad
2437 720 2636 767 sum-

507 832 696 879 mam
732 810 1013 883 laudem
1060 814 1263 903 huic,
1290 838 1512 911 quam
1545 815 1634 885 ad
1671 814 2046 883 minimam
2071 808 2396 881 fraudem
2423 820 2472 893 ¹,
2503 810 2640 877 Cae-

506 920 681 989 saris
708 917 1143 994 familiaritas
1166 924 1405 997 valere
1428 922 1734 996 debeat?
1761 923 2114 1020 Cognovit
2138 918 2634 1005 adolescens23

504 1026 777 1120 placuit
820 1030 1100 1102 homini
1138 1034 1742 1130 prudentissimo;
1785 1034 1862 1103 in
1915 1054 2198 1103 summa
2237 1030 2634 1101 amicorum

502 1140 713 1236 copia
738 1164 901 1211 cum
940 1141 1502 1216 familiarissimis
1538 1146 1696 1239 ejus
1731 1158 1841 1214 est
1873 1140 2309 1239 adaequatus.
2347 1144 2430 1209 In
2461 1160 2634 1235 prae-

500 1264 661 1319 tura
680 1244 737 1336 3,
762 1255 838 1321 in
866 1254 1247 1327 consulatu
1286 1254 1706 1352 praefectum
1746 1252 2036 1325 fabrum
2060 1248 2414 1335 detulit43
2451 1270 2632 1319 con-

500 1357 743 1429 silium
763 1359 1077 1434 hominis
1100 1363 1475 1462 probavit,
1498 1362 1720 1435 fidem
1749 1378 1858 1436 est
1887 1362 2340 1459 complexus3
2367 1354 2634 1443 officia,

500 1464 1178 1569 observantiamque
1220 1472 1489 1544 dilexit.
1545 1476 1710 1545 Fuit
1758 1473 1877 1545 hic
1931 1471 2328 1543 multorum
2381 1469 2486 1539 illi
2533 1468 2630 1541 la-

393 1654 403 1669 ,
499 1574 768 1649 horum
812 1583 1049 1653 socius
1093 1583 1484 1681 aliquando
1524 1611 1540 1654 ε
1587 1600 1696 1656 est
1737 1582 2038 1655 fortasse
2075 1606 2271 1654 nunc
2308 1580 2630 1652 nonnul·

498 1684 734 1783 lorum
774 1694 1133 1792 particeps
1171 1693 1768 1766 commodorum·
1791 1697 1970 1785 Quae
2013 1692 2314 1791 quidem
2352 1692 2412 1763 si
2453 1690 2628 1761 huic

497 1794 867 1871 obfuerint
896 1803 1091 1899 apud
1128 1828 1289 1889 vOS,
1334 1830 1485 1877 non
1529 1806 1888 1903 intelligo,
1931 1804 2132 1903 quod
2170 1802 2448 1875 honum
2481 1802 2628 1872 cui-

496 1930 715 2001 quam
745 1912 837 1981 sit
868 1912 1061 2007 apud
1104 1914 1278 1987 tales
1314 1919 1508 1988 viros
1534 1914 2022 2015 profuturum.
2067 1913 2244 2001 Sed,
2277 1915 2626 2010 quoniam

499 2020 575 2087 C.
618 2023 847 2092 Caesar
890 2021 1095 2095 abest
1128 2025 1577 2123 longissime,
1633 2041 1856 2123 atque
1895 2026 1972 2096 iu
2017 2027 2103 2096 iis
2143 2038 2254 2097 est
2287 2047 2486 2095 nunc
2521 2021 2630 2093 lo-

496 2132 628 2213 εἰε,
674 2156 837 2229 quae
876 2137 1171 2231 regione
1208 2136 1459 2209 orbem
1494 2153 1891 2223 terrarum,
1931 2136 2150 2209 rebus
2187 2135 2378 2205 illius
2411 2137 2630 2231 gestis

500 2245 884 2343 imperium
914 2250 1173 2347 populi
1216 2254 1497 2323 romani
1531 2249 1894 2323 definiunt
1928 2279 1946 2321 ε
1993 2251 2254 2340 nolite5
2293 2273 2426 2349 per
2450 2248 2633 2320 deos

496 2525 650 2588 ipsius
674 2526 925 2575 Ciceronis
940 2561 955 2586 ,
970 2528 1113 2591 quod
1130 2529 1365 2580 attinebat
1382 2531 1447 2580 ad
1463 2549 1516 2580 se

496 2603 683 2667 ipsum,
712 2620 823 2667 erga
848 2605 940 2652 hos
965 2606 1187 2655 homines
1213 2607 1516 2659 voluntatem

499 2682 853 2747 consiliumque
881 2699 1193 2748 cognoscere.
1228 2688 1309 2736 Sic
1340 2690 1423 2738 ille
1451 2691 1516 2738 ad

1605 2547 1701 2596 que
1729 2531 1983 2597 provincia
2005 2531 2290 2595 praefectum
2317 2527 2508 2575 fabrum
2531 2524 2628 2573 sibi

1603 2626 1706 2658 esse
1725 2610 1929 2659 Balbum
1947 2609 2124 2658 voluit.

1676 2698 1728 2748 4.
1769 2687 2061 2754 Praefectum
2089 2688 2300 2755 fabrum
2341 2685 2530 2732 detulit.
2577 2685 2628 2730 1s

497 2763 564 2822 Q.
596 2763 745 2810 Fratr.
779 2764 829 2808 11
849 2796 864 2817 ,
896 2764 959 2810 16
993 2776 1008 2813 τ
1054 2786 1079 2805 ι
1101 2767 1303 2828 Itaque,
1334 2777 1390 2814 ut
1425 2767 1518 2815 tibi

496 2839 687 2900 placet,
724 2839 893 2888 damus
920 2857 1141 2906 operam,
1166 2859 1227 2891 ne
1254 2847 1394 2906 qu'ns
1411 2849 1520 2894 ani-

498 2935 631 2967 mum
660 2921 986 2980 offendamus,
1018 2932 1163 2986 atque
1196 2933 1249 2971 ut
1285 2926 1428 2973 etiam
1454 2927 1518 2974 ab

502 3001 561 3047 iis
596 2999 745 3066 ipsis,
774 3003 860 3065 qui
898 3019 990 3050 nos
1028 3017 1137 3050 cnm
1172 3005 1362 3053 Caesare
1402 3021 1519 3053 con-

497 3081 698 3140 junctos
724 3081 920 3140 dolent,
952 3081 1211 3146 diligamur
1232 3119 1246 3143 ‚
1282 3085 1343 3132 ab
1364 3087 1519 3148 equis

501 3176 617 3207 vero
635 3195 650 3217 ,
686 3172 773 3209 aut
799 3163 943 3210 etiam
969 3178 996 3209 a
1022 3163 1279 3227 propensis
1309 3164 1359 3210 in
1392 3164 1520 3212 hanc

498 3248 688 3300 partem
744 3240 1051 3288 vehementer
1100 3251 1149 3288 et
1204 3243 1425 3290 colamur
1472 3250 1524 3290 et

499 3331 717 3363 amemur
736 3337 778 3363 a.

572 3395 812 3442 xxvm.
838 3411 879 3444 1.
906 3397 993 3444 Ad
1008 3397 1255 3446 minimam
1261 3397 1520 3462 fraudem.

501 3473 583 3520 Ad
604 3473 861 3521 minimum
884 3475 1132 3525 damnum.

576 3567 625 3600 a.
658 3553 973 3602 Adolescens.
998 3555 1233 3603 Caesarem
1260 3557 1429 3606 coluit.
1452 3583 1524 3594 -·

501 3631 715 3680 Placuit.
742 3633 937 3682 Balbus.
960 3661 1027 3671 ——
1047 3636 1247 3684 Homini
1250 3636 1526 3699 prudentis·

502 3711 644 3759 simo.
668 3712 872 3772 Cauri,
896 3713 1209 3762 corroborata
1230 3715 1327 3775 jam
1352 3726 1521 3765 mate:

506 3792 587 3838 vix
616 3792 773 3852 enim,
801 3802 857 3839 nt
884 3793 1109 3854 arbitror,
1135 3792 1195 3841 de
1219 3795 1527 3843 adolescente

508 3870 716 3928 diceret,
740 3893 767 3912 κ
785 3870 975 3919 homini
996 3872 1372 3936 prudentissimo
1391 3895 1435 3922 ιο.

576 3951 629 3998 3.
664 3953 721 3998 In
746 3961 985 4014 pra-eum.
1024 3953 1098 4000 Ex
1128 3963 1337 4016 praetura
1362 3956 1415 4001 in
1437 3955 1528 4002 ni-

1605 2779 1706 2816 erat
1741 2768 1826 2831 qni
1865 2764 2196 2831 operariorum
2235 2764 2428 2813 labores
2469 2762 2632 2827 inspi-

1606 2846 1782 2895 ciebat.
1793 2847 1942 2894 Docti
1961 2857 2136 2912 putant
2147 2860 2300 2894 unum
2314 2839 2628 2892 solummodo

1606 2926 1888 2990 prefectum
1913 2925 2105 2976 fabrum
2123 2926 2176 2973 iu
2195 2922 2464 2989 provinciis
2481 2921 2630 2970 fuisse

1607 3005 1918 3055 exercitibus.
1959 3033 2028 3043 -
2073 3005 2284 3054 Ursinus
2333 3001 2562 3050 excitavit
2599 3017 2626 3048 e

1607 3094 1768 3132 vetere
1823 3084 1954 3133 libro
2005 3081 2368 3147 prefecturam.
2417 3084 2630 3127 Frustra.

1607 3165 1659 3212 J.
1681 3166 1745 3212 V.
1775 3166 1834 3214 L.
1867 3191 1936 3202 —
1953 3163 2142 3212 Detulit
2165 3161 2248 3209 hie
2273 3177 2378 3210 nou
2403 3169 2477 3207 est
2494 3173 2632 3206 aecn-

1611 3243 1736 3290 savit
1757 3276 1772 3301 ‚
1822 3243 1912 3292 sed
1953 3243 2006 3290 in
2051 3239 2298 3290 benefieiis
2349 3236 2525 3286 detulit
2564 3236 2628 3285 ad

1612 3323 1830 3370 aerarium
1843 3355 1858 3379 ‚
1875 3319 2052 3369 detulit
2067 3320 2228 3368 Caeaar
2248 3331 2344 3368 tam
2366 3333 2516 3381 quum
2535 3332 2630 3380 pro

1609 3411 1817 3465 pretore
1847 3401 2021 3449 suisset
2052 3401 2104 3447 iu
2125 3399 2381 3463 Hispania,
2407 3411 2551 3460 quam
2579 3395 2632 3442 in

1609 3479 1962 3544 proconsulatu
1983 3479 2037 3525 in
2057 3477 2244 3527 Gallia:
2273 3474 2410 3540 qnod
2440 3485 2490 3522 et
2508 3473 2634 3522 alios

1611 3557 1816 3605 sensisse
1851 3558 2105 3606 Manutius
2145 3555 2398 3620 prodidit,
2433 3569 2526 3600 nec
2563 3561 2631 3599 ta-

1613 3653 1724 3684 men
1743 3638 1846 3702 ipse
1875 3635 2014 3685 valde
2039 3635 2245 3702 probat,
2265 3632 2468 3683 Balbum
2487 3633 2633 3680 fuisse

1613 3715 1898 3781 praefectum
1935 3715 2124 3764 fabrum
2145 3749 2160 3773 ‚
2197 3715 2282 3778 qui
2326 3724 2430 3761 erat
2470 3712 2634 3760 honor

1614 3806 1666 3844 et
1711 3795 2068 3844 commendatio
2105 3793 2304 3842 illorum
2342 3792 2598 3840 hominum
2617 3823 2633 3847 ‚

1517 3914 1532 3931 ,
1613 3875 1702 3939 qni
1763 3875 2107 3924 deserebantur
2161 3872 2224 3921 ad
2273 3871 2528 3928 amrium,
2577 3880 2632 3918 ut

1616 3965 1744 4003 recte
1771 3957 1820 4002 J.
1851 3959 1929 4004 Fr.
1969 3957 2192 4004 Gronov.
2213 3951 2406 4001 notavit
2432 3951 2522 3999 lib.
2561 3952 2632 3997 111

508 4029 723 4092 spaniam
754 4029 1060 4092 ulteriorem,
1096 4047 1157 4079 ex
1188 4033 1445 4080 consulatu
1478 4035 1530 4080 in
1619 4033 1682 4080 de
1727 4037 1840 4082 Pec.
1869 4035 1982 4083 Vet.
2027 4049 2133 4097 cap.
2176 4031 2266 4080 ult.
2317 4033 2396 4080 Sic
2445 4027 2634 4094 deferre

511 4109 713 4158 Galliam
738 4111 897 4160 Caesar
918 4121 985 4158 est
1010 4112 1257 4176 profectus
1280 4126 1293 4160 :
1325 4112 1376 4160 in
1394 4123 1526 4160 utra-

1620 4113 1750 4176 apud
1769 4113 1988 4162 eumdem
2004 4109 2415 4170 Cieeronem,vid.
2435 4109 2498 4156 ad
2517 4108 2628 4156 niv.
