2996 4694
820 403 1203 472 ORATIO
1252 404 1457 471 PRO
1507 403 1580 470 P.
1646 401 2051 492 sEx‘rlo.
2357 398 2488 472 105

378 525 707 595 excitare.
764 526 1099 593 Attamen
1142 521 1345 594 facile
1388 537 1538 606 est,
1593 545 1820 617 quum
1865 521 1940 592 id
1982 520 2101 608 fit,
2141 523 2489 619 quemad·
2559 587 2562 590 ,

372 632 673 705 modum
698 686 719 720 ‚
756 646 829 702 et
860 657 901 702 a
949 629 1215 728 quibus
1256 631 1420 718 fiat,
1463 645 1534 701 et
1567 629 1744 728 quid
1781 633 2058 728 integra
2099 631 2488 703 multitudo

324 821 331 826 ,
374 742 617 830 faciat,
642 743 904 814 videre.
940 742 1136 833 Quid
1162 767 1298 838 ego
1326 765 1524 812 nunc
1559 741 1789 812 dicam
1808 794 1828 822 ,
1855 740 2122 838 quibus
2145 742 2344 828 viris,
2369 757 2494 813 aut

376 854 496 924 cui
542 855 787 950 generi
828 853 1097 924 civium
1146 852 1452 924 maxime
1505 847 2078 950 applaudatur3?
2127 855 2489 924 neminem

374 977 689 1033 vestrum
725 959 925 1033 fallit.
964 963 1069 1034 Sit
1103 961 1243 1033 hoc
1280 985 1449 1034 sane
1490 960 1732 1049 leve43
1783 959 1984 1058 quod
2019 985 2170 1032 non
2201 963 2302 1030 ita
2341 975 2448 1032 est
2473 1014 2494 1048 ‚

377 1072 721 1169 quoniam
763 1072 1041 1170 optimo
1073 1074 1337 1169 cuique
1372 1072 1824 1168 impertitur:
1863 1071 2028 1158 sed,
2067 1072 2126 1142 si
2163 1083 2270 1142 est
2309 1070 2498 1157 leve,

377 1180 656 1252 homini
704 1181 901 1278 gravi
938 1182 1091 1252 leve
1132 1196 1281 1270 est;
1319 1184 1385 1251 ei
1430 1205 1641 1268 vero,
1677 1183 1805 1278 qui
1847 1177 2158 1277 pendet⁵
2200 1203 2240 1249 a
2278 1178 2496 1250 rebus

376 1291 781 1379 levissimiS,
812 1293 943 1387 qui
974 1315 1267 1362 rumore
1288 1345 1309 1378 ,
1328 1305 1401 1362 et
1428 1291 1550 1389 (ut
1583 1292 1720 1389 ipsi
1743 1286 2230 1385 loquuntur⁶>
2249 1286 2492 1360 favore

380 1400 637 1499 populi
668 1415 961 1473 tenetur
998 1415 1069 1473 et
1108 1400 1432 1492 ducitur,
1485 1401 1814 1499 plausum
1853 1399 2498 1486 immortalitatem,

375 1510 703 1583 sibilum.
740 1527 1051 1584 mortem
1108 1512 1333 1584 videri
1390 1536 1682 1584 necesse
1746 1527 1873 1585 est.
1939 1515 2045 1582 Ex
2105 1525 2176 1583 te
2240 1512 2497 1608 igitur,

376 1624 639 1694 Scaure
656 1633 712 1709 ⁷,
734 1623 1185 1719 potissimum
1212 1647 1460 1719 quaero
1480 1678 1502 1710 ‚
1531 1621 1892 1720 qui-ludos
1921 1622 2498 1719 apparatissimos

376 1729 1264 1829 magnificentissimosque
1310 1730 1577 1818 fecisti,
1623 1733 1866 1828 ecquis
1887 1727 1892 1734 ’
1915 1734 2216 1801 istorum
2263 1752 2498 1827 popu·-

376 1840 637 1912 larium
660 1836 693 1890 8
730 1856 895 1914 tuos
920 1841 1131 1914 ludos
1164 1839 1609 1940 adspexerit3
1651 1844 1898 1937 ecquis
1925 1863 2002 1912 se
2037 1838 2320 1910 theatro
2369 1861 2499 1936 po-

376 1951 701 2048 puloque
724 1975 1033 2038 romano
1060 1951 1518 2022 commiserit.
1551 1956 1713 2048 Ipse
1737 1949 1892 2021 ille9
1911 1950 2213 2019 maxime
2238 1947 2501 2034 ludim,

378 2083 532 2129 non
564 2061 797 2130 solum
828 2073 1210 2156 spectator,
1235 2058 1363 2130 sed
1396 2074 1599 2130 actor
1625 2073 1696 2130 et
1723 2082 2073 2144 acroama,
2103 2058 2232 2153 qui
2262 2059 2502 2126 omnia

380 2171 645 2238 sororis
685 2166 995 2239 embolia
1048 2170 1288 2255 novit,
1335 2171 1463 2264 qui
1504 2171 1580 2238 in
1627 2183 1892 2239 coetum
1941 2167 2320 2238 mulierum
2369 2191 2500 2263 pro

376 2277 665 2377 psaltria
693 2288 755 2322 ¹⁰
796 2275 1177 2349 adducitur
1197 2331 1219 2367 ‚
1256 2301 1389 2349 nec
1426 2292 1592 2351 tuos
1639 2275 1850 2347 ludos
1883 2275 2213 2375 adspexit
2253 2277 2330 2349 in
2371 2274 2497 2344 illo

451 2538 503 2593 3.
535 2542 760 2592 Maxime
793 2541 1137 2607 applaudaeur.
1186 2541 1395 2589 Verbum

378 2622 502 2669 illud
542 2608 817 2669 unanimem
868 2620 1036 2685 populi
1080 2634 1395 2679 consensum,

380 2718 483 2749 nou
516 2716 651 2748 raros
684 2715 803 2748 vero
834 2710 883 2747 et
912 2698 1062 2747 exiles
1090 2698 1287 2764 plausus
1321 2700 1397 2746 in-

380 2780 527 2828 dicat.

452 2866 501 2915 4.
538 2862 647 2907 Hoc
670 2872 791 2905 sane
821 2858 937 2906 leve.
975 2858 1049 2906 Sit
1076 2858 1273 2922 plausus
1294 2872 1398 2903 non

380 2938 543 3002 magni
562 2937 813 2985 momenti.

454 3019 503 3066 5.
534 3017 629 3079 Qui
646 3016 845 3081 pendet.
873 3014 1038 3077 Qualis
1064 3024 1135 3062 est
1166 3014 1399 3073 Clodius,

382 3113 528 3163 quam
553 3097 680 3143 enim
714 3110 814 3141 rem
847 3095 1043 3141 maximi
1072 3094 1307 3150 astituat,
1340 3110 1399 3141 ex

382 3192 437 3225 ea
456 3178 559 3241 ipsa
582 3191 633 3223 re
647 3210 663 3234 ‚
678 3174 779 3223 boo
795 3186 893 3233 est,
914 3188 977 3221 ex
1002 3173 1175 3237 populi
1200 3173 1396 3237 plausu,

382 3266 663 3319 argumento
680 3253 833 3303 ducto
845 3288 861 3313 ‚
877 3253 1158 3318 popularem
1177 3266 1279 3299 non
1297 3266 1399 3300 esse

384 3332 656 3380 confirmat.

451 3412 501 3458 6.
532 3412 596 3457 Ue
614 3410 709 3475 ipsi
728 3412 1011 3474 loquuntur.
1042 3411 1213 3473 Furor,
1240 3420 1289 3457 et
1316 3404 1398 3456 ui·-

383 3490 568 3546 bamts‚
600 3488 848 3536 Ciceronis
883 3499 1021 3537 atate
1060 3504 1187 3536 nova
1225 3489 1401 3549 fuisse,

384 3584 474 3615 nec
500 3577 609 3613 aute
638 3568 810 3614 usitata
827 3598 844 3623 ‚
876 3567 1043 3615 asserit
1071 3566 1402 3630 Quintilianus

380 3646 512 3695 libro
536 3647 636 3692 ΧΠ
654 3680 669 3704 ,
700 3660 807 3707 cap.
838 3645 899 3693 32
933 3647 1095 3709 itaque
1120 3646 1320 3703 Cicero,
1346 3654 1404 3691 ut

384 3740 559 3773 novam
588 3722 849 3769 dictionem
876 3724 1099 3771 videatur
1114 3738 1403 3788 agnoscere,

385 3802 521 3866 quasi
540 3818 590 3849 se
608 3816 841 3848 excusans
862 3802 947 3859 ait,
964 3824 991 3843 ιι
1003 3804 1073 3850 Ut
1090 3804 1183 3867 ipsi
1200 3804 1404 3867 loquun-

384 3892 467 3929 tur
486 3902 528 3938 »,
554 3881 591 3927 ii
612 3880 794 3927 scilicet
806 3914 820 3939 ‚
838 3881 922 3942 qui
942 3896 970 3927 a
986 3880 1131 3929 rebus
1151 3881 1403 3929 levissimis

384 3960 624 4025 pendent,
671 3959 757 4023 qui
792 3958 963 4022 populi
999 3960 1195 4022 gratiam
1232 3960 1403 4023 quavis

387 4051 491 4086 arte
522 4048 825 4103 aucupantur
860 4050 875 4086 τ
911 4036 983 4084 sic
1020 4038 1070 4084 in
1102 4038 1305 4101 epistola
1340 4038 1405 4085 ad

390 4118 487 4181 Ap.
505 4117 763 4166 Pulchrum
782 4150 797 4177 ,
822 4132 994 4165 usurus
1016 4131 1144 4165 nova
1164 4116 1404 4176 dictione,

1484 2562 1512 2584 α
1530 2544 1600 2591 Te
1615 2576 1630 2601 ‚
1665 2542 1824 2606 inquit
1842 2577 1858 2603 ,
1880 2541 2124 2591 hominem
2141 2575 2156 2601 ‚
2191 2551 2247 2589 ut
2273 2555 2408 2588 nuno
2429 2539 2504 2587 lo-

1484 2632 1721 2685 quuntur,
1748 2620 1986 2669 urbanum
2003 2642 2046 2667 ι».

1560 2718 1609 2761 7.
1633 2703 1830 2750 Scaure.
1849 2700 2070 2749 AEdilitss
2090 2699 2256 2747 Scauri
2278 2697 2506 2762 publicos

1482 2796 1643 2827 mores
1669 2779 1868 2827 omnino
1891 2779 1989 2826 sere
2013 2777 2355 2842 pessumdedit.
2393 2778 2504 2825 Hoc

1484 2858 1671 2907 Plinius
1709 2869 1934 2913 testatur,
1971 2872 2120 2921 quum
2157 2857 2219 2905 de
2251 2856 2380 2903 ludis
2409 2855 2508 2903 illis

1484 2936 1631 2984 verba
1651 2937 1794 2997 facit,
1812 2936 2090 3000 Sullamque
2109 2937 2176 2983 ait
2188 2970 2202 2995 ‚
2225 2934 2505 2999 reipublice

1484 3032 1587 3063 non
1616 3026 1714 3063 tam
1746 3031 1890 3080 grave
1929 3014 2112 3063 vulnus'
2142 3015 2361 3062 intulisse
2390 3030 2510 3078 pro·
2607 3036 2616 3046 ’

1484 3094 1831 3158 scriptionibus
1847 3128 1860 3149 ‚
1876 3110 2020 3157 quam
2040 3108 2190 3157 quum
2208 3104 2388 3141 tantam
2405 3094 2507 3139 vim

1484 3167 1708 3229 pecunie
1735 3180 1914 3229 genero
1943 3180 2034 3212 suo
2070 3164 2348 3211 transmisit·
2391 3164 2510 3227 Legi

1485 3254 1651 3307 potest
1667 3244 1756 3293 lib.
1775 3244 2004 3291 xxxvl
2019 3241 2162 3306 quale
2175 3242 2327 3291 fuerit
2373 3243 2511 3291 cauri

1484 3324 1745 3374 theatrum.
1768 3323 1872 3373 Vix
1893 3322 2124 3371 audibile
2149 3334 2222 3373 est
2245 3324 2392 3371 unius
2414 3322 2510 3372 viri

1486 3420 1608 3469 opes
1623 3438 1638 3463 ‚
1664 3415 1742 3453 tot
1761 3416 1814 3453 et
1834 3414 1964 3452 tanta
1989 3402 2264 3467 protulisse.

1560 3486 1609 3533 8.
1653 3486 1862 3532 Istorum
1899 3480 2230 3547 popularium.
2277 3482 2513 3546 Quamvis

1486 3562 1746 3626 populares
1765 3561 1922 3609 videri
1944 3561 2192 3610 studerent
2205 3596 2224 3620 ,
2257 3561 2321 3609 ad
2345 3562 2488 3610 ludos
2505 3597 2524 3625 ,

1488 3641 1742 3689 sibilorum
1767 3651 1898 3689 metu
1919 3674 1934 3699 ,
1962 3640 2034 3689 ire
2060 3656 2160 3688 non
2184 3642 2286 3689 ausi
2313 3652 2444 3691 sunt.

1559 3738 1610 3785 9.
1639 3724 1748 3785 ιρω
1772 3722 1868 3769 me.
1890 3724 1949 3769 ι’.
1980 3720 2202 3771 mosius.
2241 3748 2310 3759 -
2331 3704 2508 3770 hadid..

1490 3800 1742 3849 dicebatur
1760 3800 1845 3863 qui
1873 3801 1926 3847 in
1947 3799 2137 3849 theatro
2160 3799 2408 3862 psallebat.
2436 3826 2510 3837 -

1490 3882 1758 3928 Aemama.
1782 3880 2106 3927 Recitatorem
2125 3876 2376 3940 signifieat.

1565 3974 1644 4006 10.
1685 3960 1778 4005 Pru
1819 3956 2046 4021 psaltria.
2081 3954 2272 4005 Alludit
2310 3954 2374 4002 ad
2415 3955 2513 4004 boc

1490 4037 1656 4086 Clodii
1699 4038 1908 4095 sactum,
1937 4051 2089 4100 quum
2121 4032 2358 4096 psaltria·
2381 4046 2516 4082 veste

1490 4115 1692 4164 indutus
1704 4148 1722 4174 ,
1743 4114 1798 4163 in
1819 4114 2020 4162 domum
2033 4109 2234 4161 Coeaaris
2255 4126 2346 4175 per
2365 4112 2514 4160 Bone
