2996 4694
771 421 1160 492 oRA‘rlo
1209 421 1407 490 PRO
1455 424 1530 492 P.
1581 421 1989 496 sEx‘rlo.
2358 453 2443 528 19

330 547 489 618 Non
543 546 784 616 recito·
817 543 1188 617 decretum
1241 541 1484 615 officio
1532 543 1776 642 aliquo
1821 568 2235 644 expressum
2268 554 2444 626 vici-

329 653 602 741 nitatis,
632 667 758 723 aut
801 652 1145 725 clientelae
1167 705 1186 736 ‚
1226 665 1352 723 aut
1388 651 1683 750 hospitii
1714 653 2021 753 publici,
2064 673 2191 730 aut
2222 657 2444 736 ambi-

322 761 571 851 tionis,
613 777 739 833 aut
779 761 1422 860 commendationis
1456 765 1723 860 gratia:
1762 763 1886 836 sed
1914 769 2138 841 recito
2170 793 2443 844 memo·

311 872 497 942 riam
560 871 923 971 perfuncti
982 871 1330 971 periculi,
1387 871 1967 970 praedicationem
2026 879 2441 976 amplissimi

311 979 691 1072 beneficii,
725 984 953 1054 vicem
1005 979 1228 1052 officii
1277 985 1681 1079 praesentis,
1723 985 2219 1058 testimonium
2256 1011 2442 1088 prae-

319 1093 512 1164 teriti
547 1095 913 1192 temporis.
951 1095 1188 1191 Atque
1227 1091 1362 1163 illis
1389 1092 1841 1190 temporibus
1874 1094 2125 1169 iisdem
2150 1153 2171 1190 ,
2210 1121 2441 1199 quum

314 1203 459 1298 jam
501 1209 820 1308 Capuam
863 1217 1066 1275 metu
1101 1204 1386 1274 Sextius
1424 1199 1830 1292 liberasset3
1856 1203 2115 1280 urbem
2152 1227 2443 1286 senatus

315 1325 536 1406 atque
586 1335 840 1385 omnes
891 1311 1109 1401 boni,
1147 1309 1611 1411 deprehensis
1654 1328 1871 1412 atque
1896 1321 2277 1416 oppressis
2316 1323 2443 1394 do·

309 1423 628 1495 mesticis
664 1421 1034 1510 hostibus,
1069 1447 1190 1494 me
1230 1421 1454 1511 duce,
1491 1447 1579 1494 ex
1607 1425 1947 1522 periculis
1972 1430 2298 1504 maximis
2326 1458 2445 1505 ex·

313 1536 746 1606 traxissent:
781 1559 922 1633 ego
957 1533 1179 1606 literis
1215 1543 1386 1604 e'um
1427 1536 1677 1631 Capua
1714 1537 2044 1607 arcessivi
2093 1563 2261 1612 cum
2314 1542 2442 1616 illo

317 1645 633 1715 exercitu
651 1699 671 1733 ,
718 1669 937 1742 quem
985 1657 1146 1715 tum
1189 1665 1436 1714 secum
1480 1641 1815 1715 habebat.
1864 1645 2149 1737 Quibus
2200 1649 2320 1723 hic
2360 1653 2445 1725 li-

315 1755 486 1826 teris
527 1753 726 1826 lectis
768 1753 860 1827 ad
893 1754 1154 1828 urbem
1200 1751 1580 1828 confestim
1636 1755 2035 1829 incredibili
2082 1759 2445 1838 celeritate

317 1861 692 1936 advolavit.
729 1869 1002 1962 Atque,
1040 1879 1124 1936 ut
1159 1864 1351 1936 illius
1386 1869 1735 1963 temporis
1770 1868 2215 1941 atrocitatem
2241 1884 2309 1918 ²⁰
2334 1894 2447 1946 re-

316 1975 600 2047 cordari
631 1976 939 2072 possitis,
974 1973 1216 2045 audite
1252 1971 1532 2062 literas,
1568 1988 1640 2045 et
1678 1989 1986 2046 vestram
2020 1985 2446 2054 memoriam

317 2083 410 2155 ad
458 2085 735 2155 timoris
789 2085 1134 2182 praeteriti
1201 2085 1713 2182 cogitationem
1779 2091 2104 2160 excitate.
2160 2094 2445 2166 Lmenffi

318 2198 736 2285 thnnoms,
768 2215 1121 2266 cousums.

411 2309 498 2378 V.
549 2293 706 2376 Hoc
746 2302 1064 2376 adventu
1100 2306 1176 2375 Ρ.
1225 2304 1478 2390 Sextii,
1526 2300 1992 2375 tribunorum
2039 2305 2270 2404 plebis
2310 2333 2445 2382 no-

315 2423 647 2503 vorum1,
690 2414 819 2511 qui
860 2428 1056 2501 tum,
1102 2413 1441 2484 extremis
1489 2410 1749 2485 diebus
1798 2415 2212 2489 consulatus
2257 2425 2447 2509 mei,

316 2550 432 2597 res
458 2549 575 2597 eas
591 2578 610 2611 ,
649 2548 829 2621 quas
856 2546 1251 2620 gesseram,
1278 2547 1541 2594 vexare
1576 2522 1967 2621 cupiebant
1988 2580 2008 2615 ,
2037 2526 2447 2628 reliquique

319 2631 838 2731 conjurationis
864 2635 1220 2731 impetus²
1257 2646 1329 2703 et
1356 2648 1658 2704 conatus
1694 2648 1867 2705 sunt
1899 2636 2259 2710 retardati.
2301 2645 2447 2731 Ac,

319 2760 789 2842 posteaquam
831 2758 938 2817 est
972 2742 1416 2815 intellectum
1437 2795 1456 2830 ,
1496 2746 1771 2815 Catone
1790 2739 1846 2832 ³,
1886 2743 2188 2816 tribuno
2214 2748 2447 2845 plebis

317 2854 743 2943 fortissimo,
798 2868 1018 2951 atque
1069 2857 1346 2951 optimo
1393 2856 1583 2940 cive,
1635 2850 2160 2951 rempublicam
2202 2854 2448 2929 defen-

317 2964 571 3052 dente,
606 2988 738 3063 per
764 2988 842 3037 se
875 2966 1114 3062 ipsum
1147 2976 1474 3035 senatum
1507 2961 2013 3060 populumque
2038 2988 2446 3057 romanum,

319 3076 474 3146 sine
517 3073 827 3145 militum
871 3070 1201 3172 praesidio
1244 3071 1433 3143 tueri
1466 3068 1673 3143 facile
1718 3072 2159 3167 majestatem
2198 3100 2444 3166 suam,

389 3305 474 3340 ao.
530 3289 670 3339 Illius
721 3286 944 3353 temporis
1001 3283 1330 3355 atrocitatemq-
1495 3298 1543 3330 a.
1560 3280 1845 3347 Reliquiqm
1860 3282 2212 3349 conjurationis
2222 3286 2443 3354 impem.

318 3369 550 3431 Quanam
579 3368 834 3426 atrocitas,
867 3382 1018 3430 quum
1039 3365 1138 3427 iam
1166 3364 1334 3413 dome·
1422 3362 1589 3424 Quum
1628 3360 1791 3410 adhue
1830 3362 1883 3409 in
1927 3362 2051 3411 urhe
2092 3367 2447 3429 conjurationis

318 3448 431 3495 stici
474 3447 637 3497 hostes
685 3446 972 3513 deprehensi
1016 3443 1334 3510 oppressique
1421 3440 1626 3489 occultes
1646 3440 1863 3505 reliquie
1878 3456 2197 3505 superessent.

317 3526 513 3575 essent?
545 3529 646 3589 ipse
671 3542 724 3575 se
755 3526 922 3591 paullo
947 3534 1066 3591 post
1091 3524 1330 3589 exponit,
1491 3522 1547 3569 3.
1607 3520 1807 3569 Catone.
1848 3521 1949 3584 Qui
1989 3524 2231 3573 Uticensis
2276 3539 2445 3592 postea

319 3620 468 3669 quum
486 3606 582 3653 ait=
601 3605 962 3655 «Tribunos-um
981 3606 1052 3670 pl.
1073 3618 1334 3661 novorum,
1418 3598 1791 3663 cognominatus
1811 3612 1825 3647 ε
1846 3599 1957 3661 hie,
1974 3616 2125 3665 quum
2142 3604 2355 3655 audisset
2374 3609 2445 3670 Q.

316 3685 586 3749 reliquique
611 3685 957 3745 conjurationis
985 3685 1224 3748 impetus,
1248 3696 1333 3729 eo·
1418 3678 1673 3727 Metellum
1718 3678 1963 3743 Nepotem
2000 3679 2300 3733 tribunatum
2340 3702 2445 3735 esse

317 3776 556 3828 natusque
573 3762 802 3810 retardati
818 3773 932 3812 sunt
947 3784 989 3811 ιο.
1421 3760 1719 3823 petiturum,
1764 3774 1911 3822 quem
1950 3758 2013 3809 de
2046 3761 2297 3826 republica
2340 3779 2445 3813 non

387 3847 450 3893 V.
486 3858 530 3893 r.
566 3840 882 3890 Tribunatum
897 3840 1050 3906 plebis
1077 3856 1333 3891 novorum·
1423 3838 1609 3903 optime
1634 3835 1849 3900 cogitare
1876 3850 2177 3903 compertum
2202 3840 2443 3903 habebat,

318 3923 533 3972 Maxime
557 3923 622 3984 Q.
650 3919 903 3969 Metellum
919 3921 1159 3984 Nepotem
1183 3920 1336 3985 signi-
1421 3934 1485 3967 a
1509 3916 1683 3966 itinere
1707 3916 1761 3964 in
1789 3916 1971 3966 Urbem
1996 3918 2173 3981 rediit,
2208 3930 2263 3967 ut
2290 3919 2445 3969 tribu-

319 4000 458 4051 fleatz
477 4002 564 4066 qui
581 4002 869 4051 Ciceronem
885 4008 1100 4047 extremo
1115 4000 1336 4049 eonsuia-
1422 4008 1589 4046 uatam
1635 4004 1819 4060 peteret
1834 4028 1851 4056 ,
1896 3994 2109 4059 indeque
2158 3999 2445 4061 perniciosis

319 4092 396 4129 tus
423 4082 501 4129 die
515 4114 530 4139 ,
557 4079 812 4130 concionis
837 4076 1071 4127 habenda
1095 4089 1336 4144 potestate
1423 4076 1610 4124 Metelli
1630 4074 1827 4137 collega
1844 4074 2181 4137 rogationibus
2196 4088 2283 4125 aut
2304 4094 2449 4131 0011..

319 4159 548 4223 privavit.
1425 4154 1559 4203 tibus
1576 4152 1849 4202 obsisteret.
1870 4153 2182 4210 Plutarchus,
2202 4155 2305 4207 alii.

2126 4266 2191 4309 2.
