2996 4694
500 394 642 490 394
1139 397 1238 464 Μ.
1291 397 1368 464 Τ.
1423 396 1991 468 CICERONIS

499 541 632 613 per
665 531 758 605 te,
779 514 904 588 sed
933 515 1232 614 perditae
1249 527 1307 562 ¹¹
1343 520 1679 606 civitatis;
1710 541 2089 615 quumque
2116 521 2439 588 omnium
2466 534 2661 590 tuo-·

503 652 670 698 rum
709 626 1060 698 scelerum
1111 628 1262 700 baec
1311 629 1549 725 pactio
1593 629 1973 714 exstiterit,
2019 644 2135 714 ut,
2186 631 2243 698 si
2284 644 2365 699 tu
2408 643 2631 700 totam

503 734 1024 832 rempublicam
1070 735 1356 808 nefariis
1400 736 1803 809 latronibus
1851 737 2359 826 tradidisses¹²‚
2404 743 2636 810 Mace·

503 842 723 915 donia
754 845 888 916 tibi
918 845 1016 917 ob
1049 871 1208 918 eam
1243 872 1435 934 rem,
1471 848 1741 946 quibus
1768 863 1849 920 tu
1884 846 2153 920 finibus
2186 849 2439 938 velles,
2472 849 2633 920 red-

505 954 840 1044 deretur3
881 981 1110 1053 quum
1155 957 1629 1030 exhauriebas
1658 955 2095 1046 aerarium133
2139 983 2369 1055 quum
2418 958 2630 1031 orba·

504 1062 632 1136 bas
656 1067 930 1138 Italiam
955 1067 1373 1161 juventute3
1409 1093 1641 1166 quum
1672 1093 1865 1140 mare
1893 1071 2366 1141 vastissimum
2398 1069 2635 1141 hieme

507 1175 858 1248 transibas
887 1205 904 1248 τ
931 1183 990 1248 si
1017 1179 1464 1276 triumphum
1491 1178 2039 1267 contemnebas,
2067 1205 2227 1276 quae
2252 1195 2363 1268 te,
2392 1179 2635 1278 praedo

506 1288 1021 1371 amentissime,
1063 1289 1200 1358 nisi
1245 1289 1500 1386 praedae
1537 1313 1619 1360 ac
1654 1290 2067 1386 rapinarum
2104 1288 2457 1387 cupiditas
2490 1303 2633 1359 tam

497 1419 696 1468 caeca
761 1397 1134 1496 rapiebat?
1187 1403 1348 1470 Non
1401 1415 1507 1471 est
1561 1402 2004 1496 integrumfl*
2062 1403 2195 1470 Cn.
2248 1401 2633 1497 Pompei0‚

509 1507 808 1578 consilio
829 1510 978 1604 jam
1017 1512 1121 1579 uti
1155 1523 1315 1590 ωος
1354 1512 1616 1580 erravit
1632 1515 1857 1582 enim.
1888 1513 2056 1581 Non
2084 1525 2403 1606 gustarat
2429 1512 2631 1580 istam

511 1631 712 1688 tuam
747 1617 1303 1718 philosophiam.
1333 1624 1470 1691 Ter
1483 1620 1641 1713 ‚jam
1684 1619 1909 1690 homo
1944 1619 2205 1691 stultus
2233 1618 2635 1715 triumpha-

509 1731 632 1798 vit.
677 1725 1037 1819 Crasse¹⁵‚
1078 1728 1306 1828 pudet
1339 1753 1454 1801 me
1491 1731 1616 1803 tui.
1657 1730 1855 1820 Quid
1884 1745 2030 1816 est,
2068 1729 2265 1826 quod
2306 1729 2637 1800 consecto

509 1861 640 1935 per
686 1855 760 1911 te
825 1838 1492 1914 formidolosissimo
1546 1841 1775 1929 bello,
1836 1865 2175 1912 coronam
2227 1841 2421 1911 illam
2482 1841 2636 1911 lau-

511 1948 790 2022 ream¹⁶
865 1951 999 2024 tibi
1063 1967 1439 2050 tantopere
1514 1951 1805 2023 decerni
1860 1951 2171 2022 volueris
2236 1975 2277 2020 a
2336 1948 2637 2021 senatu?

513 2063 587 2129 P.
645 2060 942 2151 Servili,
991 2052 1078 2152 Q.
1135 2061 1460 2145 Metelle,
1520 2065 1600 2132 C.
1650 2061 1901 2146 Curi0‚
1964 2065 2033 2130 P.
2090 2059 2458 2143 Africam,
2512 2084 2639 2130 cur

509 2193 660 2240 non
699 2171 896 2243 hunc
925 2171 1222 2244 audistis
1255 2187 1400 2244 tam
1435 2172 1731 2244 doctum
1778 2171 2147 2243 hominem
2172 2226 2191 2258 ‚
2226 2185 2370 2242 tam
2406 2169 2640 2242 erudi-

511 2294 699 2369 tum,
741 2284 984 2381 prius,
1037 2305 1258 2380 quam
1309 2284 1382 2353 in
1434 2283 1652 2353 istum
1702 2305 2019 2353 errorem
2066 2279 2639 2353 induceremini?

507 2396 585 2465 C.
607 2394 744 2491 ipsi
774 2398 1281 2493 Pomptinio¹⁷‚
1310 2396 1710 2465 necessario
1739 2418 1933 2481 me0‚
1958 2394 2103 2489 jam
2140 2417 2291 2464 non
2326 2406 2435 2463 est
2466 2394 2641 2461 inte-

511 2525 720 2599 grum
758 2530 775 2572 :
813 2503 1288 2600 religionibus
1318 2508 1515 2576 enim
1545 2508 1897 2603 susceptis
1920 2504 2334 2601 impeditur.
2374 2508 2438 2572 Ο
2470 2502 2637 2573 stul-

591 2723 610 2755 ι
626 2721 674 2756 1.
727 2704 959 2755 Per-diue.
1007 2707 1263 2757 Turnebus
1309 2678 1535 2758 emendat
1699 2708 1777 2755 15.
1809 2709 1993 2757 statu.
2020 2708 2155 2757 Dicit
2178 2708 2255 2757 M.
2280 2709 2527 2766 Crassum,
2552 2706 2643 2771 qni

502 2784 732 2850 procliue.
759 2788 813 2835 J.
834 2783 897 2831 V.
923 2786 978 2833 1..
1622 2786 1801 2835 bellum
1844 2798 2019 2836 contra
2074 2790 2356 2851 Spartacum
2407 2787 2638 2835 confecit.

589 2882 667 2915 η.
713 2866 884 2914 Totam
937 2866 1276 2931 rempublicam
1327 2864 1557 2931 nefariis·

511 2946 779 2997 luminibus
805 2945 1110 2995 mdidisses.
1152 2948 1207 2997 P.
1225 2944 1432 3005 Clodio,
1463 2962 1535 2996 ce-

511 3026 724 3091 terisque
759 3024 1028 3086 seditiosis,
1057 3028 1142 3089 qui
1177 3024 1376 3089 impune
1403 3042 1535 3091 gras·

511 3107 742 3156 ”bantur
757 3107 810 3154 in
831 3106 1096 3173 republica.

587 3188 670 3236 13.
717 3188 877 3251 Quum
917 3184 1244 3235 exhauriebas
1280 3186 1531 3236 aerart'um.

511 3268 753 3333 stipendii
779 3276 828 3315 et
847 3266 1019 3315 vasarii
1041 3268 1275 3317 nomine:
1299 3280 1537 3331 quantum

511 3348 744 3414 stipendii
767 3348 965 3395 nomine
990 3361 1017 3393 e
1041 3346 1322 3410 reipublicae
1345 3348 1537 3395 visceri-

510 3428 606 3476 bus
639 3424 870 3490 eripuerit
885 3458 900 3482 ‚
931 3440 1035 3471 non
1073 3425 1228 3489 liquet
1254 3439 1269 3473 :
1309 3426 1433 3473 iufra
1475 3426 1538 3474 de

515 3506 702 3554 vanai-io
730 3520 743 3553 ε
789 3524 815 3545 α
839 3503 1017 3550 Nonno
1053 3504 1322 3550 sestertium
1355 3506 1538 3553 centies

514 3594 564 3632 et
581 3584 824 3645 octogies,
841 3582 978 3643 qnod
993 3582 1130 3644 qnasi
1145 3582 1317 3628 usarii
1337 3585 1542 3631 nomine

509 3664 564 3712 in
589 3660 869 3709 venditione
891 3660 988 3705 mei
1009 3660 1184 3723 eapitis
1202 3659 1539 3725 adscripseras,

514 3758 576 3790 ex
597 3740 766 3788 aerario
789 3738 880 3785 tibi
899 3738 1182 3785 attributum
1208 3758 1253 3787 ιι,

593 3828 674 3877 ι4.
729 3820 842 3866 Non
885 3828 960 3865 ese
993 3817 1250 3881 integrum.
1301 3820 1418 3866 Non
1463 3828 1539 3866 est

511 3902 744 3956 liberum,
773 3912 876 3945 nou
899 3895 1014 3943 licet
1037 3897 1126 3944 Cu.
1159 3898 1392 3961 Pompeio
1419 3898 1538 3945 resi-

511 3980 602 4028 lire
626 4014 642 4039 ,
694 3988 744 4026 et
786 3975 1023 4039 triumphi
1077 3974 1312 4025 honorem
1328 4012 1343 4035 ,
1391 3994 1537 4040 quem

509 4060 632 4109 tanti
659 4060 802 4115 fecit,
827 4066 1144 4105 contemnere
1170 4058 1394 4122 penitus,
1435 4068 1484 4105 et
1511 4073 1538 4103 a

507 4158 558 4189 se
585 4138 856 4205 deprecari.

1622 2869 1733 2929 Qua
1768 2866 1829 2914 de
1863 2882 2005 2915 causa
2039 2866 2323 2914 Plutarchus
2360 2865 2559 2925 scribit,
2595 2866 2641 2913 ei

1622 2948 1908 3011 peimissum
1922 2982 1937 3007 ,
1972 2956 2029 2994 ut
2064 2962 2217 2995 ovans
2256 2946 2427 2993 urbem
2461 2946 2641 2995 iniret:

1623 3026 1761 3089 quasi
1790 3026 2045 3090 indiguum
2084 3036 2207 3073 esset
2240 3025 2303 3072 de
2338 3026 2489 3072 servis
2528 3025 2644 3073 sub·

1623 3106 1741 3151 actis
1765 3104 2079 3169 triumphare.

1704 3182 1781 3231 16.
1816 3186 2079 3231 Bauream.
2118 3184 2242 3245 Qnae
2284 3184 2473 3247 magnis
2508 3198 2645 3247 gere·

1625 3262 1767 3311 batur
1798 3262 2073 3328 triumphis.
2116 3265 2190 3311 M.
2225 3262 2427 3312 Crassus
2466 3263 2645 3312 belln-

1628 3356 1795 3391 coutra
1842 3346 2123 3407 Spartacum
2168 3340 2458 3390 absolverat.
2516 3344 2647 3390 Huic

1624 3422 1925 3486 triurnphum
1943 3423 2179 3470 minorem
2201 3420 2415 3470 decrevit
2436 3432 2649 3479 senatus,

1626 3502 1711 3549 sed
1728 3501 1923 3562 indixit,
1938 3511 1995 3549 ut
2017 3512 2165 3566 caput
2189 3500 2351 3549 laurea
2376 3500 2647 3549 circumda·

1626 3592 1929 3643 retur-,quum
1938 3592 2125 3647 myrtea
2135 3591 2321 3629 tantum
2336 3596 2520 3628 corona
2535 3580 2649 3628 huic

1626 3658 1875 3723 triumpho
1903 3660 2051 3724 vulgo
2076 3660 2447 3708 adscriberetur.
2476 3659 2651 3709 Paullo

1626 3740 1711 3787 inf.
1736 3751 2000 3788 occurrunt
2031 3756 2173 3788 voces
2198 3739 2295 3788 illae
2322 3744 2380 3787 P.
2404 3738 2651 3805 Africani.

1624 3820 1679 3867 P.
1700 3820 1889 3867 Manut.
1908 3818 2168 3867 arbitratur
2184 3818 2416 3867 mendum
2440 3836 2545 3868 esse
2558 3854 2575 3879 ,
2602 3830 2653 3867 et

1624 3896 1914 3961 legendnm,
1950 3900 2020 3945 M.
2058 3897 2200 3961 Pupi.
2235 3898 2335 3961 Qui
2364 3900 2438 3945 M.
2467 3900 2657 3963 Pupius

1626 3977 1738 4024 Piso
1758 3976 1819 4024 de
1836 3978 2067 4041 Hispanis
2088 3978 2389 4043 triumphum
2409 3987 2593 4040 egerat.

1708 4073 1727 4102 t
1741 4074 1784 4115 7.
1818 4058 1868 4105 C.
1888 4057 1985 4121 ipsi
2008 4056 2296 4121 Pomptinio.
2320 4058 2419 4105 Alii
2435 4092 2451 4115 ,
2474 4058 2660 4106 Pomti-

1627 4151 1712 4183 no.
1738 4136 1788 4183 J.
1810 4138 1873 4184 V.
1904 4138 1959 4185 L.
