2996 4694
762 388 1145 456 ORATIO
1198 390 1297 457 IN
1346 390 1423 457 L.
1468 390 1548 457 C.
1605 388 2088 459 PISONEM.
2340 388 2483 485 389

364 508 749 595 hominis²‚
768 524 1129 608 exspecto.
1148 513 1481 596 Tuum‚si
1515 508 2102 607 placet‚reditum
2125 536 2288 582 cum
2314 537 2478 585 meo

360 616 832 690 conferamus,
876 624 981 691 Ac
1016 642 1219 691 meus
1252 618 1549 716 quidem
1589 620 1650 688 is
1683 616 1856 705 fuit,
1891 633 1975 688 ut
2025 643 2064 689 a
2096 621 2476 692 Brundisio

358 752 590 824 usque
613 734 913 801 Romam
950 753 1207 827 agmen
1242 743 1676 826 perpetuum
1717 730 1940 799 totius
1977 730 2192 799 Italiae
2213 727 2242 773 ³
2277 730 2474 802 vide-

358 864 530 911 rem.
562 845 818 936 Neque
858 842 1049 913 enim
1088 841 1285 936 regio
1316 836 1452 910 fuit
1482 838 1664 927 ulla,
1701 864 1944 937 neque
1979 841 2482 938 municipium,

358 974 603 1047 neque
630 948 1087 1048 praefectura,
1122 965 1248 1021 aut
1284 949 1562 1020 colonia
1578 949 1634 1037 ⁴,
1668 974 1755 1021 ex
1799 973 1941 1046 qua
1979 974 2127 1021 non
2177 950 2468 1047 publice

356 1056 447 1129 ad
514 1084 629 1131 me
686 1064 1017 1132 venerint
1072 1060 1527 1157 gratulatum.
1592 1058 1786 1151 Quid
1840 1056 2068 1131 dicam
2130 1057 2482 1132 adventus

354 1169 611 1239 meos?
647 1168 823 1267 quid
878 1168 1269 1241 effusiones
1312 1169 1706 1241 'hominum
1769 1194 1858 1239 ex
1911 1168 2251 1267 oppidis?
2299 1172 2476 1268 quid

356 1301 789 1351 concursum
818 1302 907 1351 ex
942 1281 1133 1379 agris
1162 1294 1447 1378 patrum
1492 1278 1796 1351 familias
1831 1304 2000 1350 cum
2044 1280 2478 1377 conjugibus

356 1412 437 1459 ac
469 1387 767 1462 liberis?
814 1390 993 1488 quid
1030 1414 1155 1462 eos
1183 1387 1372 1474 dies,
1408 1391 1577 1487 qui,
1617 1390 1822 1486 quasi
1856 1388 2159 1460 deorum
2187 1392 2482 1461 immor·

356 1497 603 1569 talium
646 1496 807 1571 festi
847 1514 1065 1596 atque
1094 1499 1451 1571 solemnes
1471 1554 1492 1585 ‚
1525 1515 1695 1571 sunt
1727 1496 2038 1569 adventu
2083 1524 2249 1571 meo
2283 1500 2478 1571 redi-

354 1622 582 1705 tuque
626 1607 1015 1681 celebrati?
1042 1614 1245 1681 Unus
1280 1609 1401 1680 ille
1448 1609 1601 1679 dies
1642 1608 1816 1679 mihi
1851 1609 2144 1705 quidem
2185 1613 2480 1683 immor-

353 1714 643 1789 talitatis
713 1720 933 1789 instar
990 1717 1131 1790 fuit
1148 1716 1203 1805 ⁵,
1247 1741 1399 1815 quo
1461 1720 1538 1787 in
1609 1719 1910 1816 patriam
1967 1719 2189 1806 redii,
2245 1746 2472 1817 quum

354 1840 680 1897 senatum
700 1852 1065 1924 egressum
1086 1823 1119 1871 ⁶
1144 1825 1314 1915 vidi,
1352 1826 1860 1926 populumque
1885 1840 2300 1899 romanum?
2325 1834 2484 1901 uni-

353 1960 681 2022 versum,
723 1962 949 2034 quum
996 1937 1170 2008 mihi
1222 1941 1377 2034 ipsa
1418 1942 1648 2007 Roma
1690 1962 1915 2035 prope
1957 1941 2301 2011 convulsa
2360 1966 2474 2013 se-

352 2042 567 2115 dibus
608 2048 793 2133 sui5‚
830 2045 917 2117 ad
964 2046 1590 2145 complectendum
1643 2063 2224 2137 conservatorem
2263 2074 2478 2122 suum

352 2154 745 2252 procedere
776 2158 923 2227 visa
960 2172 1088 2227 est.
1123 2158 1301 2247 Quae
1338 2180 1454 2227 me
1486 2157 1582 2226 ita
1609 2159 1883 2254 accepit
1904 2210 1923 2240 ‚
1957 2156 2040 2226 u't
2073 2182 2222 2230 non
2249 2160 2473 2231 modo

350 2267 677 2336 omnium
734 2291 1119 2365 generum,
1164 2280 1489 2352 aetatum,
1526 2264 1864 2337 ordinum
1917 2292 2172 2339 omnes
2212 2270 2348 2340 viri
2393 2294 2476 2343 ac

349 2375 685 2448 mulieres
706 2369 761 2464 ⁸,
796 2378 1031 2448 omnis
1081 2376 1387 2448 fortunae
1432 2399 1518 2448 ac
1558 2376 1693 2446 loci
1721 2377 1902 2466 „sed
1949 2379 2158 2448 etiam
2204 2385 2472 2452 moenia

346 2485 501 2583 ipsa
536 2486 953 2558 viderentur
1000 2501 1075 2558 et
1124 2501 1311 2560 tecta
1368 2485 1567 2556 urbis
1613 2510 1698 2557 ac
1745 2487 2010 2585 templa
2059 2487 2302 2562 laetari.
2351 2495 2472 2564 Me

345 2597 961 2694 consequentibus
1010 2595 1271 2668 diebus
1310 2598 1385 2667 in
1426 2621 1509 2667 ea
1559 2598 1712 2694 ipsa
1748 2597 2001 2685 domn,
2043 2623 2186 2695 qua
2231 2613 2310 2669 tu
2349 2623 2472 2672 me

346 2707 755 2805 expuleras,
790 2731 1007 2806 quam
1049 2704 1429 2806 expilaras‚
1473 2729 1688 2804 quam
1721 2706 2176 2796 incendam,
2226 2713 2468 2807 ponti-

344 2813 549 2906 δοες,
574 2819 940 2904 consules,
975 2833 1213 2917 patres
1236 2819 1626 2916 conscripti
1651 2817 2220 2904 collocaverunt,
2253 2821 2468 2894 mihi-

414 3085 464 3117 ο.
507 3071 574 3118 Os
610 3083 665 3120 ue
694 3070 897 3120 ‘2³1⁰de
932 3069 1158 3120 bominis.
1194 3074 1359 3136 Impu-
1446 3069 1674 3119 dicebant
1707 3071 1804 3120 sibi
1823 3088 1924 3122 non
1935 3074 2036 3134 iam
2054 3074 2466 3126 immortalitatem

344 3145 555 3198 dentiam
575 3149 706 3211 ejus,
726 3151 811 3214 qui
828 3151 987 3199 redire
1007 3149 1197 3200 audeat.
1445 3149 1606 3212 optari
1621 3183 1640 3212 ,
1658 3151 1796 3213 quasi
1815 3168 1871 3200 ea
1893 3152 2186 3200 fruerentur.

414 3227 464 3274 3.
498 3227 655 3276 Totius
679 3230 859 3280 Italia.
881 3230 1147 3278 Hominum
1172 3230 1259 3294 qui
1284 3247 1360 3278 re-
1517 3229 1568 3278 6.
1593 3230 1828 3278 Senatum
1851 3247 2111 3296 egressum.
2139 3233 2315 3296 Egredi
2341 3234 2472 3283 uole-

342 3303 474 3352 ditus
508 3307 605 3352 mei
636 3307 761 3356 snm
782 3308 933 3356 exciti
950 3341 968 3369 ,
1006 3309 1203 3359 obviam
1236 3309 1357 3358 mihi
1444 3306 1529 3355 hat
1541 3317 1827 3368 antima
1839 3311 2083 3374 exciperet
2095 3311 2466 3376 triumphantes,

340 3383 546 3432 honoris
565 3399 705 3432 mun
724 3398 971 3438 venerant.
1442 3385 1578 3449 quod
1601 3396 1675 3433 est
1695 3386 1968 3451 vulg-tuum
1985 3388 2156 3438 similis
2171 3404 2322 3454 porro
2341 3391 2472 3440 redi-

413 3469 463 3518 4.
510 3465 612 3511 Aue
650 3463 862 3515 colonia.
909 3467 989 3516 Sic
1029 3483 1223 3533 quoque
1240 3501 1257 3528 ,
1302 3468 1355 3518 in
1442 3475 1522 3512 tu·
1552 3466 1897 3530 imper-torum
1932 3483 2060 3532 nepe
2087 3485 2113 3516 ιι
2141 3471 2466 3534 pauent-inti·

340 3540 567 3590 oratione
610 3557 706 3609 pm
750 3545 917 3594 Sextio
961 3557 1013 3595 et
1042 3549 1148 3596 aliis
1180 3549 1321 3597 etiam
1339 3581 1354 3606 ,
1442 3541 1746 3594 describitur.

337 3620 599 3686 municipi·
615 3655 632 3682 ,
655 3623 993 3686 pausatum,
1020 3626 1239 3676 colonia·
1274 3627 1355 3676 di·
1517 3640 1565 3683 7·
1599 3625 1934 3690 Populumqne
1955 3642 2230 3678 romanum.
2255 3629 2410 3680 Abest
2435 3648 2462 3680 a

338 3700 563 3766 stinguit.
1440 3703 1680 3752 Vaticano
1695 3720 1796 3753 vox
1815 3705 2106 3757 universum.

410 3781 459 3828 5.
500 3779 891 3829 Imma-talitatis
926 3781 1078 3830 instar
1089 3782 1215 3849 ficit.
1260 3786 1355 3836 Illo
1515 3783 1566 3832 8.
1597 3784 1773 3833 Omnes
1799 3782 1900 3832 ve‘n'
1920 3801 1982 3832 ac
2004 3783 2241 3834 mulieres-
2267 3791 2339 3835 lia
2365 3788 2466 3836 lm·-

339 3857 419 3907 die
434 3869 611 3910 tantam
626 3863 821 3926 percepi
840 3861 1152 3927 voluptatem,
1168 3875 1355 3914 tautum
1436 3860 1652 3919 imnodi
1675 3862 1884 3927 publica
1905 3863 2085 3914 loetitiae
2102 3865 2318 3930 significa
2325 3867 2460 3914 tione

339 3936 549 3988 fructum
576 3939 757 3992 civium
785 3941 992 4000 amoris,
1021 3953 1079 3989 ut
1110 3943 1356 3994 immorta-
1442 3939 1718 3990 distinctam
1743 3953 1936 3992 aetntum
1961 3959 2018 3991 ac
2045 3961 2250 3992 sanum
2275 3945 2460 3992 faciunt
2491 3959 2498 3966 ·

338 4014 471 4065 litate
492 4019 589 4067 frui
620 4031 671 4067 et
700 4020 871 4072 carlum
894 4019 1083 4068 viderer
1100 4024 1352 4088 attingere.
1440 4020 1734 4068 mentionem
1748 4055 1764 4081 2
1783 4021 1919 4085 quod
1947 4023 2014 4070 ita
2036 4025 2247 4072 tenerior
2263 4023 2472 4086 quiden

340 4095 563 4162 Magnam
586 4097 800 4150 letitiam
833 4099 1113 4151 declaraturi
1140 4113 1323 4154 veteres
1341 4141 1357 4167 ‚
1441 4098 1642 4148 affectus
1663 4099 1856 4148 ostendi
1877 4099 2114 4152 videatur.
