2996 4694
487 383 584 484 96
1129 378 1226 447 Μ.
1280 376 1358 443 Τ.
1413 370 1981 442 CICERONIS

485 508 689 580 dium
727 502 816 578 ad
868 498 1125 600 populi
1167 492 1635 569 commodum
1652 488 1681 535 ⁵
1730 489 1821 563 ab
1864 489 2173 561 utilitate
2212 488 2620 587 reipublicae

373 658 383 673 ·
487 612 968 713 discrepabat.
1015 605 1412 681 Tabellaria
1471 604 1591 676 lex
1615 598 1649 647 ⁶
1690 600 1783 673 ab
1828 604 1908 671 L.
1946 601 2189 673 Cassio
2230 596 2620 675 ferebatur.

488 726 808 826 Populus
850 721 1256 795 libertatem
1299 718 1412 814 agi
1451 711 1756 813 putabat
1804 733 2030 783 suam.
2091 710 2625 783 Dissentiebant

490 837 854 937 principes
880 887 901 922 ,
961 845 1034 902 et
1102 831 1180 900 in
1247 826 1476 899 salute
1542 824 1999 923 optimatium
2025 830 2079 908 ⁷,
2148 825 2625 894 temeritatem
2704 874 2713 887 .

490 944 976 1023 multitudinis
1000 996 1022 1029 ‚
1077 955 1150 1011 et
1193 931 1474 1011 tabell'ae
1526 934 1891 1007 licentiam
1915 929 1946 976 ⁸
1994 932 2622 1029 pertimescebant.

494 1058 862 1157 Agrariam
879 1065 918 1141 9,
961 1050 1119 1121 Tib.
1164 1046 1535 1121 Gracchus
1579 1044 1813 1142 legem
1864 1040 2164 1115 ferebat.
2214 1046 2432 1116 Grata
2477 1030 2629 1115 erat

491 1169 818 1271 populo:
856 1163 1166 1236 fortunae
1202 1158 1549 1232 constitui
1586 1156 2005 1229 tenuiorum
2039 1152 2490 1227 videbantur.
2515 1156 2575 1226 N
2582 1155 2631 1223 i-

495 1281 840 1355 tebantur
889 1287 1142 1347 contra
1183 1269 1567 1367 optimates
1590 1319 1609 1355 ‚
1658 1264 1861 1364 quod
1909 1288 1993 1337 ea
2035 1262 2467 1335 discordiam
2504 1288 2629 1335 ex-

497 1394 699 1465 citari
753 1383 1136 1471 videbant3
1189 1395 1292 1469 et,
1348 1402 1581 1477 quum
1624 1374 2026 1474 locupletes
2056 1373 2633 1473 possessionibus

499 1498 858 1576 diuturnis
913 1499 1485 1576 moverentur¹⁰‚
1544 1486 1836 1587 spoliari
1890 1482 2414 1582 rempublicam
2458 1507 2631 1583 pro·

495 1605 1022 1715 pugnatoribus
1081 1600 1638 1675 arbitrabantur.
1694 1596 2261 1669 Frumentariam
2280 1603 2339 1639 ¹1
2398 1594 2629 1692 legem

501 1730 582 1797 C.
649 1716 1020 1795 Gracchus
1084 1711 1385 1786 ferebat.
1449 1706 1785 1781 Jucunda
1853 1732 1967 1780 res
2019 1704 2219 1805 plebi
2279 1728 2636 1792 romanae;

500 1835 736 1907 victus
773 1831 964 1901 enim
1007 1819 1608 1922 suppeditabatur
1648 1819 1842 1917 large
1886 1819 2039 1890 sine
2075 1815 2346 1887 labore.
2396 1818 2636 1913 Repu·

503 1940 822 2043 gnabant
863 1935 1044 2009 boni
1069 1989 1090 2023 ‚
1147 1929 1349 2031 quod
1393 1946 1467 2003 et
1516 1928 1609 2001 ab
1650 1927 2003 2000 industria
2044 1925 2335 2026 plebem
2376 1925 2464 1998 ad
2506 1925 2633 1997 de-

498 2052 754 2127 sidiam
791 2047 1072 2121 avocari
1120 2040 1473 2143 putabant
1494 2096 1516 2131 ,
1557 2055 1633 2114 et
1670 2040 1999 2112 aerarium
2046 2035 2407 2109 exhauriri
2432 2047 2491 2081 ¹²
2528 2036 2635 2107 vi-

497 2162 830 2238 debatur.

572 2396 623 2446 5.
650 2393 739 2444 Aa
746 2389 920 2458 populi
935 2383 1254 2437 commodum.
1283 2382 1363 2432 Ad
1382 2398 1527 2432 suum

497 2476 652 2544 ipsius
676 2469 1005 2523 commodum.
1031 2465 1270 2530 Populum
1293 2462 1424 2511 enim
1442 2461 1528 2509 hic

501 2565 704 2622 usurpat
741 2554 912 2602 Cicero
951 2563 1046 2612 pro
1087 2561 1142 2593 ea
1182 2541 1494 2591 multitudine
1510 2573 1525 2598 ‚

502 2653 614 2704 qua
631 2632 816 2684 senatui
836 2641 886 2678 et
901 2624 1214 2692 optimatibus
1228 2621 1526 2669 adversatur.

573 2717 625 2765 6.
653 2706 930 2762 Tabellaria
953 2706 1048 2753 lex.
1070 2705 1141 2752 Ut
1162 2699 1376 2766 populus
1395 2715 1526 2758 non,

501 2804 558 2843 nt
599 2801 740 2840 entes
754 2825 770 2850 ,
801 2801 922 2835 voce
939 2816 954 2843 ,
987 2782 1074 2831 sed
1101 2795 1190 2846 per
1224 2778 1424 2829 tabellas
1463 2778 1527 2827 de

501 2871 693 2922 civibus
712 2865 995 2916 sententiam
1015 2862 1174 2909 ferret.

575 2969 602 3014 7
614 2986 629 3001 .
658 2952 720 2997 In
737 2945 894 2996 salute
911 2939 1230 3008 optimatium.
1257 2939 1422 3001 Quum
1439 2936 1527 2986 ali·

501 3033 611 3099 quis
639 3030 700 3079 de
721 3039 926 3075 numero
953 3019 1260 3086 optimatium
1281 3033 1308 3064 a
1333 3017 1525 3083 populo

497 3111 812 3176 judicaretur,
821 3119 971 3168 quum
983 3101 1042 3149 de
1052 3099 1204 3148 salute
1218 3097 1526 3162 optimatium

417 3208 426 3217 ·
505 3194 558 3241 iu
582 3188 774 3255 judicio
805 3191 1058 3250 ageretur:
1088 3179 1272 3244 primus
1303 3177 1432 3225 enim
1463 3177 1524 3224 L.

505 3271 698 3321 Cassius
717 3263 906 3331 populo
922 3259 1147 3310 tabellam
1169 3256 1305 3305 dedit
1323 3256 1378 3303 in
1390 3253 1528 3317 judi-

503 3351 618 3400 cio:
645 3345 842 3395 dederat
863 3339 1063 3389 biennio
1085 3347 1198 3385 ante
1223 3334 1458 3384 Gabinius
1475 3333 1527 3380 in

503 3427 726 3480 creandis
743 3420 1118 3486 magistratibus.

578 3509 628 3557 8.
652 3502 858 3553 Tabetlae
875 3497 1140 3548 licenciam.
1161 3491 1382 3558 Populus
1398 3490 1529 3538 enim

501 3588 702 3639 liberius
747 3579 922 3632 tabella
958 3592 1105 3642 quam
1149 3589 1274 3622 voce
1325 3569 1527 3634 agebat,

504 3684 656 3737 quum
676 3665 775 3726 jam
808 3676 908 3710 nou
935 3667 1260 3723 patronorum
1287 3659 1416 3698 metu
1444 3659 1530 3696 aut

504 3743 770 3798 reverentia
803 3747 1063 3794 teneretur,
1098 3740 1358 3797 possetque
1391 3725 1531 3790 quod

499 3829 645 3878 vellet
681 3825 853 3872 ficere.
893 3819 1004 3881 Qus
1036 3811 1318 3861 tabellarum
1334 3805 1531 3854 Rhem-

501 3919 579 3970 ιο,
620 3901 951 3952 auctoritatem
990 3904 1184 3941 omnem
1220 3886 1527 3952 optimatium

502 3985 712 4034 ablatam
747 3993 848 4027 esse
879 3973 1000 4022 dicit
1033 3969 1240 4024 Cicero,
1277 3982 1340 4014 a
1376 3981 1529 4031 esque

503 4063 656 4113 multa
671 4055 950 4122 reipublicae
968 4051 1142 4098 damna
1157 4045 1289 4096 illata
1305 4045 1529 4111 pluribus

504 4137 794 4200 contendit,
838 4133 899 4186 de
932 4127 1168 4196 Legibus,
1209 4125 1294 4178 lib.
1319 4127 1415 4178 111.
1449 4125 1526 4176 De

1610 2389 1751 2422 more
1781 2372 1879 2422 hoc
1916 2373 2087 2420 confer
2118 2371 2243 2420 Plin.
2276 2386 2357 2435 ep.
2400 2370 2507 2430 111,
2536 2383 2636 2428 203

1613 2456 1705 2514 lv,
1718 2470 1747 2502 2
1756 2455 1862 2513 5‚et
1878 2453 1931 2501 in
1944 2451 2115 2516 primis
2126 2461 2348 2499 nostrum
2362 2449 2611 2515 Bousseau
2622 2484 2639 2511 ,

1616 2535 1817 2583 Comme
1834 2532 2011 2581 Social.
2614 2579 2617 2582 ,

1686 2627 1740 2676 9.
1770 2611 2054 2678 Agruvium.
2086 2609 2165 2658 Ne
2190 2608 2299 2671 quis
2326 2606 2451 2654 ultra
2485 2607 2637 2670 quin·

1614 2693 1932 2756 gensingen
1952 2687 2250 2752 possideret:
2270 2685 2405 2750 quod
2422 2686 2639 2749 aliquan-

1615 2772 1684 2819 do
1698 2771 1802 2836 lege
1812 2769 1993 2818 Licinia
2002 2777 2197 2816 cautum
2206 2776 2323 2813 erat.
2334 2763 2637 2837 Plutarchus,

1614 2851 1895 2915 Appianas,
1913 2847 2149 2906 Velleius,
2174 2845 2387 2910 epitome
2406 2843 2559 2893 Livii:
2582 2844 2639 2892 iu

1612 2947 1709 2996 qna
1732 2945 1825 2994 pro
1838 2964 1855 2993 ,
1890 2928 2151 2992 quingenta
2180 2926 2351 2990 jugera
2364 2962 2378 2986 ,
2404 2924 2638 2973 mendose

1613 3010 1807 3074 legitur,
1833 3009 2000 3057 decem
2022 3009 2189 3070 jugera
2212 3017 2226 3054 ε
2259 3016 2419 3054 errato
2446 3019 2639 3053 eausam

1611 3089 1819 3156 pra-‚buit
1839 3090 2052 3152 antiquae
2066 3096 2201 3139 noto
2237 3087 2285 3133 D
2307 3082 2567 3149 ignoratio.

1688 3185 1767 3216 xo.
1792 3172 2111 3217 Moverenmr.
2136 3168 2271 3230 Quas
2295 3166 2427 3214 euim
2448 3179 2639 3229 posses-

1614 3249 1775 3298 siones
1820 3258 1991 3295 contra
2028 3245 2185 3310 legem
2222 3244 2455 3313 Liciniam
2470 3277 2487 3302 ,
2528 3259 2639 3308 qun

1613 3327 1781 3377 multis
1806 3337 1919 3376 aute
1943 3325 2193 3374 Tiberium
2232 3323 2372 3372 annis
2396 3324 2637 3388 quingen-

1615 3419 1779 3456 torum
1802 3406 2026 3470 jugerum
2062 3417 2317 3451 numerum
2350 3400 2606 3450 definierat
2620 3437 2637 3462 ‚

1614 3485 1885 3550 locupletes
1916 3482 2137 3532 homines
2170 3481 2423 3542 tenebunt,
2458 3499 2538 3532 ens
2560 3481 2643 3530 'ri-
2728 3487 2735 3496 '

1562 3569 1577 3580 '
1614 3567 1738 3617 herii
1775 3565 1883 3630 lege
1920 3561 2224 3613 tenuioribus
2264 3561 2454 3612 trudere
2492 3577 2641 3628 coge·

1614 3647 1811 3696 bantur.

1690 3739 1713 3774 1
1728 3741 1774 3773 1.
1808 3721 2215 3772 Frumentariam.
2248 3723 2318 3770 Ut
2346 3723 2637 3770 frumentum

1618 3805 1811 3856 semisse
1823 3809 1871 3853 et
1884 3805 2055 3852 triente
2066 3803 2259 3869 populo
2272 3803 2481 3851 dentur.
2498 3803 2639 3848 Hane

1612 3886 1769 3950 legem
1786 3899 1906 3932 mox
1925 3893 1976 3932 et
1992 3884 2048 3930 L.
2066 3883 2379 3934 Saturninus,
2402 3891 2453 3928 et
2468 3891 2637 3945 postea

1615 3965 1867 4017 Ciceronis
1927 3973 2067 4012 etate
2139 3964 2194 4012 P.
2220 3959 2456 4038 ‚Clodius
2508 3958 2637 4006 tulit.

1613 4045 1742 4096 'Vide
1770 4059 1933 4110 supra.

1690 4140 1775 4177 ιι.
1796 4121 2048 4174 AErarium
2065 4115 2334 4168 exlium-iri.
2354 4119 2521 4180 Quum
2536 4115 2639 4164 fru-
