2996 4694
607 400 893 469 ORAT.
946 399 1080 469 DE
1127 388 1424 467 PRov.
1477 382 2302 468 consumamus.
2406 396 2540 468 281

425 546 644 621 quam
673 520 826 593 haec
851 518 1030 591 urbs
1055 542 1345 591 summo
1379 520 1685 615 imperio
1722 517 2166 588 domicilium
2196 542 2279 591 ac
2308 518 2553 591 sedem

423 630 870 730 praebuisset.
909 632 1085 720 Quae
1117 628 1262 722 jam
1301 627 1468 699 licet
1504 626 1881 699 considant
1895 632 1949 697 4.
1982 626 2175 699 Nihil
2214 642 2322 699 est
2360 631 2558 700 enim

421 742 616 812 ultra
649 740 842 811 illam
881 737 1332 809 altitudinem
1371 740 1733 809 montium
1766 762 2003 835 usque
2034 737 2127 809 ad
2154 740 2557 825 Oceanum‘,

425 850 630 947 quod
671 854 763 921 sit
802 849 1020 922 Italiae
1065 847 1751 945 pertimescendum.
1807 848 1945 919 Sed
1987 863 2231 919 tamen
2269 872 2417 919 una
2448 861 2561 917 at·

425 984 570 1057 que
625 960 842 1031 altera
888 973 1090 1030 aestas
1108 955 1164 1046 ⁵,
1207 958 1323 1029 vel
1363 971 1563 1031 metu
1584 1013 1604 1047 ‚
1641 957 1759 1030 vel
1794 982 1954 1057 spe,
1997 958 2111 1029 vel
2146 982 2402 1057 poena,
2448 956 2559 1029 vel

421 1070 769 1167 praemiis,
806 1067 921 1140 vel
958 1068 1210 1155 armis,
1249 1068 1364 1141 vel
1399 1066 1681 1165 legibus
1714 1082 1957 1167 potest
1987 1058 2214 1139 totam
2252 1066 2557 1139 Galliam

411 1178 883 1276 -sempiternis
923 1164 1230 1249 vinculis
1272 1177 1737 1275 adstringere.
1782 1178 2135 1276 Impolitae
2164 1174 2375 1249 vero⁶
2406 1200 2521 1247 res
2538 1230 2559 1259 ‚

426 1301 502 1359 et
535 1286 808 1359 acerbae
853 1292 914 1359 si
958 1301 1176 1359 erunt
1206 1287 1509 1374 relictae,
1554 1312 1994 1385 quamquam
2034 1301 2206 1359 sunt
2246 1288 2489 1358 accisae
2504 1298 2561 1373 ⁷,

425 1410 670 1469 tamen
704 1396 1008 1470 efferent
1049 1422 1126 1469 se
1147 1382 1586 1495 aliquando,
1631 1413 1705 1471 et
1740 1399 1831 1470 ad
1865 1396 2366 1470 renovandum
2408 1395 2559 1468 bel·

426 1508 579 1580 lum
603 1510 1056 1581 revirescent.
1087 1510 1332 1599 Quare
1359 1511 1454 1581 sit
1481 1512 1561 1579 in
1597 1509 1752 1605 ejus
1786 1508 2009 1581 tutela
2044 1508 2310 1597 Gallia,
2351 1508 2561 1603 cujus

423 1620 719 1705 virtuti,
785 1618 997 1708 fidei,
1054 1617 1372 1692 felicitati
1432 1602 1937 1692 commendata
1980 1632 2107 1691 est.
2162 1620 2444 1690 Etenim
2496 1619 2561 1689 si

423 1732 760 1813 Fortuna}
795 1726 1222 1816 muneribus
1257 1728 1715 1827 amplissimis
1748 1744 2045 1801 ornatus
2065 1784 2085 1817 ,
2120 1729 2375 1826 saepius
2404 1729 2559 1824 ejus

425 1832 610 1911 deae⁸
641 1839 1044 1936 periculum
1073 1836 1308 1910 facere
1336 1838 1563 1911 nollet
1583 1840 1609 1927 ;'
1632 1840 1691 1909 si
1714 1839 1793 1911 in
1824 1841 2158 1938 patriam,
2176 1839 2237 1910 si
2268 1838 2357 1910 ad
2386 1837 2563 1911 deos

425 1962 726 2045 penates
746 2001 765 2034 ,
803 1950 861 2017 si
898 1946 988 2018 ad
1031 1972 1188 2019 eam
1231 1948 1689 2045 dignitatem,
1735 1972 1956 2047 quam
1990 1952 2069 2019 in
2107 1950 2387 2020 civitate
2418 1946 2559 2019 sibi

425 2057 873 2155 propositam
907 2057 1143 2143 videt,
1187 2060 1248 2127 si
1286 2058 1377 2129 ad
1409 2057 1973 2152 jucundissimos
1999 2055 2267 2129 liberos
2282 2069 2339 2145 9,
2380 2059 2439 2127 si
2463 2056 2559 2127 ad

427 2166 896 2237 clarissimum
935 2191 1280 2265 generum
1331 2167 1569 2238 redire
1614 2182 2081 2266 properaret3
2125 2169 2184 2239 si
2222 2169 2297 2239 in
2342 2168 2557 2266 Capi-

425 2275 682 2347 tolium
739 2277 983 2349 invehi
1027 2280 1258 2349 victor
1314 2301 1480 2350 cum
1524 2276 1646 2349 illa
1688 2277 1955 2377 insigni
1984 2276 2227 2349 laurea
2246 2286 2311 2320 ⁸⁰
2352 2264 2563 2376 gesti-

423 2404 572 2479 ret;
607 2392 666 2462 si
691 2388 1010 2487 denique
1033 2392 1320 2461 timeret
1346 2413 1589 2460 casum
1620 2387 1969 2487 aliquem,
1992 2393 2121 2486 qui
2144 2389 2249 2460 illi
2278 2401 2555 2459 tantum

422 2498 767 2572 adda-en
807 2500 957 2595 jam
992 2523 1144 2570 non
1187 2512 1465 2596 potest,
1502 2513 1858 2596 quantum
1900 2499 2230 2570 auferre:
2274 2523 2405 2569 vos
2450 2511 2557 2568 ta-

423 2727 496 2766 tes
519 2718 817 2766 immanitate
841 2716 1068 2764 barbaras
1083 2749 1099 2775 ,
1131 2713 1448 2764 multitudine

422 2795 810 2846 innumerabiles.
836 2815 860 2838 ι»

497 2883 546 2932 4.
579 2874 711 2924 Licet
738 2873 1015 2924 considant.
1056 2873 1257 2923 Etiamsi
1295 2873 1446 2938 Alpes

424 2953 573 3018 plano
600 2964 920 3019 aquai-entur,
947 2955 1104 3002 Roma
1129 2967 1235 3000 nou
1257 2963 1447 3000 curaret

425 3035 622 3086 &naris
635 3048 802 3081 secura
821 3031 1057 3081 victoriis.

495 3111 546 3161 5.
573 3113 752 3162 AEstas.
779 3111 838 3161 Id
859 3123 956 3169 eat,
975 3109 1246 3174 expeditio.

495 3192 544 3239 6.
585 3190 821 3254 Impolieoe
853 3207 975 3239 vero
1018 3205 1106 3236 res.
1145 3187 1445 3252 Inperfecta

425 3279 474 3319 et
519 3270 794 3330 inchoatae3
841 3270 1092 3318 translatio
1135 3268 1336 3317 ducitur
1380 3267 1445 3315 ab

423 3347 701 3404 arboribus,
731 3365 840 3413 quae
867 3361 1022 3398 tonse
1047 3347 1368 3414 repullulant,
1395 3358 1448 3396 et

423 3427 739 3475 nevit-escunt.

498 3521 546 3566 7.
585 3505 793 3555 Accisoe.
838 3508 1112 3556 Horatius:
1157 3525 1180 3550 e
1205 3505 1354 3554 Duris
1385 3518 1446 3556 ut

421 3583 524 3631 ilex
569 3593 708 3632 tunsa
757 3585 1052 3649 bipennibus
1097 3587 1266 3650 Nigrae
1298 3585 1447 3634 feraci

422 3661 610 3711 frondis
623 3662 674 3709 in
685 3661 867 3726 Algido
879 3663 970 3711 Per
983 3664 1172 3725 damna,
1185 3681 1272 3730 per
1285 3663 1443 3714 caedee

420 3741 610 3806 abipso
626 3741 775 3789 Ducit
789 3757 909 3808 opes
928 3745 1235 3807 animumque
1253 3743 1382 3792 sen-o
1398 3766 1442 3796 ιο.

492 3823 542 3870 8.
571 3822 761 3870 Ernest.
797 3837 890 3887 pro
917 3821 1019 3886 qim
1037 3821 1178 3880 dece,
1203 3823 1440 3886 probabi-

417 3901 528 3951 liter
543 3901 678 3962 conj.
701 3899 928 3967 q'usdem.
951 3903 1002 3950 J.
1021 3902 1084 3949 V.
1113 3902 1166 3951 L.
1202 3945 1212 3958 ,

488 3998 538 4045 9.
585 3982 796 4030 Liberos.
833 3980 1010 4031 Caeeari
1040 3979 1163 4028 nulli
1195 3981 1277 4030 alii
1303 3993 1441 4032 erant

416 4061 558 4110 liberi
578 4077 724 4126 quam
745 4061 845 4110 iilia
869 4059 1000 4108 Julia
1016 4093 1032 4118 ,
1051 4061 1270 4123 Pompeii
1293 4075 1436 4110 uxor.

420 4139 650 4190 solebant
670 4157 792 4190 voce
811 4139 886 4188 uti
909 4137 1050 4188 libe-ri
1073 4138 1135 4187 ad
1157 4137 1436 4200 significan-

1536 2713 1654 2764 dum
1678 2731 1833 2765 unum
1853 2713 2011 2764 fllium
2033 2725 2119 2766 aut
2138 2714 2303 2765 filiam.
2334 2715 2403 2766 A.
2426 2715 2559 2766 Gon.

1534 2795 1601 2853 11,
1618 2810 1640 2842 1
1651 2795 1679 2844 3
1701 2809 1716 2844 ε
1737 2818 1763 2838 σι
1777 2795 1986 2860 Antiqui
2004 2806 2237 2856 oratores,
2250 2793 2560 2859 historiaequ-

1533 2881 1618 2921 aut
1641 2873 1910 2921 carminum
1940 2875 2202 2939 scriptores
2230 2875 2377 2924 etiam
2400 2889 2557 2921 uuum

1534 2948 1925 3011 fflium,flliamve
1942 2953 2121 3002 liberos
2136 2953 2458 3003 multitudinis
2473 2969 2557 3000 nn-

1532 3043 1669 3078 mero
1686 3030 1995 3095 appellarunt
2011 3053 2056 3079 ιι.
2082 3033 2238 3080 Pauca
2256 3043 2417 3080 tamen
2442 3041 2561 3080 eunt

1533 3109 1753 3173 exempla
1778 3109 1925 3170 hujus
1955 3110 2092 3158 vocis
2129 3112 2181 3157 in
2214 3109 2446 3174 singulari
2471 3126 2560 3158 nu-

1532 3201 1689 3236 mero.
1719 3187 1950 3235 Aureliua
1977 3189 2188 3237 Victor:
2221 3189 2383 3237 Nerva
2396 3189 2563 3250 Traja-

1532 3282 1653 3314 num
1673 3265 1723 3312 in
1740 3265 1882 3314 liberi
1902 3265 2065 3316 locum
2078 3301 2093 3326 ,
2121 3279 2171 3316 et
2190 3267 2244 3316 in
2259 3277 2443 3333 partem
2462 3267 2558 3314 im-

1532 3345 1659 3410 perii
1678 3343 1949 3409 adoptavit.

1544 3442 1551 3450 ·
1610 3439 1691 3472 ιο.
1702 3422 2093 3489 Inu'gnilaum.
2108 3423 2265 3474 Moris
2282 3424 2375 3473 suit
2388 3423 2559 3473 trium·

1532 3502 1794 3569 phantibus
1814 3519 1961 3552 curru
1985 3515 2157 3552 aurato
2170 3538 2187 3564 ,
2214 3503 2464 3569 quadrigis
2484 3504 2557 3552 al-

1531 3583 1638 3647 bia,
1662 3597 1845 3632 corona
1870 3583 1923 3631 in
1946 3583 2105 3648 capite
2126 3582 2288 3632 laurea
2305 3619 2320 3643 ,
2344 3584 2481 3632 lauro
2503 3585 2559 3631 in

1532 3677 1681 3712 manu
1705 3662 1932 3720 dextera,
1958 3677 2015 3710 οι
2047 3663 2201 3710 minio
2226 3663 2390 3713 oblitis
2418 3663 2560 3722 vehi,

1528 3741 1697 3807 ibique
1716 3741 1855 3790 casia
1874 3740 2089 3791 victimis
2108 3743 2283 3807 gratiae
2296 3743 2389 3792 diis
2401 3759 2561 3807 agere,

1530 3831 1579 3868 et
1610 3821 1666 3868 iu
1699 3821 1885 3884 gremio
1909 3821 2050 3872 Jovis
2076 3821 2341 3886 Capitolini
2366 3822 2559 3870 laurum

1530 3899 1790 3964 deponere.
1820 3901 1953 3949 Suet.
1985 3901 2039 3948 in
2072 3901 2423 3964 Nerone,cap.
2454 3901 2556 3963 ¹33

1530 3980 1679 4028 Silius
1698 3978 1786 4029 lib.
1815 3980 1935 4028 XV.

1603 4075 1625 4107 1
1642 4075 1684 4106 t.
1728 4059 1941 4104 Tamum
1980 4055 2182 4104 addere.
2229 4054 2411 4104 Similia
2454 4059 2553 4106 fere

1528 4137 1647 4188 dicit
1669 4137 1722 4186 iu
1739 4137 1879 4184 Livio
1896 4135 2143 4185 Hannibal
2164 4133 2228 4184 ad
2248 4133 2548 4200 Scipionem.
