2996 4694
512 391 651 478 342
1138 398 1233 465 Μ.
1284 399 1361 465 Τ.
1416 400 2014 471 CICERONIS

510 519 723 587 etiam
765 515 857 587 ab
890 517 1029 587 illis
1068 540 1195 589 eos
1239 518 1634 613 majoribus
1677 522 2056 595 discordiis
2109 550 2503 602 avocarem.
2555 535 2642 605 Id

513 627 705 695 enim
742 624 1232 698 contendet-<3²
1266 626 1360 699 de
1402 628 1817 727 republica,
1858 658 2088 731 quum
2127 636 2200 709 id
2242 621 2590 715 defendas
2615 698 2635 731 ‚

512 732 715 831 quod
756 758 909 807 esse
948 736 1306 833 optimum
1346 741 1644 828 sentias,
1673 756 1744 813 et
1797 741 2093 817 fortium
2129 749 2454 822 virorum
2475 807 2495 840 ‚
2565 768 2644 824 et

508 866 942 940 magnorum
1001 843 1390 919 hominum
1452 873 1740 949 semper
1797 857 2095 951 putavi3
2165 880 2404 956 neque
2471 859 2642 934 huic

510 977 858 1051 umquam
892 953 1169 1043 labori,
1198 955 1479 1046 officio,
1516 965 1802 1033 muneri
1829 964 2026 1037 defui
2057 994 2074 1036 ε
2105 968 2229 1039 sed
2268 976 2644 1045 contentio

510 1063 785 1135 tamdiu
811 1068 1095 1163 sapiens
1125 1082 1266 1155 est,
1304 1069 1654 1166 quamdiu
1683 1088 1810 1144 aut
1836 1074 2124 1173 proficit
2145 1078 2418 1176 aliquid
2441 1136 2462 1167 ,
2495 1096 2642 1168 aut,

510 1182 568 1249 si
598 1204 751 1251 non
768 1178 1076 1277 proficit,
1098 1208 1253 1253 uon
1272 1182 1483 1256 obest
1509 1189 1797 1259 civitati.
1821 1189 2204 1263 Voluimus
2233 1189 2264 1237 ³
2281 1195 2640 1290 quaedam,

511 1288 1021 1363 contendimus
1038 1346 1057 1375 ‚
1110 1296 1390 1390 experti
1430 1318 1725 1385 sumus3
1763 1297 2064 1373 obtenta
2087 1326 2238 1373 non
2267 1318 2438 1375 sunt
2463 1333 2480 1375 ε
2507 1305 2643 1376 do-

514 1398 741 1471 lorem
794 1401 961 1487 alii,
1010 1426 1147 1472 nos
1193 1403 1467 1475 luctum
1484 1410 1516 1459 ⁴
1575 1431 2118 1509 moeroremque
2170 1418 2638 1512 suscepimus

512 1512 663 1579 Cur
698 1534 815 1597 ea,
852 1536 1017 1607 quae
1054 1527 1339 1585 mutare
1374 1540 1528 1586 non
1578 1541 1964 1615 possumus
1986 1576 2006 1609 ‚
2041 1523 2448 1596 convellere
2492 1548 2642 1595 ma-

515 1618 789 1707 lumus,
828 1644 1049 1718 quam
1100 1625 1335 1695 tueri?
1374 1629 1455 1696 C.
1511 1630 1860 1700 Caesarem
1915 1646 2204 1703 senatus
2263 1647 2338 1705 et
2383 1658 2644 1731 genere

513 1728 1123 1845 supplicationum
1144 1729 1176 1775 ⁵
1206 1734 1650 1831 amplissimo
1676 1741 1982 1821 ornavit,
2007 1754 2080 1843 et
2119 1740 2460 1814 numero⁶
2499 1740 2649 1813 die-

513 1996 637 2047 mihi
659 1998 984 2065 oquin-imum
1015 2000 1113 2050 dici
1140 2002 1349 2063 videtur,
1368 2014 1425 2051 nt
1445 2004 1540 2068 ipsi

515 2088 707 2129 nostras
754 2080 1031 2129 inimicitia·
1074 2081 1203 2130 inter
1250 2098 1343 2130 nos
1384 2082 1539 2131 disce·

1624 2020 1728 2053 non
1773 2014 1973 2069 possent
1986 2042 2002 2067 ,
2033 2022 2254 2071 pugnare
2299 2004 2584 2055 desisterent
2603 2028 2648 2055 a.

1698 2083 1750 2132 3.
1779 2084 2028 2133 Volteium
2047 2085 2294 2149 quaedam,
2317 2086 2483 2134 Tacite
2498 2084 2650 2149 dgni-

516 2169 711 2223 pmii·
729 2180 773 2207 »-

586 2255 635 2286 2.
662 2238 810 2303 ang.
828 2237 1020 2289 addunt
1042 2238 1177 2288 milti.
1203 2238 1400 2289 Iallem.
1428 2252 1541 2305 post

512 2318 761 2370 &evium
776 2355 791 2378 ,
816 2322 901 2368 Ita
924 2318 1053 2370 enim
1075 2322 1386 2371 contendere.
1412 2322 1540 2370 Sim-

516 2400 693 2464 plicior
732 2400 913 2462 lectio,
950 2400 1162 2449 Etenim.
1206 2403 1256 2450 J.
1285 2405 1349 2450 V.
1378 2404 1434 2449 Ι..
1470 2429 1542 2440 -

522 2478 775 2528 Contendo
816 2479 1003 2528 tamdiu
1046 2481 1239 2544 sapiens
1283 2492 1372 2529 ese.
1424 2482 1542 2529 Pul-

520 2559 637 2606 chre
684 2559 740 2608 in
793 2558 1011 2606 eamdem
1072 2561 1359 2606 sententiam
1409 2559 1540 2609 idem

520 2637 715 2686 Tullius
730 2637 783 2684 in
802 2636 1011 2701 epistola
1032 2635 1115 2684 ills
1140 2638 1323 2700 insigni
1340 2638 1403 2686 ad
1424 2641 1544 2686 Len-

523 2715 713 2774 tulum,
762 2715 855 2764 lib.
896 2718 955 2774 1,
991 2731 1054 2778 9:
1092 2716 1193 2765 -1d
1233 2718 1364 2765 enim
1400 2717 1545 2778 jubet

521 2793 655 2842 idem
673 2793 756 2842 ille
768 2794 909 2842 Plato
921 2829 937 2854 ,
957 2811 1103 2858 qnem
1123 2809 1216 2858 ego
1234 2797 1545 2844 vehementer

522 2883 775 2922 auctorem
800 2887 999 2937 sequor,
1026 2883 1217 2922 tantum
1249 2873 1547 2924 contendere

526 2953 577 3000 in
616 2949 867 3016 republica
883 2987 901 3013 ,
936 2963 1173 3016 quantum
1208 2953 1415 3018 probare
1450 2956 1548 3002 tuis

526 3031 719 3080 civibus
758 3031 954 3097 possis:
990 3031 1089 3078 vim
1128 3047 1287 3095 neque
1326 3033 1514 3096 parenti
1533 3066 1548 3091 ,

528 3128 687 3176 neque
735 3112 907 3176 pau-in
942 3111 1114 3159 afferre
1156 3105 1387 3176 oportere
1400 3133 1446 3159 a.
1478 3139 1550 3148 —-

530 3194 655 3256 Qun
674 3191 759 3240 hie
780 3191 994 3240 breviter
1014 3189 1405 3256 perstringuntur
1419 3225 1435 3249 ‚
1464 3207 1551 3238 co-

530 3273 669 3338 piose
700 3272 891 3320 Tnllins
926 3272 1156 3335 exposuit
1206 3269 1289 3320 illa
1343 3271 1552 3336 epistola

534 3351 621 3418 (ad
644 3352 765 3400 Div.
792 3353 847 3407 1,
874 3351 955 3414 9),
980 3365 1045 3397 ex
1078 3365 1176 3413 qua
1210 3350 1309 3397 hnc
1341 3351 1549 3398 maxime

529 3433 621 3480 ista
646 3431 865 3478 faciunt:
904 3451 927 3472 ι
948 3430 1273 3478 Vehementer
1302 3428 1444 3476 etism
1472 3445 1549 3476 res

532 3512 639 3574 ipsa
660 3506 857 3572 pnblics
881 3523 961 3556 me
984 3509 1165 3565 movit,
1190 3523 1301 3570 que
1328 3507 1449 3554 mihi
1472 3510 1546 3555 vi-

530 3588 737 3636 debatur
805 3587 1165 3634 contentionem
1192 3617 1208 3643 ,
1284 3587 1549 3648 presertim

530 3666 755 3717 maximis
783 3665 927 3714 rebus
956 3681 983 3712 a
1010 3665 1199 3713 Came
1215 3665 1361 3727 gestis
1380 3698 1396 3723 ,
1437 3681 1550 3714 cmn

529 3749 627 3800 illis
668 3745 787 3794 viris
822 3743 955 3793 nolle
992 3742 1128 3801 fieri,
1164 3755 1241 3804 et,
1280 3760 1344 3791 ne
1378 3743 1516 3794 fieret
1536 3782 1551 3806 ,

528 3827 835 3875 vehementer
858 3837 1077 3870 recusare
1092 3843 1135 3870 n.
1154 3822 1384 3871 Notands
1402 3825 1547 3872 etism

528 3923 638 3972 quae
680 3903 802 3953 ibid.
837 3902 1078 3966 leguntur,
1104 3905 1127 3949 1
1146 3937 1160 3960 ‚
1204 3903 1233 3950 8
1259 3916 1273 3952 ι
1302 3924 1327 3944 α
1346 3903 1546 3967 Neque,

528 3999 583 4037 ut
618 4002 709 4051 ego
746 3983 969 4042 arbitror,
990 3992 1263 4030 errarentne
1288 3981 1550 4031 adversarii

531 4067 727 4132 quidem
744 4065 850 4125 eins
876 4063 1139 4126 (Pompeii,
1170 4061 1413 4126 iidemque
1438 4065 1544 4112 Cae-

536 4149 677 4206 snris,
698 4158 748 4195 et
770 4147 978 4209 Crassi),
1006 4145 1045 4192 si
1066 4181 1079 4204 ,
1117 4161 1269 4208 quum
1286 4161 1425 4209 pares
1443 4161 1547 4192 esse

1623 2162 1742 2213 fleat
1755 2164 2063 2229 optimatum,
2076 2176 2125 2213 et
2140 2164 2456 2229 popularium
2467 2164 2650 2213 civium

1625 2242 1998 2291 dissensionem:
2019 2243 2328 2307 popularium
2344 2254 2505 2292 antem
2520 2242 2649 2307 prin·

1625 2322 1782 2388 cipem
1804 2322 2038 2372 Caesarem
2057 2322 2295 2387 designat.

1699 2411 1752 2458 4.
1791 2403 1896 2452 Nos
1927 2401 2126 2452 luctum.
2171 2403 2305 2466 Ego,
2345 2402 2434 2467 qui
2467 2417 2532 2450 ex
2565 2400 2652 2450 ill·

1627 2481 1924 2530 dissensione
1959 2480 2093 2530 solus
2121 2481 2282 2530 exsilii
2329 2479 2650 2528 calamitatem

1623 2561 1825 2626 pertuli.

1701 2641 1749 2688 5.
1795 2639 1981 2687 Gener-e
2013 2637 2420 2702 mpplioadonum
2453 2635 2654 2701 amplis-

1626 2718 1764 2767 simo.
1780 2717 1957 2766 Verbis
1967 2715 2469 2766 honorificentissimis
2485 2731 2500 2766 ε
2515 2717 2652 2779 quod

1628 2797 1858 2862 explanat
1885 2798 1940 2844 in
1972 2813 2028 2844 ea
2055 2796 2116 2844 de
2152 2799 2298 2846 Prov.
2335 2817 2362 2838 e
2384 2796 2444 2846 C.
2473 2795 2654 2843 Caessri
2677 2857 2686 2866 ·

1629 2874 2014 2940 supplicationes
2039 2875 2339 2933 decrevistis,
2361 2889 2582 2932 numero,
2597 2885 2658 2921 nt

1629 2955 1815 3003 nemini
1861 2955 1966 3003 ullo
2012 2969 2075 3001 ex
2119 2952 2281 3013 bellog
2330 2953 2517 3001 honore
2535 2985 2552 3009 ‚
2597 2964 2660 3000 nt

1633 3035 1836 3082 omnino
1867 3033 2052 3082 nemini
2071 3053 2112 3080 a.
2142 3032 2271 3081 Vide
2299 3032 2360 3080 de
2382 3032 2658 3080 Provinciis

1633 3112 1983 3162 consularibus.
2012 3111 2136 3160 Alia
2151 3107 2532 3176 supplicationes
2551 3111 2660 3160 fue-

1634 3203 1748 3241 runt
1770 3191 2006 3241 nuntiatis
2039 3189 2304 3255 prodigiis,
2329 3199 2386 3237 nt
2409 3188 2544 3254 apud
2569 3189 2656 3236 Lt-

1635 3273 1768 3320 vinm
1793 3271 1970 3337 passim
1994 3285 2009 3318 τ
2037 3270 2143 3318 alia
2165 3281 2280 3318 ante
2305 3285 2450 3333 quam
2473 3267 2656 3316 bellum

1635 3352 1934 3415 susciperent
1963 3349 2024 3396 sd
2059 3347 2416 3413 exposcendam
2449 3346 2655 3395 deorum

1635 3446 1822 3496 pacem.
1843 3430 1969 3478 Aliae
1985 3428 2365 3493 supplicationes
2385 3425 2452 3475 ad
2467 3425 2660 3490 compi·-

1637 3523 1700 3568 ta,
1710 3509 1815 3556 alioe
1822 3508 1888 3556 nd
1899 3507 2076 3573 templa
2087 3506 2434 3556 decretoe.Alioe
2441 3521 2554 3553 cum
2563 3505 2660 3552 mi·

1639 3587 1840 3638 nos-ibus
1868 3588 2068 3645 hostiis,
2099 3587 2206 3636 alisi
2233 3602 2348 3635 cnm
2375 3585 2658 3647 majoribus.

1637 3668 1761 3717 Alia
1785 3666 2168 3732 supplicationes
2198 3666 2253 3714 in
2281 3666 2404 3714 urbe
2438 3675 2626 3713 nutum
2646 3697 2662 3720 ‚

1637 3747 1744 3796 sliae
1771 3763 1856 3810 per
1879 3757 2030 3794 totam
2057 3745 2244 3794 Italiam
2271 3745 2488 3793 indicte.
2519 3743 2664 3794 Non-

1638 3841 1900 3889 numquam
1927 3825 2081 3874 lectos
2107 3825 2409 3882 sternebant,
2445 3833 2497 3872 et
2535 3824 2665 3873 deo-

1637 3921 1742 3953 rum
1769 3902 1952 3968 effigies
1977 3921 2123 3970 snper
2149 3901 2422 3970 pulvinaria
2455 3903 2508 3951 in
2541 3917 2665 3966 pro·

1639 3985 1808 4048 patulo
1831 3985 2099 4049 ponebant.

1703 4065 1755 4111 6.
1779 4065 1988 4112 Numero
2002 4063 2187 4112 de‘erum
2202 4077 2338 4110 novo.
2357 4059 2660 4124 Quindecim

1635 4142 1818 4190 dierum
1831 4177 1845 4202 ,
1873 4141 2158 4190 Marcellino
2185 4151 2234 4189 et
2263 4140 2498 4204 Philippo
2529 4154 2662 4186 coss.
