2996 4694
874 381 1264 450 ORATIO
1316 380 1419 450 IN
1470 380 2001 450 VATINIUM.
2363 384 2498 470 143

370 499 844 574 continendas
866 553 887 586 ‚
928 499 1057 572 sed
1102 503 1532 599 portitorem
1555 511 1588 558 9
1639 497 1732 570 ad
1775 501 2185 599 partiendas
2222 527 2498 580 merces

370 613 671 684 missum
708 625 1035 710 putareS,
1076 635 1457 709 quumque
1496 611 1830 681 omnium
1867 609 2157 700 domos,
2201 618 2503 712 apothe-

373 747 530 808 cas,
592 745 841 809 naves,
894 721 1334 794 furacissime
1367 723 1818 806 serium-ere,-
1859 719 2339 820 hominesque
2379 751 2504 800 ne·

372 835 563 929 gotia
583 847 909 929 gerentes
929 832 1209 927 judiciis
1226 832 1694 929 iniquissimis
1719 832 2056 922 irretires,
2075 849 2506 911 mercatores

376 967 418 1014 e
461 945 623 1014 navi
656 943 1107 1040 egredientes
1145 957 1475 1029 terreres,
1496 941 2062 1014 conscendentes
2095 968 2454 1018 morerere
2483 973 2500 1017 t

374 1067 717 1125 teneasne
738 1056 1110 1140 memoria,
1128 1053 1261 1124 tibi
1276 1057 1351 1123 in
1370 1068 1734 1126 conventu
1753 1055 2066 1126 Puteolis
2084 1079 2338 1128 manus
2349 1081 2506 1132 esse
2613 1100 2618 1107 =

375 1163 663 1234 allatas?
692 1165 781 1234 ad
820 1189 935 1234 me
970 1164 1345 1235 consulem
1390 1163 1950 1236 Puteolanorum
1987 1167 2316 1263 querelas
2351 1193 2506 1242 esse

376 1273 693 1344 delatas?
729 1280 895 1346 Post
926 1288 1393 1371 quaesturam,
1424 1275 1778 1346 exierisne
1807 1273 2080 1372 legatus
2109 1279 2184 1345 in
2213 1278 2507 1350 ulterio-

372 1408 527 1455 rem
582 1387 995 1482 Hispaniam
1025 1437 1049 1472 ,
1110 1388 1187 1456 C.
1242 1387 1600 1455 Cosconio
1624 1393 1688 1430 ¹⁰
1737 1385 2220 1482 proconsule?
2279 1409 2507 1484 quum

373 1494 555 1566 illud
596 1495 733 1566 iter
786 1497 1259 1594 Hispaniense
1307 1493 1616 1593 pedibus
1660 1492 1810 1566 fere
1847 1493 2188 1566 confici¹¹
2245 1497 2507 1585 soleat,

288 1697 295 1708 .
372 1619 537 1693 aut,
572 1608 633 1676 si
667 1607 831 1701 quis
866 1607 1201 1703 navigare
1235 1604 1447 1692 velit,
1491 1619 1686 1676 certa
1725 1605 1818 1674 sit
1851 1607 2034 1675 ratio
2077 1607 2460 1704 navigandi
2490 1635 2508 1696 ;

372 1720 751 1791 venerisne
786 1721 860 1790 in
902 1719 1338 1805 Sardiniam,
1375 1731 1594 1815 atque
1631 1717 1800 1790 inde
1838 1723 1912 1788 in
1959 1718 2314 1792 Africam?
2353 1720 2508 1794 fue-

374 1834 569 1900 risne
586 1883 605 1916 ,
622 1827 825 1926 quod
860 1830 1015 1900 sine
1042 1829 1674 1900 senatusconsulto
1695 1827 1826 1899 tibi
1852 1827 2087 1900 facere
2107 1854 2256 1900 non
2285 1829 2512 1915 licuit,

375 1945 455 2011 in
489 1963 719 2036 regno
740 1937 1620 2037 Hiempsalis¹²?fuerisne
1651 1943 1726 2010 in
1747 1964 1972 2036 regno
2003 1943 2515 2014 Mastanesosi?

323 2045 327 2050 ’
376 2051 757 2120 venerisne
799 2047 891 2120 ad
930 2046 1280 2120 fretum¹³
1313 2073 1447 2147 per
1486 2051 2036 2124 Mauritaniam?
2069 2075 2293 2148 quem
2332 2055 2513 2124 scias

378 2183 727 2256 umquam
752 2159 1067 2258 legatum
1089 2161 1636 2258 Hispaniensem
1655 2161 1808 2232 istis
1820 2159 2200 2234 itineribus
2215 2162 2291 2233 in
2319 2162 2514 2236 illam

380 2269 829 2367 provinciam
864 2273 1281 2369 pervenisse
1310 2269 1423 2339 ¹⁴?

475 2385 733 2451 Factus
762 2404 839 2453 es
882 2379 1222 2452 tribunus
1254 2378 1489 2479 plebis
1531 2378 1758 2477 (quid
1791 2380 1984 2451 enim
2020 2394 2094 2452 te
2129 2378 2222 2452 de
2260 2383 2516 2481 Hispa-

378 2488 755 2563 aiensibus
794 2489 1075 2588 flagitiis
1117 2492 1261 2562 tuis
1280 2544 1301 2579 ‚
1346 2488 1996 2588 sordidissimisque
2043 2488 2255 2567 furtis
2290 2492 2515 2565 inter·

380 2601 715 2699 rogem?)
745 2628 761 2671 :
804 2626 1055 2699 quaero
1086 2600 1215 2673 abs
1242 2615 1315 2673 te
1349 2602 1699 2700 primum,
1727 2602 1932 2700 quod
1975 2626 2206 2699 genus
2243 2606 2520 2701 impro-

378 2709 623 2783 bitatis
667 2726 740 2783 et
776 2712 1063 2783 sceleris
1098 2714 1177 2781 in
1213 2736 1303 2785 eo
1334 2712 1755 2809 magistratu
1793 2714 2386 2813 praetermiseris?
2419 2718 2521 2785 Ac

380 2820 515 2893 tibi
548 2822 699 2918 jam
742 2820 911 2895 inde
954 2820 1373 2921 praescribo,
1403 2846 1500 2892 ne
1545 2836 1705 2895 tuas
1743 2820 1994 2895 sordes
2021 2846 2188 2895 cum
2215 2821 2521 2897 clarissi-

384 2955 671 3002 morum
713 2932 1037 3002 virorum
1094 2930 1459 3029 spendore
1503 2933 1954 3030 permisceas.
2013 2936 2166 3031 Ego
2217 2948 2288 3004 te
2325 2958 2520 3033 quoe·

384 3062 700 3139 cumque
756 3038 1029 3140 rogabo
1055 3094 1076 3128 ,
1135 3038 1225 3111 de
1287 3054 1358 3112 te
1402 3043 1565 3139 ipso
1621 3040 1942 3141 rogabo;
2019 3066 2262 3139 neque
2311 3058 2382 3115 te
2431 3068 2520 3116 ex

386 3156 803 3254 amplissimi
850 3157 985 3227 viri
1004 3152 1071 3198 ¹⁵
1108 3154 1490 3254 dignitate,
1528 3157 1655 3227 sed
1701 3182 1788 3230 ex
1839 3158 1984 3229 tuis
2025 3155 2344 3227 tenebris
2397 3182 2524 3231 ex·-
2581 3234 2597 3247 .

460 3346 1031 3396 8.Pnkt'bme.Cioe1-o
1060 3344 1116 3391 in
1145 3345 1403 3393 omnam
1570 3360 1590 3393 ι
1605 3330 2523 3415 1.Pedibusfireeonfioisoleamhi·

387 3424 726 3489 prohibuerat,
762 3440 825 3473 ne
842 3434 1095 3489 argentum
1124 3434 1211 3472 aut
1233 3438 1403 3473 aarum
1493 3436 1649 3475 utum
1687 3426 1784 3475 hoe
1822 3424 2084 3485 Ciceroni,
2105 3442 2256 3491 quum
2293 3436 2522 3477 ten-estre

388 3514 744 3571 exportaretur,
770 3518 955 3553 mei-ees
995 3504 1239 3553 mercibus
1272 3520 1407 3553 eom-
1494 3506 1588 3554 iter
1614 3506 1720 3554 vult
1737 3503 2017 3570 significari.

389 3584 569 3634 muri
592 3590 779 3631 uatum
802 3584 1100 3647 permiserat.
1573 3599 1659 3634 12.
1685 3584 1853 3649 Regno
1877 3584 2186 3651 Hiempsalis.
2209 3586 2270 3633 In
2290 3584 2528 3634 Μαιήτη-

460 3678 511 3728 9.
539 3663 677 3713 Vett-
697 3662 810 3711 edd.
827 3662 1125 3725 partitor-em.
1498 3662 1606 3723 nin
1629 3663 1880 3727 quodnam
1905 3678 2018 3713 vero
2038 3662 2184 3712 fuerit
2205 3666 2528 3715 Mastanesosi

465 3760 545 3793 xo.
564 3741 799 3793 Cosconio
810 3742 1119 3807 proconsule.
1139 3739 1243 3803 Qui
1270 3750 1409 3803 post-
1501 3756 1704 3808 regnnm
1725 3742 2102 3808 haudquaquam
2121 3746 2241 3793 mihi
2253 3744 2526 3810 deprehen-

390 3838 534 3889 qnm
560 3821 801 3874 Cicerone
833 3820 1031 3869 consule
1064 3830 1250 3884 pretor
1288 3819 1411 3867 fiiis-
1503 3820 1618 3869 dere
1638 3822 1862 3887 contigit.

391 3914 465 3954 set
481 3940 499 3967 ,
542 3904 719 3951 missus
757 3912 831 3949 est
870 3910 985 3965 post
1009 3910 1271 3965 praeturam
1299 3912 1412 3947 cum
1577 3900 1660 3948 ιδ.
1689 3896 1991 3965 Adsremm.
2013 3900 2309 3949 Gaditanum
2326 3900 2527 3949 scilieet.

393 3984 728 4049 proconsulari
752 3992 995 4048 potestate
1032 3982 1087 4029 in
1114 3981 1414 4043 Hispaniam.
1581 3986 1659 4035 ιι.
1677 3977 1778 4029 Alii
1796 4015 1813 4041 ,
1835 3978 2045 4043 primum
2071 3977 2308 4027 universe.
2335 3980 2523 4029 JNAE.

392 4064 627 4131 Hispania
644 4063 851 4113 ulterior
867 4060 1142 4121 dicebatur,
1162 4075 1274 4124 que
1294 4060 1415 4108 eitra
1581 4056 1664 4107 εὔ.
1701 4058 2004 4124 Amph‘ssimi
2045 4058 2165 4107 viri.
2197 4058 2253 4107 C.
2289 4058 2526 4109 cuntem

392 4144 576 4193 Rha-um
594 4154 669 4194 est
694 4143 875 4209 posite.
1507 4134 1762 4199 intelligit,
1807 4152 1910 4199 quo
1953 4134 2156 4184 consule
2192 4134 2418 4185 tribunus
2454 4138 2526 4202 pl.
