2996 4694
517 389 652 489 572
1156 395 1255 463 M.
1308 397 1382 462 T.
1436 395 2010 465 CICERONIS

516 516 823 586 curitas¹
900 511 1264 611 quaeclam,
1330 531 1485 588 erat
1543 533 1907 589 certamen
1969 516 2162 586 inter
2225 516 2658 591 clarissimos
2729 537 2736 542 ’

513 625 735 696 duces
764 652 780 695 :
814 624 1024 696 multi
1049 625 1520 714 dubitabant,
1557 627 1738 724 quid
1765 628 2124 725 optimum
2155 642 2378 715 esset;
2407 629 2660 717 multi,

514 735 696 832 quid
754 733 892 806 sibi
946 735 1353 836 expediret3
1408 738 1656 826 multi,
1714 735 1892 835 quid
1935 735 2259 826 deceret3
2319 739 2658 810 nonnulli

514 846 763 936 etiam,
800 845 977 944 quid
1018 847 1284 918 liceret.
1328 845 1712 920 Pei-functa
1741 845 2150 945 respublica
2185 863 2294 918 est
2327 847 2472 918 hoc
2515 853 2656 918 mi·

514 981 678 1028 sero
713 955 1055 1055 fatalique
1077 957 1275 1030 bello
1294 970 1324 1002 ²
1363 986 1378 1029 ε
1408 960 1578 1030 vicit
1605 963 1692 1045 is,
1719 960 1846 1056 qui
1866 983 2018 1030 non
2050 956 2343 1030 fortuna
2369 959 2656 1029 inflam-

510 1065 788 1138 maret³
839 1065 1089 1138 odium
1147 1093 1393 1152 suum,
1446 1067 1577 1140 sed
1631 1067 1958 1140 bonitate
2007 1068 2298 1157 leniret3
2343 1095 2480 1142 nec
2520 1073 2652 1167 qui

512 1199 766 1249 omnes
788 1229 807 1264 ,
862 1176 1131 1274 quibus
1182 1180 1407 1250 iratus
1461 1194 1688 1265 esset,
1741 1177 2034 1251 eosdem
2094 1181 2312 1250 etiam
2363 1178 2654 1268 exsilic,

514 1299 639 1356 aut
672 1301 907 1358 morte
952 1287 1210 1385 dignos
1240 1287 1623 1382 judicaret.
1661 1295 1880 1360 Arma
1908 1287 1998 1360 ab
2031 1287 2186 1360 aliis
2217 1289 2486 1386 posita,
2511 1287 2654 1360 ab⁴

512 1395 666 1466 aliis
742 1411 993 1494 erepta
1058 1411 1251 1468 sunt.
1318 1402 1652 1495 Ingratus
1703 1413 1812 1469 est
1879 1395 2383 1496 injustasque⁵
2435 1401 2652 1486 civiS‚

510 1509 677 1601 qui,
704 1530 1071 1578 armorum
1102 1507 1425 1606 periculo
1454 1507 1802 1579 liberatus
1819 1562 1838 1596 ‚
1865 1511 2186 1578 animum
2211 1523 2458 1580 tamen
2483 1511 2656 1582 reti-

510 1630 641 1686 net
682 1632 1039 1690 armatum
1094 1645 1109 1690 z
1168 1633 1251 1689 ut
1294 1621 1512 1689 etiam
1561 1617 1680 1708 ille
1731 1619 1822 1689 sit
1873 1618 2152 1704 melior,
2208 1619 2452 1715 quiin
2497 1623 2656 1691 acie

510 1725 802 1813 cecidit,
862 1729 995 1824 qui
1040 1731 1118 1798 in
1166 1751 1385 1799 causa
1420 1732 1733 1798 animam
1785 1725 2200 1826 profudit63
2250 1753 2416 1824 quae
2453 1732 2654 1800 enim

510 1839 901 1934 pertinacia
954 1838 1390 1936 quibusdam
1414 1892 1434 1927 ‚
1488 1839 1738 1911 eadem
1793 1838 1946 1910 aliis
1983 1839 2384 1910 constantia
2425 1838 2656 1910 videri

515 1961 779 2044 potest.

607 2057 747 2130 Sed
784 2059 936 2155 jam
990 2065 1223 2132 omnis
1272 2059 1495 2135 fracta
1539 2060 1889 2132 dissensio
1933 2073 2042 2132 est
2089 2063 2351 2147 armi5‚
2401 2075 2476 2132 et
2521 2085 2652 2131 ex·-

512 2157 769 2240 stinota
792 2171 1127 2266 aequitate
1148 2172 1439 2242 victoris
1461 2200 1476 2242 :
1494 2184 1736 2254 restat,
1760 2184 1845 2240 ut
1863 2193 2118 2242 omnes
2137 2194 2370 2240 unum
2400 2169 2654 2256 velint,

512 2280 641 2376 qui
684 2279 907 2351 modo
962 2279 1237 2353 habent
1272 2280 1544 2377 aliquid
1579 2304 1732 2351 non
1784 2279 2019 2351 solum
2075 2279 2481 2377 sapientiae,
2522 2278 2653 2351 sed

512 2392 728 2461 etiam
776 2392 1096 2461 sanitatis
1119 2404 1169 2460 ⁷.
1216 2393 1367 2463 Nisi
1417 2405 1525 2479 te,
1579 2395 1658 2461 C.
1705 2394 1962 2477 Caesar,
2009 2389 2242 2475 salvo,
2297 2404 2369 2461 et
2405 2392 2481 2461 in
2515 2393 2654 2462 ista

510 2502 905 2587 sententia,
957 2525 1102 2597 qua
1145 2524 1373 2598 quum
1416 2515 1667 2590 antea,
1717 2514 1873 2571 tum
1913 2499 2132 2571 hodie
2187 2500 2301 2571 vel
2340 2504 2651 2573 maxime

511 2634 687 2680 usus
740 2634 855 2695 es,
914 2625 1282 2701 manente,
1330 2610 1506 2682 salvi
1559 2634 1714 2682 esse
1750 2636 1902 2680 non
1939 2634 2346 2708 possumus.
2405 2612 2652 2699 Quare

512 2742 766 2790 omnes
808 2734 921 2805 te,
968 2723 1095 2817 qui
1124 2720 1277 2793 haec
1310 2721 1500 2792 salva
1543 2744 1696 2792 esse
1725 2720 2099 2807 volumus,
2134 2735 2206 2791 et
2241 2720 2653 2809 hortamur,

579 2945 649 2993 X.
680 2961 724 2993 1.
759 2944 1058 2994 Obscun'tas.
1086 2944 1219 3008 Quid
1244 2945 1528 3009 reipublice
1615 2957 1690 2994 est
1733 2944 1965 2993 adversus
1997 2946 2232 2996 Caeurem
2256 2981 2270 3004 ,
2307 2946 2392 2993 eni
2439 2946 2646 2993 salutem

509 3023 838 3083 conducet-eu
865 3025 997 3072 unde
1010 3027 1092 3085 jus
1110 3035 1158 3071 et
1178 3039 1345 3071 verum
1362 3034 1528 3075 staret.
1618 3024 1787 3083 debet3
1825 3025 2034 3085 injustus
2053 3060 2066 3083 ‚
2093 3024 2207 3087 quia
2233 3040 2338 3074 uon
2359 3024 2464 3083 jam
2487 3024 2649 3072 laeet-

506 3104 692 3153 consei-
732 3106 785 3151 in
824 3103 1041 3152 eamdem
1082 3104 1370 3152 sententiam
1406 3116 1529 3153 orat.
1619 3106 1738 3152 situs
1765 3097 1906 3153 alteri
1933 3106 2034 3152 vim
2061 3105 2238 3154 inferre
2263 3104 2458 3168 quaerit.

504 3199 599 3249 pro
626 3183 785 3247 Ligar-
808 3198 916 3248 eep.
938 3185 989 3231 6.
1692 3186 1743 3234 6.
1768 3188 1830 3233 In
1856 3202 1904 3235 c,
1933 3184 2128 3250 a-prof.
2154 3187 2213 3231 rn
2233 3183 2534 3231 defendenda
2559 3200 2648 3231 sua

578 3278 629 3311 2.
648 3262 909 3326 fatalique
926 3263 1067 3311 bello.
1087 3262 1367 3311 Excusandfl
1386 3278 1530 3311 eausa
1620 3280 1760 3313 eausa
1789 3267 1902 3313 vitae
1927 3264 2194 3329 periculum
2223 3264 2493 3319 arcessivit,
2519 3278 2648 3311 mor-

507 3342 735 3400 Cauris,
752 3340 935 3387 bellum
956 3341 1101 3389 civile
1122 3343 1223 3389 fato
1252 3352 1305 3388 et
1332 3341 1528 3389 cuidam
1619 3356 1718 3393 tem
1757 3346 2015 3410 appetivit.
2064 3344 2318 3391 Wormius
2359 3342 2422 3390 de
2461 3344 2650 3392 catone

508 3419 784 3467 necessitati
810 3418 997 3469 tribuit.
1616 3424 1700 3473 hie
1723 3426 1798 3487 ogi
1825 3435 1996 3489 putat,
2033 3440 2123 3471 neo
2153 3424 2257 3471 scio
2298 3438 2362 3470 nn
2397 3438 2533 3479 vere,
2565 3434 2647 3469 ut·—

578 3501 627 3547 3.
660 3498 771 3545 Non
794 3498 1005 3563 fortuna
1042 3499 1385 3566 inflammat-ee.
1420 3500 1522 3564 Qui
1613 3518 1822 3567 cumque
1859 3502 2136 3566 ingeniose3
2177 3511 2228 3548 et
2265 3510 2434 3548 orator
2477 3512 2650 3549 noster

505 3594 607 3626 non
638 3578 888 3627 efferretur
910 3580 1040 3627 felici
1068 3594 1235 3627 rernm·
1267 3594 1493 3627 successu
1509 3614 1523 3638 ,
1611 3582 1886 3648 optandum
1911 3592 2036 3629 esset
2057 3592 2116 3629 ut
2137 3580 2316 3628 clarius
2344 3580 2564 3628 dixisset.

395 3696 405 3703 .
502 3669 553 3707 et
578 3657 806 3707 insolenti
832 3658 1037 3707 victoria
1064 3658 1334 3715 subnixus,
1378 3674 1433 3707 ea
1466 3659 1520 3706 in
1658 3668 1735 3724 '7.
1775 3660 2022 3709 Sarsinatis.
2061 3662 2246 3708 Omnes
2283 3661 2414 3707 cives
2446 3661 2650 3723 conspi-

503 3738 662 3785 vietos
686 3737 984 3788 abuteretur.
1611 3752 1719 3790 rent
1736 3776 1752 3799 .‚
1781 3756 1882 3788 non
1909 3740 2062 3789 modo
2095 3742 2182 3805 qui
2213 3740 2396 3799 majore
2429 3739 2646 3803 quadam

576 3820 628 3875 4.
655 3819 817 3867 Graev.
847 3814 1042 3864 damnat
1062 3816 1127 3863 ab
1141 3833 1162 3872 ‚-
1182 3816 1390 3864 retinent
1416 3832 1522 3865 om·
1611 3821 1868 3885 prudentis!
1935 3820 2160 3868 insti-neti
2229 3818 2358 3866 clau-e
2441 3830 2652 3867 cernunt

504 3912 589 3945 nea
622 3899 753 3960 Aug.
790 3896 915 3944 Maii
956 3894 1170 3943 codices.
1208 3898 1335 3944 Sunt
1376 3896 1520 3945 etiam
1611 3898 1736 3963 quid
1763 3916 1790 3946 e
1813 3898 2065 3962 republica
2093 3899 2150 3944 sit
2167 3932 2179 3956 ,
2202 3896 2289 3944 sed
2313 3896 2458 3943 etiam
2483 3897 2650 3945 minus

502 3976 723 4040 exempla
746 3974 941 4024 Cluent.
971 3974 1037 4021 28
1059 3990 1074 4037 ς
1112 3975 1254 4024 verr.
1282 3976 1381 4031 111,
1420 3976 1483 4029 48
1507 3990 1524 4035 ;
1611 3976 1939 4041 intelligentes
1971 3987 2054 4025 ant
2079 3976 2226 4024 etiam
2251 3976 2430 4024 Caesari
2457 3976 2649 4039 aliquid

502 4056 668 4103 Vatia.
702 4069 797 4110 12..
830 4062 923 4101 etc.
1613 4067 1980 4117 succensentes,
2025 4054 2180 4103 modo
2227 4070 2288 4101 ne
2353 4055 2419 4101 ita
2479 4054 2652 4106 obtusi

575 4135 624 4183 5.
648 4136 845 4197 Ingrat.
866 4143 935 4179 esc
966 4130 1524 4197 injeesmsque.1ngmtns
1615 4137 1712 4183 sint
1727 4168 1746 4195 ‚
1771 4140 2014 4187 attinente
2037 4133 2168 4198 cepti
2195 4132 2468 4183 videantur.
