2996 4694
597 376 885 479 ORAT.
937 376 1064 444 DE
1111 374 1408 443 PROV.
1463 374 2285 444 CONSULARIBUS.
2388 376 2528 473 269

399 522 566 568 rum
613 498 876 568 civium
928 494 1164 569 facere
1211 497 1527 595 possim?
1569 501 1678 567 An
1724 508 1919 567 non⁷
1958 494 2113 566 Tib.
2155 498 2525 570 Gracchus

402 608 726 705 (patrem
777 606 976 693 dico,
1029 608 1234 701 cujus
1279 606 1558 676 utinam
1602 600 1778 677 filiifl
1829 630 1925 677 ne
1972 607 2529 704 degenerassent

399 742 442 788 a
485 720 830 815 gravitate
887 732 1184 816 paterna
1207 715 1322 813 ⁹!)
1379 731 1652 788 tantam
1696 716 1979 788 laudem
2024 731 2134 788 est
2179 716 2484 817 adeptus
2505 774 2527 808 ,

400 826 599 925 quod
631 827 966 900 tribunus
993 826 1227 926 plebis
1255 827 1450 899 solus
1476 854 1567 900 ex
1592 842 1749 900 toto
1776 827 1899 898 illo
1929 827 2241 925 collegio·
2270 833 2350 899 L.
2384 832 2528 902 Sci·

399 939 603 1034 pioni
627 947 692 983 ¹⁰
737 938 1003 1011 auxilio
1029 937 1165 1009 fuit
1183 940 1761 1025 ,inimicissimus
1790 953 1864 1010 et
1899 940 2123 1038 ipsius
2141 993 2161 1026 ,
2188 954 2259 1011 et
2288 938 2527 1012 fratris

401 1050 592 1144 ejus,
641 1047 998 1137 Africani,
1029 1050 1442 1147 juravitque
1474 1050 1553 1119 in
1586 1051 1971 1133 concione,
2008 1054 2185 1120 sein
2224 1051 2523 1146 gratiam

400 1186 552 1233 non
593 1160 886 1257 rediisse
909 1170 1013 1250 ¹¹3
1071 1161 1196 1233 sed
1241 1162 1556 1233 alienum
1594 1159 1731 1231 sibi
1758 1159 1983 1231 videri
2014 1160 2357 1259 dignitate
2397 1163 2528 1231 im-

400 1272 618 1368 perii,
663 1297 816 1369 quo
859 1273 1080 1345 duces
1126 1287 1367 1344 essent
1413 1271 1841 1359 hostiumn,
1885 1271 2220 1368 Scipione
2278 1276 2529 1342 trium-

397 1381 708 1480 phante,
743 1382 976 1471 ducti,
1006 1382 1264 1455 eodem
1292 1384 1533 1480 ipsum
1568 1380 1773 1469 duci,
1822 1381 1951 1478 qui
1976 1381 2529 1479 triumphasset?

399 1494 576 1583 Quis
623 1494 912 1593 plenior
949 1496 1409 1567 inimicorum
1467 1493 1607 1565 fuit
1653 1498 1733 1566 C.
1794 1490 2151 1567 Mat-10¹3?
2190 1498 2265 1565 L.
2320 1499 2530 1569 Cras-

399 1647 504 1697 lias-i
534 1648 708 1705 malle,
741 1664 886 1713 quam
923 1648 986 1696 ab
1013 1648 1154 1697 hoste
1188 1649 1354 1697 venire
1370 1672 1416 1697 ιι.

397 1730 626 1780 Tiberius
653 1730 970 1794 Sempronius
997 1726 1247 1779 Gracchus
1274 1744 1422 1793 gener

396 1812 620 1861 Arx-iani
651 1813 854 1861 secundi
868 1846 884 1871 ,
915 1822 966 1860 et
1007 1810 1069 1860 de
1101 1828 1204 1877 quo
1229 1808 1420 1859 Tullius

399 1891 588 1955 egregie
625 1892 849 1955 loquitur
882 1892 943 1941 de
974 1894 1086 1941 Iuv.
1121 1892 1178 1950 1,
1213 1892 1316 1953 303
1357 1892 1418 1941 de

399 1978 538 2025 Orat.
561 1976 586 2023 1
605 2008 621 2034 ,
643 1992 705 2040 93
732 1976 872 2024 Brut.
899 1989 980 2022 so.

471 2072 522 2115 7.
573 2055 736 2103 Groev.
779 2053 978 2102 Lallem.
1025 2050 1246 2101 delevere
1284 2066 1418 2113 non,

398 2136 533 2201 quod
559 2135 612 2183 in
640 2132 780 2183 nullo
802 2133 988 2197 scripto
1021 2143 1104 2180 aut
1128 2130 1262 2179 edito
1288 2130 1418 2181 libro

400 2228 510 2266 aute
527 2215 814 2265 Lambinum
834 2214 941 2263 fuit.
963 2217 996 2264 J
1001 2251 1012 2263 .
1035 2216 1098 2261 V.
1124 2215 1181 2262 1..

471 2297 522 2345 8.
574 2295 772 2343 Utinam
794 2294 904 2363 filii
938 2310 1002 2343 ne
1033 2294 1417 2361 degenerassent.

396 2377 618 2426 Tiberius
637 2388 687 2426 et
705 2377 850 2427 Caius
865 2413 880 2438 ,
903 2375 1011 2440 qui,
1029 2391 1184 2440 quum
1203 2391 1230 2422 a
1249 2383 1420 2422 senatu

401 2461 716 2518 defecissent,
769 2459 882 2508 facti
919 2460 1179 2524 populares
1222 2459 1418 2524 agrariis

398 2553 450 2590 et
464 2540 734 2603 iudiciariis
751 2540 941 2604 legibus
959 2540 1135 2589 multas
1157 2538 1418 2587 seditiones

397 2621 450 2668 in
474 2621 722 2686 republica
754 2621 1060 2669 concitarunt
1077 2655 1092 2678 ,
1131 2629 1419 2683 prematur-a

398 2711 557 2749 morte
595 2715 766 2764 poeuas
803 2699 1010 2763 inquieti
1063 2709 1112 2748 et
1175 2698 1419 2746 ambitiosi

399 2779 580 2844 ingenii
610 2778 862 2828 dederuut.

469 2875 520 2922 9.
547 2857 718 2906 Lamb.
740 2857 928 2922 patria.
952 2859 988 2906 J
989 2894 1002 2906 .
1024 2860 1088 2904 V.
1109 2859 1167 2906 1..

475 2953 557 2987 to.
600 2940 657 2986 L.
697 2936 927 3000 Scipioni.
951 2939 1014 2986 D.
1043 2937 1248 2985 Brutum
1280 2945 1330 2982 et
1359 2935 1414 2984 1..

397 3019 529 3082 Scipi
534 3035 676 3067 onem
695 3019 919 3068 consules
936 3018 1176 3067 Curiatius
1191 3017 1418 3066 tribunus

397 3096 586 3161 piebis,
616 3099 752 3163 quod
779 3114 880 3146 nou
903 3099 1214 3162 impetraret,
1241 3109 1298 3145 ut
1323 3095 1419 3144 sibi

400 3175 554 3225 denos
596 3193 720 3241 quos
755 3177 900 3225 veliet
950 3175 1127 3226 milites
1162 3176 1418 3231 eximeret,

397 3255 450 3302 in
477 3271 712 3305 carcerem
751 3255 880 3306 mitti
915 3255 1074 3318 iussit.
1106 3256 1181 3303 De
1211 3253 1420 3318 Legibus

397 3332 488 3382 lib.
510 3337 612 3391 m,
641 3352 749 3400 cap.
769 3352 818 3399 9.

475 3431 497 3462 1
511 3431 532 3463 1
546 3450 559 3465 .
585 3418 647 3463 Se
662 3415 711 3463 ἰη
727 3415 941 3480 gratiam
959 3431 1058 3463 non
1075 3411 1288 3462 rediisse.
1315 3413 1420 3460 Βο-

398 3493 510 3542 dem
537 3506 698 3544 tamen
732 3495 812 3544 die
836 3495 887 3544 in
915 3495 1118 3560 gratiam
1143 3493 1413 3550 redierunt,

398 3573 642 3637 traditque
655 3575 822 3624 Livius
833 3575 871 3624 l.
887 3575 1168 3638 11me
1182 3581 1416 3620 exeunte:

395 3673 423 3693 α
442 3653 670 3702 Senatum
710 3669 772 3702 eo
809 3653 934 3701 forte
966 3653 1046 3701 die
1084 3653 1135 3699 in
1173 3649 1419 3716 Capitolio

396 3743 668 3780 ooeuamem
700 3730 1060 3780 consurrexisse
1078 3764 1095 3787 ,
1130 3739 1180 3778 et
1212 3731 1418 3794 petisse,

396 3819 454 3855 nt
474 3809 603 3858 inter
626 3811 794 3874 epulas
816 3808 1040 3858 Graccho
1060 3805 1210 3857 filiam
1231 3807 1422 3857 Africa-

395 3901 492 3934 nm
546 3887 888 3953 desponderet.
940 3887 1132 3952 Quibus
1181 3886 1250 3936 ita
1294 3887 1422 3934 iuter

395 3964 652 4029 publicum
704 3966 918 4016 solemne
972 3965 1279 4032 sponsalibus
1329 3964 1423 4012 rite

400 4041 571 4102 factis,
609 4061 763 4109 quum
807 4061 860 4094 se
895 4044 1096 4094 domum
1131 4045 1423 4106 recepisset,

400 4119 680 4184 Scipionem
737 4122 942 4172 AEmilm'
997 4121 1144 4171 uxori
1207 4119 1388 4170 dixisse'
1297 4117 1312 4132 ⁶
1405 4152 1423 4178 ‚

1505 1645 1663 1695 filiam'
1675 1664 1727 1695 se
1742 1648 1981 1697 minorem
2005 1645 2337 1713 despondisse.
2364 1652 2532 1713 Quum

1504 1730 1587 1777 illa
1610 1729 1911 1779 muliebriter
1936 1727 2302 1793 indignabunda
2319 1730 2446 1778 nibil
2469 1730 2532 1781 de

1504 1811 1754 1859 cotumuni
1771 1808 1873 1857 filia
1890 1825 2055 1857 seeum
2072 1810 2397 1859 consultatum
2409 1844 2425 1868 ,
2446 1808 2535 1858 ad·

1502 1890 1695 1949 iecisset
1717 1922 1733 1948 ,
1782 1904 1883 1938 non
1906 1922 1921 1946 ‚
1962 1888 2002 1937 si
2052 1890 2249 1939 Tiberio
2302 1888 2531 1939 Graccho

1507 1968 1669 2026 daret,
1692 1978 1941 2033 expertem
1969 1967 2163 2015 consilii
2187 1967 2407 2018 debuisse
2424 1986 2531 2019 ma—

1506 2058 1629 2095 trem
1681 2064 1820 2109 csse3
1860 2058 2053 2111 patrum
2104 2048 2387 2113 Scipionem
2430 2058 2531 2097 tam

1505 2129 1745 2179 concordi
1779 2129 1970 2192 judicio
2006 2128 2103 2193 ipsi
2138 2126 2428 2193 desponsam
2452 2144 2531 2177 re-

1504 2219 1760 2285 spondisse
1782 2240 1827 2269 ιι.

1582 2314 1663 2349 12.
1694 2302 1801 2364 Quo
1826 2299 1971 2347 duces
1995 2310 2162 2347 essene
2184 2294 2409 2345 bostium.
2442 2296 2532 2347 Ci-

1506 2395 1619 2428 cero
1668 2381 1859 2429 Ver-rin.
1904 2381 2003 2428 vn
2028 2394 2043 2429 e
2090 2402 2117 2423 α
2137 2380 2207 2428 At
2252 2377 2395 2426 etiam
2440 2378 2529 2441 qui

1506 2457 1810 2523 triumphant
1824 2495 1839 2519 ‚
1882 2475 2041 2524 eoque
2083 2457 2265 2506 diutius
2308 2455 2528 2505 bostium

1507 2537 1654 2587 duces
1681 2550 1876 2588 servant
1889 2572 1904 2597 ,
1930 2551 1987 2587 ut
2010 2537 2088 2586 bis
2111 2555 2199 2604 per
2224 2535 2529 2600 triumphum

1506 2617 1667 2666 ductis
1688 2618 2067 2683 pulcherrimum
2088 2617 2415 2684 spectaculum
2433 2617 2533 2666 fru-

1508 2707 1735 2762 ctumque
1783 2698 2005 2747 victoria
2040 2697 2256 2764 populus
2299 2711 2531 2745 romanus

1505 2779 1756 2842 percipere
1778 2777 1963 2843 possit;
1984 2789 2142 2827 tamen
2162 2793 2312 2842 quum
2337 2775 2398 2825 de
2416 2775 2529 2825 foro

1503 2857 1558 2905 in
1602 2859 1899 2923 Capitolium
1944 2875 2139 2907 currum
2181 2857 2375 2906 flectere
2412 2857 2535 2904 inci·

1504 2935 1649 2999 piuut
1660 2973 1676 2994 ,
1690 2938 1804 2987 moa
1825 2937 2001 2986 ducere
2014 2939 2068 2985 iu
2085 2953 2325 2986 carcerem
2338 2935 2536 2998 jubent,

1503 3012 1734 3080 idemque
1768 3015 1871 3064 dies
1912 3026 1963 3064 et
2006 3015 2277 3064 victoribus
2313 3015 2536 3080 impu-ii,

1505 3103 1556 3143 et
1572 3093 1715 3141 victis
1730 3093 1845 3143 vitoe
1861 3093 2009 3143 finem
2034 3094 2150 3142 facit
2168 3116 2213 3142 υ.

1582 3167 1667 3222 13.
1705 3171 1756 3221 0.
1786 3171 1967 3220 uario.
2005 3173 2062 3223 C.
2094 3173 2283 3220 Marius
2316 3170 2530 3220 obscum

1504 3249 1646 3307 loco,
1684 3265 1747 3297 ex
1778 3251 2018 3312 Arpinate
2052 3248 2322 3312 municipio
2350 3259 2526 3308 natus,

1506 3328 1747 3394 Quintum
1771 3327 2028 3378 Metellum
2048 3327 2367 3378 Numidicum
2387 3345 2534 3378 accu-

1506 3409 1631 3458 savit
1658 3407 1753 3472 (ut
1776 3407 1953 3458 dicitur
1979 3406 2207 3472 Officiis)
2235 3409 2373 3470 cujus
2398 3408 2529 3474 lega·

1506 3499 1585 3537 tus
1612 3499 1744 3547 erat,
1774 3503 2017 3562 summum
2053 3489 2211 3536 virum
2255 3497 2303 3536 et
2342 3489 2529 3550 civem3

1507 3583 1659 3632 quum
1687 3566 1751 3616 ab
1786 3584 1847 3617 eo
1874 3567 2168 3633 imperatore
2194 3582 2287 3616 suo
2324 3567 2533 3617 Romam

1508 3646 1681 3695 missus
1700 3656 1823 3695 esset
1836 3681 1852 3707 ,
1868 3645 2001 3712 apud
2019 3645 2257 3711 populum
2276 3662 2531 3696 romanum

1510 3727 1793 3775 criminatus
1839 3737 1914 3775 est
1964 3724 2149 3774 bellum
2191 3723 2317 3772 illud
2360 3735 2535 3772 contra

1508 3807 1801 3870 Jugurtbam
1823 3806 2029 3866 ducere;
2046 3803 2133 3854 sed
2150 3803 2260 3852 sisa
2282 3802 2533 3850 consulem

1511 3887 1772 3946 fecissent,
1810 3885 1950 3934 brevi
1989 3895 2205 3950 tempore
2246 3891 2331 3929 aut
2366 3881 2533 3928 vivum

1510 3975 1599 4013 ant
1628 3973 1875 4013 mortuum
1910 3961 2201 4026 Jugurtham
2239 3973 2290 4006 se
2315 3958 2367 4006 in
2394 3965 2538 4023 pote-

1511 4053 1681 4090 state-
1734 4039 1909 4106 populi
1978 4038 2303 4088 redacturum.
2364 4037 2537 4100 Itaque

1512 4117 1669 4166 faetus
1698 4127 1774 4167 est
1804 4117 1890 4166 ille
1919 4116 2117 4181 quidem
2147 4114 2353 4174 consul,
2384 4113 2471 4164 sed
2506 4129 2535 4161 a
