2996 4694
841 345 1231 416 ORATIO
1282 348 1481 414 PRO
1531 347 1604 417 P.
1655 345 2063 415 SEXTIO.
2375 345 2509 420 103

392 470 642 558 batur,
681 477 899 538 nemo
950 467 1090 540 sibi
1129 491 1263 540 nec
1312 465 1724 540 valitudinis
1767 467 2296 542 excusationem
2316 525 2336 556 ‚
2381 495 2516 546 nec

394 578 825 667 senectutis,
882 579 1047 650 satis
1088 578 1357 674 justam
1402 576 1722 676 putavit3
1767 601 1986 649 nemo
2045 574 2221 666 fuit,
2255 580 2386 676 qui
2439 605 2514 654 se

397 713 548 760 non
584 685 1101 785 rempublicam
1144 711 1421 762 mecum
1464 687 1676 761 simul
1709 709 2048 764 revocare
2086 688 2162 760 in
2207 713 2370 765 suas
2401 713 2512 762 se·

398 798 525 872 des
565 797 1051 870 arbitraretur.

486 913 669 980 LIII.
728 906 1115 980 Videamus
1154 930 1351 982 nunc
1396 906 1686 984 comitia
1731 909 2298 1004 magistratuum.
2352 909 2514 983 Fuit

390 1017 773 1116 collegium
804 1027 1074 1115 nuper¹
1120 1017 1616 1106 tribunitium,
1647 1017 1726 1091 in
1755 1040 1906 1112 quo
1945 1030 2090 1090 tres
2115 1026 2144 1060 ²
2181 1016 2514 1105 minime,

388 1126 855 1202 vehementer
898 1125 1091 1199 duo3
1132 1128 1518 1227 populares
1551 1125 2167 1206 existimabantur.
2213 1131 2319 1198 Ex
2360 1124 2510 1213 his,

390 1239 519 1333 qui
561 1237 949 1335 populares
985 1262 1138 1338 non
1165 1237 1651 1326 habebantur,
1685 1235 1956 1334 quibus
1981 1237 2055 1306 in
2091 1235 2216 1309 illo
2253 1259 2516 1334 genere

389 1345 911 1422 conductarum
931 1349 1363 1426 concionum
1384 1346 1819 1422 consistendi
1839 1357 2151 1444 potestas
2169 1367 2318 1418 non
2338 1359 2514 1432 erat,

384 1454 613 1530 du0s⁴
646 1481 690 1529 a
733 1457 1009 1556 populo
1044 1483 1349 1534 romano
1398 1473 1742 1556 praetores
1792 1453 2003 1526 video
2043 1478 2195 1528 esse
2236 1452 2508 1527 factost

386 1580 492 1654 et,
520 1581 873 1664 quantum
899 1567 1357 1644 sermonibus
1382 1567 1578 1664 vulgi
1604 1580 1677 1640 et
1717 1561 2074 1662 suffragiis
2109 1563 2509 1659 intelligere

384 1677 624 1774 potui,
661 1701 809 1775 prae
838 1701 915 1750 se
953 1677 1267 1775 populus
1303 1699 1648 1751 romanus
1682 1671 1993 1760 ferebat,
2020 1669 2158 1745 sibi
2195 1671 2398 1742 illum
2436 1671 2512 1741 in

380 1784 755 1857 tribunatu
798 1789 928 1857 Cn.
969 1775 1265 1861 Domitii
1296 1789 1620 1862 animum
1657 1777 2158 1856 constantem-⁴
2191 1794 2266 1851 et
2305 1803 2510 1876 egre·

386 1895 621 1991 gium,
664 1909 739 1968 et
780 1899 868 1985 Q.
898 1895 1235 1971 Ancharii
1269 1894 1489 1971 fidem
1520 1917 1604 1969 ac
1648 1891 2194 1974 fortitudinem,
2236 1889 2510 1960 etiamsi

386 2002 564 2076 nihil
595 2003 856 2100 agere⁶
884 2007 1290 2102 potuissent
1310 2057 1330 2092 ,
1366 2019 1610 2080 tamen
1637 2001 2006 2075 voluntate
2044 2002 2197 2098 ipsa
2226 2012 2508 2096 gratum

384 2113 623 2186 fuisse.
664 2121 819 2186 Jam
868 2116 959 2188 de
1004 2121 1081 2188 C.
1129 2117 1403 2188 Fannio
1450 2140 1614 2214 quae
1661 2118 1756 2188 sit
1801 2114 2269 2201 existimatio,
2319 2109 2512 2185 vide·

382 2246 547 2294 mus
592 2251 607 2292 :
655 2223 851 2320 quod
893 2224 1287 2321 judicium
1346 2224 1602 2323 populi
1653 2225 1935 2298 romani
1981 2226 2054 2294 in
2104 2218 2508 2298 honoribus

380 2332 535 2428 ejus
572 2331 901 2407 futurum
939 2336 1059 2421 sit,
1116 2337 1386 2408 nemini
1426 2331 1733 2411 dubium
1781 2357 1936 2407 esse
1977 2329 2216 2405 debet.
2260 2329 2503 2431 Quid?

380 2443 769 2540 populares
795 2444 896 2517 illi
934 2444 1083 2517 duo
1108 2443 1285 2542 quid
1323 2444 1672 2542 egerunt?
1705 2442 1904 2518 Alter
1927 2497 1947 2531 ‚
1987 2444 2114 2538 qui
2150 2454 2390 2513 tamen
2429 2462 2504 2513 se

375 2556 870 2644 continuerat,
911 2556 1173 2631 tulerat
1208 2555 1431 2642 nihil;
1466 2566 1784 2629 senserat
1827 2565 2112 2626 tantum
2145 2548 2238 2621 de
2277 2572 2500 2647 repu-

377 2659 567 2734 blica
596 2662 821 2751 aliud‚
854 2679 1071 2762 atque
1090 2664 1422 2736 homines
1450 2660 2122 2759 exspectabant,vir
2144 2672 2219 2731 et
2239 2658 2503 2743 bonuS,

378 2784 451 2841 et
491 2772 879 2862 innocens,
930 2788 1004 2847 et
1046 2772 1258 2846 bonis
1304 2769 1475 2844 ¹viris
1523 2795 1808 2868 semper
1856 2767 2258 2868 probatus:
2299 2764 2504 2865 quod

328 2944 346 2959 ,
376 2902 631 2979 parum
658 2880 989 2956 videlicet
1017 2883 1367 2954 intellexit
1403 2884 1478 2952 in
1514 2879 1921 2964 tribunatu,
1955 2878 2135 2977 quid
2170 2902 2341 2949 vero
2375 2902 2504 2977 po-

375 2986 553 3083 pulo
588 2988 1053 3086 probaretur,
1096 3007 1169 3063 et
1194 2988 1396 3088 quod
1436 2990 1642 3061 illum
1679 3014 1832 3061 esse
1875 2987 2232 3086 populum
2259 3011 2496 3059 roma-

374 3120 553 3167 num
574 3152 593 3186 ,
634 3101 762 3196 qui
798 3100 875 3171 in
918 3092 1267 3172 concione
1296 3114 1447 3171 erat
1467 3154 1486 3188 ‚
1523 3098 2029 3187 arbitrabatur,
2077 3121 2226 3167 non
2263 3100 2499 3167 tenuit
2569 3162 2578 3169 .

376 3228 539 3277 eum
586 3206 863 3299 locum,
908 3210 987 3281 in
1021 3234 1277 3309 quem,
1323 3210 1461 3280 nisi
1495 3208 1868 3308 popularis
1913 3230 2066 3279 esse
2107 3204 2494 3296 voluisset,

443 3422 581 3471 Lm.
600 3440 649 3475 x.
678 3428 863 3493 Nuper.
890 3430 1097 3480 BiennIo
1117 3440 1254 3491 ante,
1281 3431 1389 3481 Cn·
1547 3428 1599 3479 ⁶.
1622 3428 1763 3478 mm
1775 3442 1939 3493 affin·
1959 3427 2088 3492 Qui·
2103 3426 2325 3491 *ἰωὴ
2341 3425 2498 3491 ⁸¹¹⁸P5·

371 3514 475 3549 nan
492 3511 543 3549 et
562 3502 737 3554 Bibulo
760 3522 887 3555 eoos.
1474 3507 1549 3555 oia
1575 3522 1764 3573 emper
1788 3506 1909 3555 laeva
1933 3505 2248 3565 inducerent,
2270 3505 2496 3553 Vatiniu-

442 3580 587 3626 2.—1n
623 3596 719 3645 quo
752 3595 864 3634 em.
890 3588 983 3635 Cn.
1013 3587 1287 3649 Domitius,
1322 3588 1385 3649 Q.
1473 3596 1632 3634 umen
1659 3586 1872 3650 neglecta
1893 3585 2202 3649 haruspicum
2229 3585 2462 3648 religion·
2483 3618 2500 3643 ,

370 3656 667 3721 Ancharius,
694 3662 755 3714 C.
786 3666 1007 3713 Fannius.
1472 3664 1650 3712 multas
1673 3664 1804 3729 logo·
1829 3662 2110 3729 reipublice
2131 3663 2358 3711 exitium
2377 3676 2498 3727 pro·

439 3735 493 3784 3.
536 3738 663 3787 Duo.
703 3742 952 3804 Vatinius,
990 3753 1039 3792 et
1070 3744 1233 3793 nereio
1270 3742 1381 3808 quin
1472 3741 1603 3793 tulit·

366 3811 504 3863 alter.
1545 3836 1591 3881 7.
1622 3816 1772 3885 Quod
1773 3811 2035 3885 judiciuin.
2063 3820 2196 3868 Dicit
2217 3834 2318 3867 non
2343 3815 2492 3864 dnbi-

438 3896 491 3948 4.
516 3896 665 3943 Duos.
687 3896 955 3944 Domitium
978 3910 1027 3946 et
1044 3900 1354 3950 Ancharium.
1470 3900 1670 3949 tandum
1695 3914 1826 3959 ease,
1851 3900 1971 3963 quin
1993 3886 2458 3965 populm'romanua
2478 3930 2496 3955 ,

448 3975 500 4022 5.
542 3976 872 4025 Constantem.
910 3978 969 4023 In
1004 3978 1181 4030 tuenda
1213 3988 1381 4029 eontr-
1468 3994 1554 4028 σοι
1591 3980 1649 4029 C.
1697 3980 1882 4027 Fannio
1926 3981 2228 4045 magi-tram·
2269 3975 2492 4025 consent

365 4054 615 4105 Vatinium
634 4064 825 4103 senatus
846 4070 1005 4103 eam.
1468 4073 1592 4121 quo·
1612 4068 1686 4106 eat
1701 4056 1957 4123 petiturus.
