2996 4694
500 349 641 421 366
1074 350 1171 417 M.
1224 351 1302 417 T.
1360 310 1950 419 CICERONIS

500 472 819 543 namenti
846 468 1314 567 expetebam?
1333 468 1718 541 Consulem
1746 480 1920 566 ego²
1943 483 2094 541 tum
2131 469 2623 567 requirebam,

496 581 865 655 consulem
888 632 907 667 ‚
942 583 1277 676 inquam,
1316 605 1467 650 non
1504 579 2076 676 illumquidem,
2113 602 2329 677 quem
2368 583 2444 650 in
2483 581 2624 653 hoc

502 684 828 763 animali³
868 691 1187 761 invenire
1222 714 1373 759 non
1408 712 1720 786 possem,
1739 690 1868 785 qui
1907 705 2178 761 tantam
2210 692 2624 789 reipublicae

498 826 781 875 causam
836 802 1175 895 gravitate
1222 816 1295 871 et
1338 798 1638 869 consilio
1681 824 1812 869 suo
1856 814 2238 887 tueretur,⁴
2277 801 2405 871 sed
2455 806 2618 899 qui,

496 928 858 1007 tamquam
922 925 1219 979 truncus
1282 924 1500 1006 atque
1555 910 1773 1005 stipes
1796 962 1814 995 ‚
1893 910 1950 979 si
2007 911 2315 981 stetisset
2367 912 2619 999 modo,
2695 972 2711 979 ,

494 1036 733 1120 posset
760 1020 1109 1091 sustinere
1131 1032 1365 1089 tamen
1392 1018 1680 1089 titulum
1703 1017 2136 1089 consulatus,
2156 1023 2402 1110 Quum
2429 1024 2617 1092 enim

492 1146 676 1205 esset
737 1131 973 1199 omnis
1028 1151 1241 1198 causa
1284 1128 1403 1198 illa
1452 1152 1614 1199 mea
1657 1129 2049 1199 consularis
2106 1144 2180 1199 et
2229 1133 2619 1219 senatoria,

492 1242 759 1315 auxilio
792 1240 970 1310 mihi
998 1264 1184 1337 opus
1218 1237 1452 1309 fuerat
1486 1253 1558 1309 et
1599 1238 1949 1326 consuliS,
1969 1252 2041 1310 et
2065 1255 2356 1311 senatus
2387 1268 2403 1309 ε
2429 1266 2618 1337 quo-

494 1376 655 1423 rum
698 1351 1003 1421 alterum
1048 1352 1263 1422 etiam
1310 1347 1397 1418 ad
1437 1348 1831 1444 perniciem
1871 1372 2108 1419 meam
2146 1363 2297 1419 erat
2337 1374 2376 1419 a
2413 1348 2617 1423 vobis

489 1457 908 1533 consulibus
966 1482 1389 1530 conversum
1419 1482 1438 1544 ;
1497 1457 1804 1528 alterum
1861 1458 2275 1556 reipublicae
2330 1462 2616 1558 penitus

492 1584 842 1668 ereptum.
886 1572 1253 1657 Attamen,
1300 1569 1359 1639 si
1394 1567 1776 1639 consilium
1814 1570 2132 1665 exquiris
2171 1594 2452 1657 meum,
2484 1598 2612 1643 ne·

486 1704 629 1777 que
672 1703 806 1774 ego
858 1680 1256 1763 cessissem,
1300 1692 1373 1749 et
1411 1702 1527 1747 me
1585 1678 1736 1774 ipsa
1795 1701 1929 1747 suo
1965 1678 2349 1775 complexu
2387 1684 2614 1777 patria

491 1792 873 1876 tenuisset,
912 1790 969 1860 si
1020 1788 1199 1859 mihi
1245 1810 1409 1859 cum
1451 1787 1577 1858 illo
1609 1785 1986 1859 bustuario
2033 1787 2420 1885 gladiatore
2444 1789 2502 1876 4,
2544 1806 2615 1861 et

493 1915 763 1987 tecum,
802 1914 878 1971 et
920 1924 1084 1971 cum
1121 1900 1391 1996 collega
1428 1913 1560 1969 tuo
1591 1896 2108 1970 decertandum
2152 1896 2422 1971 fuisset.
2463 1900 2614 1971 Alia

491 2011 685 2082 enim
708 1998 959 2081 causa5
992 2009 1556 2107 praestantissimi
1580 2008 1740 2095 viri,
1773 2008 1858 2096 Q.
1891 2006 2186 2091 Metelli,
2209 2005 2343 2079 fuit
2363 2034 2610 2105 :quenl

492 2146 627 2220 ego
676 2123 943 2209 civem,
985 2145 1149 2191 meo
1180 2119 1453 2215 judicio
1480 2174 1504 2208 ‚
1543 2142 1706 2189 cum
1757 2116 2060 2188 deorum
2104 2119 2612 2191 immortalium

488 2232 699 2304 laude
750 2230 1160 2329 conjung03
1215 2234 1340 2326 qui
1389 2233 1467 2301 C.
1511 2226 1616 2298 illi
1649 2228 1912 2315 Mario,
1971 2226 2358 2299 fortissimo
2403 2231 2560 2301 viro
2591 2284 2610 2317 ,

483 2357 555 2415 et
594 2342 913 2429 consuli,
945 2357 1017 2413 et
1050 2354 1329 2412 sextum
1363 2336 1677 2426 consuli,
1705 2340 1778 2410 et
1809 2336 1964 2433 ejus
1999 2338 2280 2412 invictis
2311 2341 2609 2438 legioni-

482 2450 659 2539 bus,
688 2477 781 2522 ne
801 2452 1019 2546 armis
1041 2448 1493 2546 confligeret,
1526 2445 1930 2519 cedendum
1956 2473 2104 2518 esse
2130 2445 2356 2520 duxit.
2391 2451 2608 2541 Quod

478 2562 657 2632 mihi
690 2561 909 2657 igitur
947 2573 1307 2632 certamen
1342 2572 1527 2630 esset
1564 2556 2032 2653 hujusmodi?
2069 2581 2232 2629 cum
2264 2563 2341 2631 C.
2377 2561 2608 2634 Mario

481 2671 747 2744 scilicet
769 2724 789 2755 ,
818 2685 943 2741 aut
974 2693 1138 2740 cum
1175 2669 1418 2766 aliquo
1453 2667 1644 2765 pari,
1673 2691 1764 2736 an
1797 2691 1963 2737 cum
1991 2667 2216 2739 altero
2238 2724 2258 2755 ,
2296 2667 2608 2742 barbaro

482 2777 1079 2878 Epicureo⁶,cum
1113 2779 1340 2851 altero
1362 2833 1381 2867 ,
1409 2777 1727 2848 Catilinae
1764 2775 2236 2850 laternari07?
2267 2803 2452 2877 quos
2487 2807 2608 2854 ne-

553 2985 599 3019 a.
621 2969 877 3018 Consulem
902 2987 1008 3036 ego.
1045 2969 1178 3018 Miro
1211 2978 1500 3032 contemptu
1587 2965 1842 3030 qnisquam
1883 2966 2147 3024 existimet,
2177 2983 2255 3014 me
2286 2967 2462 3031 Quinti
2503 2971 2604 3018 Me-

482 3049 675 3098 Pisonis
692 3048 1031 3114 indignitatem
1050 3048 1359 3112 perstrinxit=
1388 3063 1498 3096 enm
1589 3044 1692 3092 telli
1733 3043 1983 3092 Numidici
2026 3047 2206 3094 sactum
2251 3048 2459 3096 voluisse
2495 3049 2606 3096 imi·

482 3145 587 3177 non
614 3127 773 3177 solum
798 3141 941 3194 negat
962 3129 1108 3178 fuisse
1136 3129 1298 3178 animo
1317 3139 1367 3176 et
1393 3143 1500 3192 gra-
1588 3124 1709 3184 tari,
1738 3124 1822 3188 qni
1845 3124 1982 3188 quod
2009 3126 2059 3173 in
2085 3126 2202 3172 Luc.
2224 3127 2422 3191 Apuleii
2443 3129 2606 3176 Satur-

486 3209 633 3261 vitate
658 3208 907 3256 consulem
925 3243 941 3267 ‚
984 3207 1070 3255 sed
1110 3199 1240 3258 'adeo
1298 3207 1496 3254 nomine

482 3286 696 3336 consulis
718 3285 975 3350 indignum
994 3287 1140 3334 fnisse
1166 3286 1317 3346 dicit,
1352 3297 1405 3333 ut
1434 3303 1495 3334 ne

478 3382 655 3414 nomen
681 3365 879 3429 quidem
900 3376 950 3412 et
971 3365 1163 3413 titulum
1187 3365 1458 3414 sustineret.

554 3445 603 3493 3.
627 3443 869 3499 Isidorus,
894 3445 1081 3508 Origin.
1107 3447 1153 3490 11
1175 3479 1189 3502 ,
1231 3445 1291 3490 31
1310 3479 1324 3500 ,
1350 3444 1495 3493 habet

478 3523 665 3571 maiali.
701 3525 907 3570 Damnat
943 3523 1264 3570 Hottomann.
1288 3523 1490 3571 Observ.

478 3603 597 3650 VIII
618 3637 631 3658 ,
664 3618 709 3662 7.
736 3600 951 3650 Probant
975 3612 1135 3648 tamen
1160 3601 1317 3648 multi.

549 3688 600 3736 4.
641 3679 895 3726 nuscum-io
925 3679 1225 3742 gladiatore.
1258 3679 1493 3726 Existimo

480 3770 724 3806 oratorem
756 3757 817 3804 ad
844 3757 1088 3822 peculiare
1122 3757 1285 3806 Clodii
1306 3758 1491 3805 facinus

474 3837 686 3885 alludere
708 3852 723 3886 :
748 3835 1035 3900 gladiatores
1064 3837 1191 3886 enim
1216 3837 1488 3886 bustum-ios

472 3917 534 3963 ad
549 3917 833 3966 seditionem
853 3916 1197 3973 concitaverat,
1212 3928 1267 3966 ut
1280 3915 1485 3964 reditum

475 3996 699 4045 Ciceroni
725 3994 1059 4060 praeelnderet.

1587 3203 1694 3250 nini
1725 3202 1879 3266 legem
1906 3205 2140 3266 agrariam
2167 3209 2418 3254 annitente
2445 3209 2604 3256 Mario

1583 3283 1728 3332 latam
1767 3284 1828 3332 de
1855 3285 1983 3347 agris
2017 3286 2198 3334 viritim
2233 3285 2508 3336 dividendis
2527 3287 2605 3350 ju-

1583 3380 1686 3412 rare
1737 3365 2000 3424 noluisset,
2047 3365 2110 3412 de
2160 3366 2355 3414 civitate
2405 3367 2604 3428 maluit,

1583 3458 1728 3506 qnam
1749 3442 1809 3490 de
1832 3445 2068 3494 sententia
2089 3443 2344 3508 dimoveri,
2357 3457 2406 3494 et
2427 3457 2603 3510 sponte

1583 3522 1823 3570 concessit
1847 3557 1861 3582 ,
1883 3539 1944 3570 ne
1962 3525 2006 3571 si
2031 3523 2188 3574 invito
2217 3525 2378 3574 Mario
2405 3525 2456 3572 in
2484 3524 2602 3574 nrbc

1583 3615 1834 3648 remanere
1863 3603 2124 3661 voluisset,
2169 3619 2279 3652 cnm
2314 3605 2474 3652 Mario
2505 3603 2601 3650 sor-

1583 3680 1768 3726 tissimo
1812 3681 2101 3744 imperatore
2146 3684 2290 3730 armis
2337 3683 2602 3747 confligens

1581 3757 1928 3822 rempublicam
1967 3761 2022 3807 in
2051 3775 2192 3824 grave
2226 3762 2483 3809 discrimen
2509 3760 2596 3808 atl-

1579 3835 1790 3886 duceret.

1647 3917 1696 3965 6.
1727 3916 1922 3964 Lallem.
1951 3918 2176 3984 Epicuro.

1649 4013 1696 4057 7.
1747 3995 1980 4046 Catilina·
2032 3997 2317 4046 lacernas-1¹0.
2374 4001 2592 4048 laterna-

545 4077 589 4122 5.
620 4074 735 4121 Alia
766 4073 891 4121 enim
928 4091 1099 4122 caum.
1124 4073 1238 4122 Non
1258 4085 1328 4120 est
1347 4073 1481 4145 quod
1573 4073 1696 4121 rium
1715 4077 2008 4140 vocat,qnml
2023 4075 2083 4124 ad
2098 4075 2599 4140 explendaslibidines
