2996 4694
598 358 880 428 oRAT.
933 358 1071 426 DE
1122 357 1414 428 Pnov.
1466 357 2288 434 consumamus.
2383 369 2528 466 289

408 482 499 554 de
516 479 889 552 voluntate
916 479 1243 563 Caesaris,
1264 493 1337 552 et
1360 502 1676 580 sponsor
1693 495 1802 552 est
1821 479 1926 554 illi
1949 481 2040 554 de
2063 507 2222 556 mea
2245 512 2532 564 :nonne

408 591 609 664 vobis
676 588 929 662 videor
996 603 1071 662 et
1136 588 1371 662 ultimi
1436 593 1788 687 temporis
1855 591 2354 669 recordatione
2377 654 2398 687 ‚
2461 616 2536 672 et

408 700 721 800 proximi
751 698 1101 772 memoria
1120 752 1140 786 ‚
1174 698 1497 770 medium
1533 697 1712 770 iilud
1741 699 2226 776 tristissimum
2253 721 2540 806 tempus

412 811 677 884 debere
695 864 718 898 ‚
760 809 823 881 si
862 834 951 881 ex
992 833 1241 882 rerum
1290 823 1550 880 natura
1590 833 1744 880 non
1778 833 2072 906 possum
2097 824 2152 858 ¹¹
2191 817 2496 890 evellere
2517 886 2538 922 ‚

415 945 506 991 ex
545 922 791 994 animo
828 917 1125 1018 quidem
1170 933 1367 990 certe
1408 916 1794 993 excidere?
1825 924 1978 1017 Ego
2013 946 2184 995 vero
2203 978 2224 1012 ‚
2262 927 2323 997 si
2357 930 2542 1002 mihi

415 1029 763 1104 nonlicet
788 1040 845 1074 ¹²
884 1053 1015 1126 per
1041 1027 1321 1124 aliquos
1348 1031 1445 1100 ita
1472 1027 1796 1124 gloriari,
1830 1053 1947 1102 me
1973 1029 2294 1106 dolorem
2323 1052 2544 1135 atque

418 1140 819 1212 inimicitias
864 1161 1061 1210 meas
1103 1135 1518 1234 reipublicae
1557 1139 2023 1227 concessisse,
2063 1143 2264 1237 quod
2301 1153 2544 1244 magni

418 1246 789 1342 cujusdam
830 1245 1143 1320 hominis
1182 1259 1255 1316 et
1298 1246 1774 1343 persapientis
1808 1245 2092 1320 videtur
2123 1278 2140 1322 ε
2179 1265 2340 1324 utar
2364 1253 2546 1344 hoc,

419 1355 621 1455 quod
669 1380 819 1428 non
868 1369 1017 1430 tam
1066 1353 1159 1431 ad
1213 1353 1502 1427 laudem
1556 1354 2088 1453 adipiscendam
2110 1411 2132 1446 ,
2185 1383 2402 1456 quam
2453 1365 2546 1438 ad

420 1465 783 1545 vitandam
838 1464 1443 1562 vituperationem
1498 1464 1692 1538 valet
1711 1517 1732 1550 ‚
1789 1463 2160 1538 hominem
2218 1493 2336 1542 me
2393 1496 2548 1546 eme

420 1591 699 1674 gratum
730 1629 750 1664 ,
799 1588 873 1650 et
928 1599 1075 1646 non
1140 1571 1364 1646 modo
1417 1576 1637 1646 tantis
1693 1572 2067 1653 beneficiis
2087 1630 2107 1664 ‚
2161 1577 2288 1652 sed
2337 1583 2552 1654 etiam

426 1684 765 1758 mediocri
803 1683 1183 1758 hominum
1226 1681 1718 1754 benivolentia
1762 1688 2222 1760 commoveri.

517 1801 707 1872 XIX.
777 1800 835 1868 Α
894 1795 1063 1866 viris
1124 1793 1609 1880 fortissimis¹‚
1663 1807 1738 1866 et
1786 1790 2042 1866 deme
2089 1800 2368 1894 optime
2407 1825 2555 1874 me-

424 1906 579 1976 ritis
614 1902 1051 2000 quibusdam
1090 1917 1301 2000 pem,
1332 1917 1453 1991 ut,
1507 1903 1567 1972 si
1617 1926 1751 1998 ego
1787 1902 1948 1974 illos
1985 1928 2322 1980 meorum
2357 1909 2557 1983 labo·

427 2038 593 2088 rum
630 2027 703 2084 et
736 2010 1370 2084 incommodorum
1408 2011 1790 2107 participes
1835 2035 1990 2082 esse
2039 2014 2278 2104 nolui,
2318 2043 2412 2089 ne
2451 2019 2558 2090 illi

426 2147 546 2194 me
585 2145 873 2196 suarum
921 2121 1453 2197 inimicitiarum
1482 2121 1762 2192 socium
1794 2119 2021 2197 velint
2047 2145 2201 2194 esse
2220 2177 2240 2212 ‚
2269 2149 2562 2222 praesen

430 2235 561 2304 tim
594 2255 825 2328 quum
870 2229 1048 2302 mihi
1086 2228 1305 2302 iidem
1347 2228 1449 2302 illi
1485 2229 1970 2302 concesserint
1991 2281 2012 2316 ‚
2051 2244 2134 2302 ut
2162 2236 2374 2308 etiam
2401 2253 2560 2310 acta

432 2343 549 2415 ina
578 2343 901 2427 caesaris,
938 2365 1099 2437 quae
1142 2364 1385 2437 neque
1429 2341 1842 2436 oppugnavi
1875 2354 2121 2429 antea,
2161 2368 2402 2441 neque
2427 2345 2557 2420 de·-

432 2452 667 2539 fendi,
716 2476 881 2521 meo
912 2451 1058 2544 jam
1099 2450 1263 2543 jure
1307 2450 1573 2545 possim
1619 2446 2026 2520 defendere.
2068 2456 2250 2523 Nam
2292 2461 2552 2528 summi

432 2562 732 2634 civitatis
765 2560 935 2647 viri,
978 2582 1293 2655 quorum
1334 2582 1469 2655 ego
1505 2556 1805 2627 consilio
1837 2558 2360 2655 rempublicam
2387 2589 2557 2645 con·

431 2670 745 2755 servavi,
788 2684 861 2739 et
903 2692 1219 2764 quorum
1263 2667 1688 2737 auctoritate
1731 2666 1924 2736 illam
1967 2668 2556 2763 conjunctionem

434 2782 721 2851 Caesaris
763 2774 1043 2874 defugi,
1082 2776 1299 2847 Julias
1340 2776 1566 2872 legeS‚
1606 2791 1678 2847 et
1719 2790 2019 2864 ceterae,
2057 2778 2182 2849 ino
2223 2784 2561 2875 consule,

433 2899 751 2986 rogatas,
792 2887 957 2982 jure
999 2885 1171 2955 latas
1201 2896 1563 2981 negant2:
1608 2884 1824 2957 iidem
1857 2884 2052 2957 illam
2091 2895 2556 2989 proscripti&

436 3022 601 3069 nem
634 2997 885 3093 capitis
909 2997 1047 3066 mei
1058 3032 1088 3081 ·‚
1115 3009 1365 3066 contra
1395 2994 1694 3065 salutem
1726 2994 2139 3091 reipublicae
2156 3051 2176 3084 ‚
2203 3000 2328 3070 sed
2355 3002 2564 3075 salvis

437 3106 812 3203 auspiciis,
860 3112 1198 3201 rogatam·
1231 3126 1381 3173 esse
1432 3100 1788 3172 dicebant.
1835 3106 2087 3202 Itaque
2126 3110 2236 3179 vir
2281 3134 2562 3188 summa

438 3215 895 3301 auctoritate,
939 3236 1218 3285 summa
1260 3210 1674 3307 eloquentia
1695 3264 1715 3298 ‚
1753 3209 1932 3283 dixit
1963 3217 2290 3308 graviter,
2321 3242 2562 3291 casum

436 3324 643 3399 illum
690 3348 975 3411 meum,
1031 3321 1253 3394 funus
1301 3344 1457 3392 esse
1506 3318 1961 3424 reipublicae,
2007 3321 2132 3394 sed
2177 3322 2395 3400 funus
2443 3331 2562 3427 ju..

1940 3428 1972 3458 0

513 3546 535 3578 1
550 3547 594 3578 1.
622 3534 845 3579 Possum.
872 3528 950 3577 Al.
968 3544 1173 3593 possem.
1214 3528 1265 3575 J.
1292 3526 1359 3573 V.
1398 3526 1455 3573 L.
1615 3527 1760 3574 xlx,
1783 3540 1830 3573 1.
1857 3528 1902 3571 A
1921 3526 2039 3575 viris
2041 3526 2178 3591 fore.
2197 3531 2414 3593 Catone,
2439 3548 2566 3591 equ.

516 3624 595 3657 ιο.
632 3609 687 3656 Sa·
716 3607 833 3655 mihi
858 3622 954 3653 non
983 3606 1113 3654 licet.
1142 3604 1345 3655 Caesaris
1370 3603 1459 3651 ini·
1484 3650 1489 3653 ,
1543 3605 1708 3667 risque
1733 3604 1934 3655 cnemis
1963 3606 2202 3669 inimicis,
2239 3612 2326 3674 qui
2361 3616 2563 3668 Gemi.

440 3688 555 3740 mici
592 3686 837 3750 negabant
873 3684 1152 3747 reipublicae
1192 3682 1458 3733 rationibus
1545 3682 1860 3733 ambitionem
1879 3699 1982 3734 uon
2005 3694 2181 3735 temere
2201 3691 2542 3751 praevideram.

438 3766 714 3814 conducere
732 3800 748 3824 ‚
792 3772 846 3811 ut
887 3762 1059 3811 Cicero
1118 3778 1229 3811 cum
1276 3762 1459 3810 caum
1621 3777 1669 3810 2.
1697 3764 1813 3808 Iure
1832 3761 1962 3809 latas
1985 3778 2192 3829 negant.
2217 3768 2370 3829 Quod
2395 3782 2564 3821 eontra

437 3848 493 3895 in
522 3846 725 3911 gratiam
764 3843 969 3905 rediret3
1006 3853 1109 3891 esto
1126 3878 1145 3906 ,
1185 3843 1343 3906 inquit
1357 3878 1373 3905 ,
1412 3851 1462 3891 at
1550 3839 1759 3903 auspicia
1778 3839 1888 3889 lato
1907 3841 2116 3893 fuerant.
2139 3846 2284 3895 Docti
2307 3858 2358 3899 et
2377 3850 2566 3913 sepien-

440 3934 571 3972 eerte
588 3925 706 3973 licet
724 3933 915 3987 gratum
929 3938 1050 3971 esse.
1072 3947 1139 3957 —-
1158 3919 1463 3970 Inimicitias.
1551 3928 1625 3967 tes
1659 3918 1874 3983 auspicia
1899 3936 2014 3969 eane
2041 3922 2335 3984 infideli-nu
2369 3927 2454 3978 ned
2479 3944 2569 3991 pn-

440 4002 613 4067 Mggni
640 4012 689 4051 et
710 4001 942 4067 „pientia
966 4011 1043 4049 αι
1068 3998 1162 4046 viri
1186 3996 1462 4051 iuimicitias
1549 3994 1768 4060 puhrein
1816 4013 2026 4047 errorem
2077 4000 2355 4064 reipublice
2402 4006 2568 4057 mile-2

444 4080 724 4149 reipublice
749 4096 891 4134 mna.
919 4079 1184 4145 deponere.
1555 4074 1888 4127 observabant.
1912 4078 2028 4125 Em.
2049 4078 2320 4140 negabant,
2339 4082 2478 4131 male.

646 4169 724 4234 V.
799 4182 888 4227 Cic.
918 4196 1028 4243 pars
1052 4175 1257 4225 secunda.
2265 4186 2344 4257 19
