2996 4694
457 334 600 434 57⁸
1136 335 1907 407 ARGUMENTUM.

527 474 648 519 non
677 473 742 518 ut
763 462 838 532 Q.
860 458 1126 537 Ligarius
1147 460 1569 521 condemnetur
1582 505 1599 533 ,
1620 460 1727 520 sed
1748 473 1815 517 ut
1834 469 2094 517 necetur.
2124 460 2316 531 Quam
2338 456 2595 517 crudeli-

533 570 710 615 tatem
739 556 990 635 graviter
1019 556 1428 635 reprehendit,
1453 578 1525 617 ac
1551 558 1599 617 si
1625 558 1778 617 hanc
1804 554 2041 615 Tubero
2072 574 2106 613 a
2134 574 2196 613 se
2224 553 2471 613 alienam
2496 552 2593 613 di-

525 666 650 726 cat,
688 652 825 711 satis
855 651 1068 709 durum
1091 670 1214 712 esse
1233 695 1249 723 ,
1267 651 1317 711 si
1345 656 1604 731 postulet
1629 674 1703 712 ne
1730 650 1961 731 Ligario
1984 651 2346 729 ignoscatur,
2376 670 2504 730 cap.
2530 651 2589 709 5.

530 756 601 809 Et
631 749 791 829 quod
820 748 1058 808 Tubero
1094 749 1323 809 dixerat
1355 770 1415 811 se
1450 751 1599 810 velle
1633 749 1707 809 de
1746 755 1819 824 Q.
1848 748 2063 827 Ligarii
2110 748 2330 807 scelere
2366 746 2588 821 dicere,

526 861 696 929 negat
719 848 922 907 Cicero
949 866 1180 905 causam
1211 867 1414 906 eorum
1431 891 1448 919 ,
1477 849 1580 927 qui
1606 868 1739 906 cum
1769 846 2045 925 Pompeio
2072 858 2275 905 contra
2306 850 2589 905 Caesarem

527 945 812 1017 steterint,
837 945 1024 1003 scelus
1043 944 1448 1024 appellandam
1469 966 1612 1018 esse,
1640 964 1765 1023 cap.
1788 946 1843 1003 6.
1865 942 2091 1003 Deinde
2117 944 2335 1021 Ligarii
2360 962 2590 1003 causam

526 1063 658 1101 cum
683 1032 1012 1100 Tuberonis
1051 1053 1384 1119 comparat,
1428 1054 1489 1099 et
1525 1040 1675 1100 hanc
1711 1042 1813 1101 illa
1845 1042 2031 1099 multo
2060 1040 2385 1119 graviorem
2416 1040 2591 1099 fuisse

523 1138 812 1211 ostendit,
840 1158 970 1217 cap.
993 1158 1117 1214 7-9.
1141 1142 1444 1197 Postremo
1465 1158 1529 1197 se
1554 1138 1613 1197 in
1641 1138 1751 1197 hac
1776 1157 1949 1197 causa
1976 1138 2131 1216 apud
2158 1142 2441 1197 Caesarem
2468 1156 2589 1195 non

523 1252 592 1297 ut
623 1232 696 1295 ad
713 1233 975 1312 judicem
1003 1220 1200 1309 ag'ere,
1232 1234 1332 1293 sed
1365 1248 1428 1293 ut
1456 1234 1529 1293 ad
1562 1248 1861 1313 parentem
1894 1234 2089 1315 loqui,
2120 1233 2196 1293 ad
2225 1234 2587 1294 clementiam

523 1335 649 1413 ejus
691 1332 1036 1411 confugere,
1075 1345 1136 1389 et
1173 1343 1238 1389 ut
1265 1330 1501 1410 Ligario
1543 1331 1807 1409 ignoscat
1832 1351 2002 1390 orare
2022 1377 2039 1405 ,
2082 1351 2207 1410 rap.
2250 1352 2339 1390 ιο.
2367 1336 2436 1391 In
2466 1351 2587 1411 quo

523 1430 693 1493 simul
716 1426 860 1489 illud
886 1430 1192 1488 confirmat
1209 1474 1226 1503 ,
1249 1434 1534 1489 Caesarem
1558 1428 1615 1488 in
1646 1436 1717 1505 Q.
1747 1428 1979 1509 Ligario
2008 1430 2436 1507 conservando,
2463 1451 2588 1489 om.

521 1530 694 1589 nibus
720 1526 969 1597 sabinis,
992 1532 1058 1589 T.
1078 1526 1339 1586 Broccho
1363 1527 1583 1607 Ligarii
1602 1530 1889 1587 avunculo
1918 1529 2155 1607 ejusque
2190 1528 2339 1601 filio,
2366 1530 2425 1586 in
2454 1528 2583 1609 pri-

401 1650 409 1655 ·
523 1628 633 1687 mis
666 1634 860 1685 autem
901 1622 1132 1683 duobus
1172 1622 1384 1703 Ligarii
1422 1623 1730 1698 fratribus,
1770 1620 2021 1705 denique
2064 1626 2259 1685 multis
2294 1624 2586 1705 equitibus

523 1722 776 1783 romanis
813 1722 1200 1802 gratissimum
1239 1740 1364 1782 esse
1397 1722 1718 1797 facturum,
1772 1744 1900 1803 cap.
1927 1743 2016 1781 ιι.
2054 1729 2354 1783 Postremo
2385 1736 2585 1804 rogat,

521 1832 590 1880 ut
615 1821 676 1879 in
702 1820 936 1901 Ligario
965 1819 1322 1879 restituendo
1350 1820 1553 1879 eadem
1578 1819 1839 1879 bonitate
1862 1834 1922 1879 et
1948 1820 2349 1881 misericordia
2370 1834 2586 1889 utatur,
2622 1856 2641 1864 „

519 1936 694 1997 quam
723 1936 913 1997 nuper
941 1916 1006 1975 in
1041 1916 1326 1975 Marcello
1349 1929 1585 1975 senatus
1616 1914 1891 1995 precibus
1915 1914 2289 1977 concedendo
2318 1917 2589 1977 ostende-

521 2016 618 2074 rit.
639 2012 797 2075 Nihil
824 2015 979 2073 enim
1007 2034 1116 2073 nec
1137 2013 1428 2073 fortunam
1448 2014 1574 2092 ejus
1601 2013 1821 2073 habere
1852 2014 2064 2093 majus,
2090 2034 2265 2093 quam
2286 2028 2352 2073 ut
2380 2016 2585 2095 possit,

520 2132 629 2171 nec
660 2122 929 2170 naturam
967 2110 1173 2170 melius
1204 2130 1380 2190 quam
1412 2122 1474 2168 ut
1501 2110 1677 2183 velit,
1708 2131 1885 2189 quam
1908 2111 2191 2191 plurimos
2212 2130 2583 2185 conservare,

520 2230 648 2288 cap.
682 2229 772 2267 ια.

603 2308 728 2366 Hac
777 2304 1042 2364 oratione
1084 2306 1276 2364 Caesar
1309 2302 1497 2364 victus
1539 2308 1611 2379 Q.
1660 2302 1896 2384 Ligario
1940 2302 2163 2384 ignovit
2180 2352 2198 2381 ‚
2248 2304 2351 2384 qui
2392 2318 2583 2365 tamen

521 2404 694 2483 hujus
733 2401 1001 2464 beneficii
1041 2403 1348 2463 immemor
1374 2417 1581 2484 postea
1608 2424 1742 2463 cum
1770 2405 1976 2463 ceteris
2000 2405 2063 2462 in
2096 2424 2229 2463 eum
2258 2403 2587 2482 conjuravit

524 2501 799 2580 (Appian.
824 2499 900 2557 de
922 2501 986 2558 Β.
1015 2501 1084 2558 C.
1120 2497 1222 2557 lib.
1255 2503 1348 2573 11,
1371 2519 1497 2580 cap.
1534 2497 1699 2577 113);
1732 2499 1946 2558 deinde
1981 2519 2121 2559 vero
2161 2499 2330 2580 (ibid.
2354 2507 2453 2574 IV,
2483 2499 2585 2580 aa)

524 2583 888 2675 proscriutus
911 2615 1028 2653 una
1055 2616 1186 2654 cum
1213 2597 1398 2654 altero
1421 2597 1603 2656 fratre
1627 2597 1819 2675 periit.

603 2698 874 2753 Ceterum
905 2689 1238 2750 Tuberonis
1271 2693 1331 2750 in
1362 2693 1654 2766 Ligarium
1684 2693 1876 2752 oratio
1906 2693 2255 2767 Quintiliani
2286 2708 2457 2754 aetate
2483 2717 2585 2755 ex-

519 2788 669 2849 stitit
685 2831 704 2862 ,
728 2788 830 2867 qui
851 2809 978 2848 eam
998 2807 1131 2847 cum
1147 2789 1444 2849 Ciceronis
1471 2791 1735 2850 oratione
1761 2791 1985 2850 utiliter
2013 2792 2345 2871 comparari
2368 2806 2587 2867 censet,

517 2891 610 2961 X,
641 2908 694 2961 1,
723 2889 817 2945 23.
847 2891 1109 2964 Eamque
1137 2886 1211 2945 ab
1241 2887 1372 2966 ipso
1399 2889 1608 2947 lectam
1637 2907 1760 2948 esse
1783 2888 1881 2948 hic
1902 2890 2065 2948 locus
2097 2891 2431 2962 confirmat,
2460 2893 2583 2964 XI,

529 3005 552 3042 1
569 3028 588 3058 ,
609 2985 724 3058 80,
755 2982 862 3044 ubi
887 3011 914 3038 α
930 2983 1202 3056 Tubero,
1235 2984 1456 3062 inquit,
1483 2984 1761 3063 juvenem
1788 3005 1851 3044 se
1874 2987 2031 3065 patri
2060 2987 2326 3059 haesisse,
2358 2987 2525 3047 illum
2548 3008 2585 3047 a

511 3093 720 3144 senatu
745 3081 1014 3150 missum,
1043 3101 1164 3140 non
1191 3081 1264 3139 ad
1291 3081 1515 3141 bellum
1538 3125 1555 3153 ,
1578 3081 1679 3141 scd
1708 3080 1783 3141 ad
1817 3083 2173 3142 frumentum
2201 3065 2581 3144 coemendum

517 3180 637 3252 ait,
662 3191 730 3238 ut
749 3180 1006 3258 primum
1027 3177 1291 3250 licuerit,
1319 3199 1355 3238 a
1380 3178 1648 3257 partibus
1676 3179 1974 3238 recessisse
1993 3222 2011 3251 ,
2034 3179 2327 3258 Ligarium
2360 3194 2421 3240 et
2446 3201 2585 3261 per-
2622 3241 2629 3248 ,

519 3293 810 3336 severasse
831 3321 850 3349 ,
874 3287 936 3334 et
963 3294 1084 3333 non
1111 3293 1221 3354 pro
1249 3279 1356 3334 Cn.
1381 3275 1661 3354 Pompeio
1681 3321 1698 3350 ,
1721 3275 1875 3334 inter
1896 3294 2071 3354 quem
2094 3291 2157 3336 et
2177 3281 2460 3338 cmi-em
2486 3277 2584 3338 di-

517 3372 754 3451 gnitatis
798 3371 974 3430 fuerit
1005 3373 1310 3430 contentio
1333 3415 1352 3442 ,
1395 3391 1577 3449 quum
1616 3371 1835 3432 salvem
1880 3386 2125 3450 uterque
2164 3374 2583 3454 rempublicam

524 3469 733 3540 vellet,
773 3467 877 3528 sed
909 3488 1021 3548 pro
1055 3473 1092 3528 J
1098 3467 1214 3528 uba
1242 3481 1416 3547 atque
1445 3469 1601 3528 Afris
1628 3469 2035 3530 inimicissimis
2071 3473 2295 3552 populo
2338 3491 2581 3533 romano

518 3564 742 3627 stetisse
759 3589 808 3623 n·
