<?xml version="1.0" encoding="UTF-8"?>
<!DOCTYPE html PUBLIC "-//W3C//DTD XHTML 1.0 Transitional//EN"
    "http://www.w3.org/TR/xhtml1/DTD/xhtml1-transitional.dtd">
<html xmlns="http://www.w3.org/1999/xhtml" xml:lang="en" lang="en">
 <head>
  <title>
</title>
<meta http-equiv="Content-Type" content="text/html;charset=utf-8" />
  <meta name='ocr-system' content='tesseract 3.04.00' />
  <meta name='ocr-capabilities' content='ocr_page ocr_carea ocr_par ocr_line ocrx_word'/>
</head>
<body>
  <div class='ocr_page' id='page_1' title='image "./mtciceronisquae08lemagoog/mtciceronisquae08lemagoog_0028.png"; bbox 0 0 2996 4694; ppageno 0'>
   <div class='ocr_carea' id='block_1_1' title="bbox 523 400 2003 480">
    <p class='ocr_par' dir='ltr' id='par_1_1' title="bbox 523 400 2003 480">
     <span class='ocr_line' id='line_1_1' title="bbox 523 400 2003 480; baseline -0.007 0"><span class='ocrx_word' id='word_1_1' title='bbox 523 435 614 480; x_wconf 59' lang='grc' dir='ltr'><strong>πο</strong></span> <span class='ocrx_word' id='word_1_2' title='bbox 1154 401 1255 472; x_wconf 90' lang='grc' dir='ltr'><strong>Μ.</strong></span> <span class='ocrx_word' id='word_1_3' title='bbox 1304 405 1383 472; x_wconf 93' lang='grc' dir='ltr'><strong>Τ.</strong></span> <span class='ocrx_word' id='word_1_4' title='bbox 1436 400 2003 474; x_wconf 87' lang='lat' dir='ltr'>CICERONIS</span> 
     </span>
    </p>
   </div>
   <div class='ocr_carea' id='block_1_2' title="bbox 506 522 2644 2489">
    <p class='ocr_par' dir='ltr' id='par_1_2' title="bbox 506 522 2644 2489">
     <span class='ocr_line' id='line_1_2' title="bbox 518 522 2640 628; baseline -0.006 -24"><span class='ocrx_word' id='word_1_5' title='bbox 518 547 594 604; x_wconf 91' lang='lat' dir='ltr'><strong>et</strong></span> <span class='ocrx_word' id='word_1_6' title='bbox 632 525 1049 628; x_wconf 85' lang='lat' dir='ltr'><strong>dignitatem</strong></span> <span class='ocrx_word' id='word_1_7' title='bbox 1090 545 1343 596; x_wconf 87' lang='lat' dir='ltr'><strong>eorum</strong></span> <span class='ocrx_word' id='word_1_8' title='bbox 1368 578 1389 613; x_wconf 90' lang='lat'><strong>,</strong></span> <span class='ocrx_word' id='word_1_9' title='bbox 1436 525 1565 620; x_wconf 91' lang='lat' dir='ltr'><strong>qui</strong></span> <span class='ocrx_word' id='word_1_10' title='bbox 1609 522 1910 594; x_wconf 83' lang='lat' dir='ltr'><strong>salutem</strong></span> <span class='ocrx_word' id='word_1_11' title='bbox 1951 543 2410 593; x_wconf 87' lang='lat' dir='ltr'><strong>communem</strong></span> <span class='ocrx_word' id='word_1_12' title='bbox 2445 523 2640 620; x_wconf 84' lang='lat' dir='ltr'><strong>peri-</strong></span> 
     </span>
     <span class='ocr_line' id='line_1_3' title="bbox 516 631 2638 720; baseline -0.006 -4"><span class='ocrx_word' id='word_1_13' title='bbox 516 641 683 716; x_wconf 86' lang='lat' dir='ltr'><strong>culo</strong></span> <span class='ocrx_word' id='word_1_14' title='bbox 720 660 854 710; x_wconf 88' lang='lat' dir='ltr'><strong>suo</strong></span> <span class='ocrx_word' id='word_1_15' title='bbox 889 631 1426 707; x_wconf 82' lang='lat' dir='ltr'><strong>defendissent:</strong></span> <span class='ocrx_word' id='word_1_16' title='bbox 1470 633 1793 720; x_wconf 87' lang='lat' dir='ltr'><strong>Sextius,</strong></span> <span class='ocrx_word' id='word_1_17' title='bbox 1839 655 2010 704; x_wconf 89' lang='lat' dir='ltr'><strong>cum</strong></span> <span class='ocrx_word' id='word_1_18' title='bbox 2065 632 2190 703; x_wconf 93' lang='lat' dir='ltr'><strong>illo</strong></span> <span class='ocrx_word' id='word_1_19' title='bbox 2251 656 2385 704; x_wconf 92' lang='lat' dir='ltr'><strong>suo</strong></span> <span class='ocrx_word' id='word_1_20' title='bbox 2432 657 2638 704; x_wconf 83' lang='lat' dir='ltr'><strong>exer-</strong></span> 
     </span>
     <span class='ocr_line' id='line_1_4' title="bbox 512 744 2639 840; baseline -0.005 -16"><span class='ocrx_word' id='word_1_21' title='bbox 512 756 665 824; x_wconf 89' lang='lat' dir='ltr'><strong>citu</strong></span> <span class='ocrx_word' id='word_1_22' title='bbox 684 803 705 840; x_wconf 94' lang='lat'><strong>,</strong></span> <span class='ocrx_word' id='word_1_23' title='bbox 760 769 1043 821; x_wconf 85' lang='lat' dir='ltr'><strong>summa</strong></span> <span class='ocrx_word' id='word_1_24' title='bbox 1094 744 1459 816; x_wconf 86' lang='lat' dir='ltr'><strong>celeritate</strong></span> <span class='ocrx_word' id='word_1_25' title='bbox 1512 756 1621 814; x_wconf 88' lang='lat' dir='ltr'><strong>est</strong></span> <span class='ocrx_word' id='word_1_26' title='bbox 1675 744 2070 814; x_wconf 84' lang='lat' dir='ltr'><strong>Antonium</strong></span> <span class='ocrx_word' id='word_1_27' title='bbox 2127 758 2639 840; x_wconf 87' lang='lat' dir='ltr'><strong>consequutus.</strong></span> 
     </span>
     <span class='ocr_line' id='line_1_5' title="bbox 511 848 2638 957; baseline -0.005 -22"><span class='ocrx_word' id='word_1_28' title='bbox 511 863 645 934; x_wconf 91' lang='lat' dir='ltr'><strong>I-Iic</strong></span> <span class='ocrx_word' id='word_1_29' title='bbox 692 883 828 957; x_wconf 89' lang='lat' dir='ltr'><strong>ego</strong></span> <span class='ocrx_word' id='word_1_30' title='bbox 865 855 1039 956; x_wconf 88' lang='lat' dir='ltr'><strong>quid</strong></span> <span class='ocrx_word' id='word_1_31' title='bbox 1086 852 1510 953; x_wconf 76' lang='lat' dir='ltr'><strong>praedicem,</strong></span> <span class='ocrx_word' id='word_1_32' title='bbox 1557 851 1825 950; x_wconf 89' lang='lat' dir='ltr'><strong>quibus</strong></span> <span class='ocrx_word' id='word_1_33' title='bbox 1854 851 1981 944; x_wconf 44' lang='lat' dir='ltr'><strong>,hic</strong></span> <span class='ocrx_word' id='word_1_34' title='bbox 2013 848 2234 924; x_wconf 85' lang='lat' dir='ltr'><strong>rebus</strong></span> <span class='ocrx_word' id='word_1_35' title='bbox 2269 854 2638 926; x_wconf 85' lang='lat' dir='ltr'><strong>consulem</strong></span> 
     </span>
     <span class='ocr_line' id='line_1_6' title="bbox 510 960 2644 1067; baseline -0.006 -22"><span class='ocrx_word' id='word_1_36' title='bbox 510 970 605 1044; x_wconf 90' lang='lat' dir='ltr'><strong>ad</strong></span> <span class='ocrx_word' id='word_1_37' title='bbox 639 995 796 1044; x_wconf 87' lang='lat' dir='ltr'><strong>rem</strong></span> <span class='ocrx_word' id='word_1_38' title='bbox 834 963 1223 1067; x_wconf 85' lang='lat' dir='ltr'><strong>gerendam</strong></span> <span class='ocrx_word' id='word_1_39' title='bbox 1261 963 1634 1034; x_wconf 75' lang='lat' dir='ltr'><strong>excitarit?</strong></span> <span class='ocrx_word' id='word_1_40' title='bbox 1669 976 1853 1059; x_wconf 93' lang='lat' dir='ltr'><strong>quot</strong></span> <span class='ocrx_word' id='word_1_41' title='bbox 1887 961 2217 1034; x_wconf 89' lang='lat' dir='ltr'><strong>stimulos</strong></span> <span class='ocrx_word' id='word_1_42' title='bbox 2243 960 2644 1034; x_wconf 85' lang='lat' dir='ltr'><strong>admoverit</strong></span> 
     </span>
     <span class='ocr_line' id='line_1_7' title="bbox 512 1069 2642 1166; baseline -0.006 -11"><span class='ocrx_word' id='word_1_43' title='bbox 512 1082 834 1166; x_wconf 89' lang='lat' dir='ltr'><strong>homini,</strong></span> <span class='ocrx_word' id='word_1_44' title='bbox 884 1073 1208 1148; x_wconf 87' lang='lat' dir='ltr'><strong>studioso</strong></span> <span class='ocrx_word' id='word_1_45' title='bbox 1269 1069 1586 1143; x_wconf 81' lang='lat' dir='ltr'><strong>fortassis</strong></span> <span class='ocrx_word' id='word_1_46' title='bbox 1646 1073 1965 1142; x_wconf 85' lang='lat' dir='ltr'><strong>victoriae</strong></span> <span class='ocrx_word' id='word_1_47' title='bbox 1982 1124 2003 1159; x_wconf 91' lang='lat'>‚</span> <span class='ocrx_word' id='word_1_48' title='bbox 2057 1069 2185 1142; x_wconf 88' lang='lat' dir='ltr'><strong>sed</strong></span> <span class='ocrx_word' id='word_1_49' title='bbox 2242 1085 2482 1142; x_wconf 86' lang='lat' dir='ltr'><strong>tamen</strong></span> <span class='ocrx_word' id='word_1_50' title='bbox 2535 1075 2642 1142; x_wconf 88' lang='lat' dir='ltr'><strong>ni-</strong></span> 
     </span>
     <span class='ocr_line' id='line_1_8' title="bbox 506 1178 2638 1277; baseline -0.007 -12"><span class='ocrx_word' id='word_1_51' title='bbox 506 1193 735 1264; x_wconf 82' lang='lat' dir='ltr'><strong>mium</strong></span> <span class='ocrx_word' id='word_1_52' title='bbox 762 1206 1221 1260; x_wconf 88' lang='lat' dir='ltr'><strong>communem</strong></span> <span class='ocrx_word' id='word_1_53' title='bbox 1242 1183 1594 1254; x_wconf 73' lang='lat' dir='ltr'><strong>Martem‘*</strong></span> <span class='ocrx_word' id='word_1_54' title='bbox 1623 1178 1936 1277; x_wconf 89' lang='lat' dir='ltr'><strong>bellique</strong></span> <span class='ocrx_word' id='word_1_55' title='bbox 1965 1204 2206 1252; x_wconf 84' lang='lat' dir='ltr'><strong>casum</strong></span> <span class='ocrx_word' id='word_1_56' title='bbox 2234 1181 2638 1252; x_wconf 77' lang='lat' dir='ltr'><strong>metuenti?</strong></span> 
     </span>
     <span class='ocr_line' id='line_1_9' title="bbox 508 1287 2642 1397; baseline -0.005 -24"><span class='ocrx_word' id='word_1_57' title='bbox 508 1307 845 1397; x_wconf 87' lang='lat' dir='ltr'><strong>Longum</strong></span> <span class='ocrx_word' id='word_1_58' title='bbox 871 1309 977 1366; x_wconf 90' lang='lat' dir='ltr'><strong>est</strong></span> <span class='ocrx_word' id='word_1_59' title='bbox 1003 1318 1087 1365; x_wconf 88' lang='lat' dir='ltr'><strong>ea</strong></span> <span class='ocrx_word' id='word_1_60' title='bbox 1114 1293 1353 1364; x_wconf 87' lang='lat' dir='ltr'><strong>dicere</strong></span> <span class='ocrx_word' id='word_1_61' title='bbox 1381 1317 1398 1361; x_wconf 78' lang='grc' dir='ltr'><strong>ε</strong></span> <span class='ocrx_word' id='word_1_62' title='bbox 1428 1287 1556 1362; x_wconf 89' lang='lat' dir='ltr'><strong>sed</strong></span> <span class='ocrx_word' id='word_1_63' title='bbox 1582 1289 1726 1362; x_wconf 92' lang='lat' dir='ltr'><strong>hoc</strong></span> <span class='ocrx_word' id='word_1_64' title='bbox 1756 1289 1976 1361; x_wconf 87' lang='lat' dir='ltr'><strong>breve</strong></span> <span class='ocrx_word' id='word_1_65' title='bbox 2004 1289 2260 1361; x_wconf 87' lang='lat' dir='ltr'><strong>dicam.</strong></span> <span class='ocrx_word' id='word_1_66' title='bbox 2293 1291 2366 1360; x_wconf 90' lang='lat' dir='ltr'><strong>Si</strong></span> <span class='ocrx_word' id='word_1_67' title='bbox 2391 1292 2490 1360; x_wconf 90' lang='lat' dir='ltr'><strong>M.</strong></span> <span class='ocrx_word' id='word_1_68' title='bbox 2521 1295 2642 1362; x_wconf 85' lang='lat' dir='ltr'><strong>Pe—</strong></span> 
     </span>
     <span class='ocr_line' id='line_1_10' title="bbox 507 1393 2639 1497; baseline -0.006 -16"><span class='ocrx_word' id='word_1_69' title='bbox 507 1413 672 1481; x_wconf 90' lang='lat' dir='ltr'><strong>treii</strong></span> <span class='ocrx_word' id='word_1_70' title='bbox 692 1405 722 1452; x_wconf 87' lang='lat'><strong>⁵</strong></span> <span class='ocrx_word' id='word_1_71' title='bbox 774 1429 925 1478; x_wconf 88' lang='lat' dir='ltr'><strong>non</strong></span> <span class='ocrx_word' id='word_1_72' title='bbox 979 1400 1336 1474; x_wconf 82' lang='lat' dir='ltr'><strong>excellens</strong></span> <span class='ocrx_word' id='word_1_73' title='bbox 1387 1400 1630 1472; x_wconf 88' lang='lat' dir='ltr'><strong>animo</strong></span> <span class='ocrx_word' id='word_1_74' title='bbox 1651 1453 1672 1488; x_wconf 89' lang='lat'><strong>,</strong></span> <span class='ocrx_word' id='word_1_75' title='bbox 1725 1412 1799 1470; x_wconf 91' lang='lat' dir='ltr'><strong>et</strong></span> <span class='ocrx_word' id='word_1_76' title='bbox 1845 1393 2140 1471; x_wconf 83' lang='lat' dir='ltr'><strong>amore⁶</strong></span> <span class='ocrx_word' id='word_1_77' title='bbox 2183 1395 2598 1497; x_wconf 80' lang='lat' dir='ltr'><strong>reipublicae</strong></span> <span class='ocrx_word' id='word_1_78' title='bbox 2618 1451 2639 1486; x_wconf 90' lang='lat'><strong>,</strong></span> 
     </span>
     <span class='ocr_line' id='line_1_11' title="bbox 507 1509 2643 1615; baseline -0.005 -24"><span class='ocrx_word' id='word_1_79' title='bbox 507 1545 661 1592; x_wconf 87' lang='lat' dir='ltr'><strong>non</strong></span> <span class='ocrx_word' id='word_1_80' title='bbox 701 1528 1045 1615; x_wconf 67' lang='lat' dir='ltr'><strong>praestans</strong></span> <span class='ocrx_word' id='word_1_81' title='bbox 1078 1513 1155 1582; x_wconf 93' lang='lat' dir='ltr'><strong>in</strong></span> <span class='ocrx_word' id='word_1_82' title='bbox 1190 1509 1566 1611; x_wconf 84' lang='lat' dir='ltr'><strong>republica</strong></span> <span class='ocrx_word' id='word_1_83' title='bbox 1596 1510 1866 1598; x_wconf 82' lang='lat' dir='ltr'><strong>virtus,</strong></span> <span class='ocrx_word' id='word_1_84' title='bbox 1899 1533 2056 1582; x_wconf 91' lang='lat' dir='ltr'><strong>non</strong></span> <span class='ocrx_word' id='word_1_85' title='bbox 2087 1532 2367 1581; x_wconf 84' lang='lat' dir='ltr'><strong>summa</strong></span> <span class='ocrx_word' id='word_1_86' title='bbox 2399 1523 2643 1582; x_wconf 85' lang='lat' dir='ltr'><strong>aucto·</strong></span> 
     </span>
     <span class='ocr_line' id='line_1_12' title="bbox 508 1617 2639 1724; baseline -0.006 -23"><span class='ocrx_word' id='word_1_87' title='bbox 508 1633 682 1701; x_wconf 88' lang='lat' dir='ltr'><strong>ritas</strong></span> <span class='ocrx_word' id='word_1_88' title='bbox 716 1622 913 1724; x_wconf 90' lang='lat' dir='ltr'><strong>apud</strong></span> <span class='ocrx_word' id='word_1_89' title='bbox 952 1623 1213 1694; x_wconf 85' lang='lat' dir='ltr'><strong>milites</strong></span> <span class='ocrx_word' id='word_1_90' title='bbox 1232 1675 1253 1710; x_wconf 90' lang='lat'><strong>,</strong></span> <span class='ocrx_word' id='word_1_91' title='bbox 1289 1645 1445 1693; x_wconf 87' lang='lat' dir='ltr'><strong>non</strong></span> <span class='ocrx_word' id='word_1_92' title='bbox 1478 1617 1827 1692; x_wconf 88' lang='lat' dir='ltr'><strong>mirificus</strong></span> <span class='ocrx_word' id='word_1_93' title='bbox 1865 1631 2082 1690; x_wconf 85' lang='lat' dir='ltr'><strong>usus⁷</strong></span> <span class='ocrx_word' id='word_1_94' title='bbox 2119 1620 2198 1690; x_wconf 91' lang='lat' dir='ltr'><strong>in</strong></span> <span class='ocrx_word' id='word_1_95' title='bbox 2231 1643 2312 1691; x_wconf 87' lang='lat' dir='ltr'><strong>re</strong></span> <span class='ocrx_word' id='word_1_96' title='bbox 2347 1620 2639 1690; x_wconf 89' lang='lat' dir='ltr'><strong>militari</strong></span> 
     </span>
     <span class='ocr_line' id='line_1_13' title="bbox 506 1727 2640 1830; baseline -0.004 -21"><span class='ocrx_word' id='word_1_97' title='bbox 506 1739 927 1821; x_wconf 84' lang='lat' dir='ltr'><strong>exstitisset,</strong></span> <span class='ocrx_word' id='word_1_98' title='bbox 972 1756 1214 1830; x_wconf 88' lang='lat' dir='ltr'><strong>neque</strong></span> <span class='ocrx_word' id='word_1_99' title='bbox 1266 1730 1556 1825; x_wconf 87' lang='lat' dir='ltr'><strong>adjutor</strong></span> <span class='ocrx_word' id='word_1_100' title='bbox 1601 1735 1668 1800; x_wconf 91' lang='lat' dir='ltr'><strong>ei</strong></span> <span class='ocrx_word' id='word_1_101' title='bbox 1729 1732 1804 1800; x_wconf 91' lang='lat' dir='ltr'><strong>P.</strong></span> <span class='ocrx_word' id='word_1_102' title='bbox 1851 1731 2134 1800; x_wconf 81' lang='lat' dir='ltr'><strong>Sextius</strong></span> <span class='ocrx_word' id='word_1_103' title='bbox 2181 1727 2274 1800; x_wconf 85' lang='lat' dir='ltr'><strong>ad</strong></span> <span class='ocrx_word' id='word_1_104' title='bbox 2322 1730 2640 1800; x_wconf 84' lang='lat' dir='ltr'><strong>excitan-</strong></span> 
     </span>
     <span class='ocr_line' id='line_1_14' title="bbox 509 1835 2637 1935; baseline -0.006 -15"><span class='ocrx_word' id='word_1_105' title='bbox 509 1848 687 1920; x_wconf 89' lang='lat' dir='ltr'><strong>dum</strong></span> <span class='ocrx_word' id='word_1_106' title='bbox 722 1846 1119 1916; x_wconf 91' lang='lat' dir='ltr'><strong>Antonium</strong></span> <span class='ocrx_word' id='word_1_107' title='bbox 1139 1894 1158 1929; x_wconf 94' lang='lat'><strong>,</strong></span> <span class='ocrx_word' id='word_1_108' title='bbox 1194 1838 1763 1926; x_wconf 83' lang='lat' dir='ltr'><strong>cohortandum,</strong></span> <span class='ocrx_word' id='word_1_109' title='bbox 1797 1835 2637 1935; x_wconf 79' lang='lat' dir='ltr'><strong>impellendum-fuisset3</strong></span> 
     </span>
     <span class='ocr_line' id='line_1_15' title="bbox 508 1942 2636 2044; baseline -0.004 -17"><span class='ocrx_word' id='word_1_110' title='bbox 508 1955 718 2027; x_wconf 87' lang='lat' dir='ltr'><strong>datus</strong></span> <span class='ocrx_word' id='word_1_111' title='bbox 748 1953 874 2024; x_wconf 87' lang='lat' dir='ltr'><strong>illo</strong></span> <span class='ocrx_word' id='word_1_112' title='bbox 906 1953 983 2022; x_wconf 89' lang='lat' dir='ltr'><strong>in</strong></span> <span class='ocrx_word' id='word_1_113' title='bbox 1010 1950 1207 2023; x_wconf 90' lang='lat' dir='ltr'><strong>bello</strong></span> <span class='ocrx_word' id='word_1_114' title='bbox 1233 1963 1417 2022; x_wconf 90' lang='lat' dir='ltr'><strong>esset</strong></span> <span class='ocrx_word' id='word_1_115' title='bbox 1446 1947 1667 2019; x_wconf 89' lang='lat' dir='ltr'><strong>hiemi</strong></span> <span class='ocrx_word' id='word_1_116' title='bbox 1701 1946 1903 2020; x_wconf 89' lang='lat' dir='ltr'><strong>locus</strong></span> <span class='ocrx_word' id='word_1_117' title='bbox 1927 1942 1981 2032; x_wconf 79' lang='lat'><strong>⁸,</strong></span> <span class='ocrx_word' id='word_1_118' title='bbox 2018 1971 2258 2044; x_wconf 86' lang='lat' dir='ltr'><strong>neque</strong></span> <span class='ocrx_word' id='word_1_119' title='bbox 2287 1969 2636 2044; x_wconf 85' lang='lat' dir='ltr'><strong>umquam</strong></span> 
     </span>
     <span class='ocr_line' id='line_1_16' title="bbox 506 2055 2634 2159; baseline -0.006 -20"><span class='ocrx_word' id='word_1_120' title='bbox 506 2065 1119 2159; x_wconf 56' lang='lat' dir='ltr'><strong>Catilina,.quu1n</strong></span> <span class='ocrx_word' id='word_1_121' title='bbox 1159 2084 1199 2130; x_wconf 91' lang='lat' dir='ltr'><strong>e</strong></span> <span class='ocrx_word' id='word_1_122' title='bbox 1234 2059 1500 2159; x_wconf 86' lang='lat' dir='ltr'><strong>pruina</strong></span> <span class='ocrx_word' id='word_1_123' title='bbox 1534 2058 1938 2156; x_wconf 84' lang='lat' dir='ltr'><strong>Apennini,</strong></span> <span class='ocrx_word' id='word_1_124' title='bbox 1980 2071 2196 2155; x_wconf 86' lang='lat' dir='ltr'><strong>atque</strong></span> <span class='ocrx_word' id='word_1_125' title='bbox 2249 2079 2289 2127; x_wconf 86' lang='lat' dir='ltr'><strong>e</strong></span> <span class='ocrx_word' id='word_1_126' title='bbox 2343 2055 2634 2127; x_wconf 84' lang='lat' dir='ltr'><strong>nivibus</strong></span> 
     </span>
     <span class='ocr_line' id='line_1_17' title="bbox 506 2165 2639 2267; baseline -0.004 -23"><span class='ocrx_word' id='word_1_127' title='bbox 506 2174 646 2244; x_wconf 86' lang='lat' dir='ltr'><strong>illis</strong></span> <span class='ocrx_word' id='word_1_128' title='bbox 676 2172 1109 2258; x_wconf 85' lang='lat' dir='ltr'><strong>emersisset,</strong></span> <span class='ocrx_word' id='word_1_129' title='bbox 1142 2183 1360 2267; x_wconf 87' lang='lat' dir='ltr'><strong>atque</strong></span> <span class='ocrx_word' id='word_1_130' title='bbox 1390 2181 1702 2238; x_wconf 82' lang='lat' dir='ltr'><strong>aestatem</strong></span> <span class='ocrx_word' id='word_1_131' title='bbox 1741 2169 2092 2265; x_wconf 83' lang='lat' dir='ltr'><strong>integram</strong></span> <span class='ocrx_word' id='word_1_132' title='bbox 2118 2181 2400 2253; x_wconf 87' lang='lat' dir='ltr'><strong>nactus,</strong></span> <span class='ocrx_word' id='word_1_133' title='bbox 2421 2165 2639 2236; x_wconf 85' lang='lat' dir='ltr'><strong>Italiae</strong></span> 
     </span>
     <span class='ocr_line' id='line_1_18' title="bbox 508 2275 2638 2378; baseline -0.006 -21"><span class='ocrx_word' id='word_1_134' title='bbox 508 2283 722 2358; x_wconf 89' lang='lat' dir='ltr'><strong>calles</strong></span> <span class='ocrx_word' id='word_1_135' title='bbox 782 2295 855 2355; x_wconf 87' lang='lat' dir='ltr'><strong>et</strong></span> <span class='ocrx_word' id='word_1_136' title='bbox 908 2293 1275 2378; x_wconf 86' lang='lat' dir='ltr'><strong>pastorum</strong></span> <span class='ocrx_word' id='word_1_137' title='bbox 1326 2275 1608 2351; x_wconf 87' lang='lat' dir='ltr'><strong>stabula</strong></span> <span class='ocrx_word' id='word_1_138' title='bbox 1667 2277 2000 2378; x_wconf 73' lang='lat' dir='ltr'><strong>praeclara</strong></span> <span class='ocrx_word' id='word_1_139' title='bbox 2054 2278 2356 2375; x_wconf 86' lang='lat' dir='ltr'><strong>cepisset</strong></span> <span class='ocrx_word' id='word_1_140' title='bbox 2375 2287 2430 2365; x_wconf 83' lang='lat'><strong>9,</strong></span> <span class='ocrx_word' id='word_1_141' title='bbox 2483 2279 2638 2346; x_wconf 88' lang='lat' dir='ltr'><strong>sine</strong></span> 
     </span>
     <span class='ocr_line' id='line_1_19' title="bbox 510 2385 2638 2489; baseline -0.005 -21"><span class='ocrx_word' id='word_1_142' title='bbox 510 2395 741 2468; x_wconf 90' lang='lat' dir='ltr'><strong>multo</strong></span> <span class='ocrx_word' id='word_1_143' title='bbox 774 2393 1127 2489; x_wconf 86' lang='lat' dir='ltr'><strong>sanguine</strong></span> <span class='ocrx_word' id='word_1_144' title='bbox 1150 2444 1171 2477; x_wconf 96' lang='lat'><strong>,</strong></span> <span class='ocrx_word' id='word_1_145' title='bbox 1212 2412 1295 2461; x_wconf 86' lang='lat' dir='ltr'><strong>ac</strong></span> <span class='ocrx_word' id='word_1_146' title='bbox 1330 2391 1485 2463; x_wconf 90' lang='lat' dir='ltr'><strong>sine</strong></span> <span class='ocrx_word' id='word_1_147' title='bbox 1527 2389 1745 2461; x_wconf 86' lang='lat' dir='ltr'><strong>totius</strong></span> <span class='ocrx_word' id='word_1_148' title='bbox 1778 2385 1997 2458; x_wconf 78' lang='lat' dir='ltr'><strong>Italiae</strong></span> <span class='ocrx_word' id='word_1_149' title='bbox 2033 2390 2357 2457; x_wconf 84' lang='lat' dir='ltr'><strong>vastitate</strong></span> <span class='ocrx_word' id='word_1_150' title='bbox 2391 2390 2638 2457; x_wconf 87' lang='lat' dir='ltr'><strong>miser-</strong></span> 
     </span>
    </p>
   </div>
   <div class='ocr_carea' id='block_1_3' title="bbox 508 2497 2629 2702">
    <p class='ocr_par' dir='ltr' id='par_1_3' title="bbox 508 2497 2629 2702">
     <span class='ocr_line' id='line_1_20' title="bbox 508 2497 1179 2575; baseline -0.009 0"><span class='ocrx_word' id='word_1_151' title='bbox 508 2507 691 2575; x_wconf 85' lang='lat' dir='ltr'><strong>rima</strong></span> <span class='ocrx_word' id='word_1_152' title='bbox 730 2497 1179 2572; x_wconf 83' lang='lat' dir='ltr'><strong>concidisset.</strong></span> 
     </span>
     <span class='ocr_line' id='line_1_21' title="bbox 606 2602 2629 2702; baseline -0.001 -23"><span class='ocrx_word' id='word_1_153' title='bbox 606 2614 817 2679; x_wconf 89' lang='lat' dir='ltr'><strong>Hunc</strong></span> <span class='ocrx_word' id='word_1_154' title='bbox 851 2606 1070 2702; x_wconf 86' lang='lat' dir='ltr'><strong>igitur</strong></span> <span class='ocrx_word' id='word_1_155' title='bbox 1103 2605 1423 2675; x_wconf 88' lang='lat' dir='ltr'><strong>animum</strong></span> <span class='ocrx_word' id='word_1_156' title='bbox 1466 2602 1558 2675; x_wconf 85' lang='lat' dir='ltr'><strong>ad</strong></span> <span class='ocrx_word' id='word_1_157' title='bbox 1593 2603 2042 2677; x_wconf 89' lang='lat' dir='ltr'><strong>tribunatum</strong></span> <span class='ocrx_word' id='word_1_158' title='bbox 2078 2604 2319 2676; x_wconf 87' lang='lat' dir='ltr'><strong>attulit</strong></span> <span class='ocrx_word' id='word_1_159' title='bbox 2349 2608 2424 2676; x_wconf 93' lang='grc' dir='ltr'><strong>Ρ.</strong></span> <span class='ocrx_word' id='word_1_160' title='bbox 2458 2608 2629 2677; x_wconf 81' lang='lat' dir='ltr'><strong>Sex-</strong></span> 
     </span>
    </p>
   </div>
   <div class='ocr_carea' id='block_1_4' title="bbox 512 2710 2631 2811">
    <p class='ocr_par' dir='ltr' id='par_1_4' title="bbox 512 2710 2631 2811">
     <span class='ocr_line' id='line_1_22' title="bbox 512 2710 2631 2811; baseline -0.002 -21"><span class='ocrx_word' id='word_1_161' title='bbox 512 2720 695 2802; x_wconf 86' lang='lat' dir='ltr'><strong>tius;</strong></span> <span class='ocrx_word' id='word_1_162' title='bbox 737 2728 821 2787; x_wconf 89' lang='lat' dir='ltr'><strong>ut</strong></span> <span class='ocrx_word' id='word_1_163' title='bbox 856 2726 1293 2811; x_wconf 83' lang='lat' dir='ltr'><strong>quaesturam</strong></span> <span class='ocrx_word' id='word_1_164' title='bbox 1330 2710 1768 2784; x_wconf 82' lang='lat' dir='ltr'><strong>Macedoniae</strong></span> <span class='ocrx_word' id='word_1_165' title='bbox 1789 2721 1855 2757; x_wconf 84' lang='lat'><strong>¹⁰</strong></span> <span class='ocrx_word' id='word_1_166' title='bbox 1906 2711 2346 2811; x_wconf 85' lang='lat' dir='ltr'><strong>relinquam,</strong></span> <span class='ocrx_word' id='word_1_167' title='bbox 2388 2728 2463 2787; x_wconf 90' lang='lat' dir='ltr'><strong>et</strong></span> <span class='ocrx_word' id='word_1_168' title='bbox 2503 2714 2631 2786; x_wconf 89' lang='lat' dir='ltr'><strong>ali-</strong></span> 
     </span>
    </p>
   </div>
   <div class='ocr_carea' id='block_1_5' title="bbox 508 2962 1529 3109">
    <p class='ocr_par' dir='ltr' id='par_1_5' title="bbox 508 2962 1529 3109">
     <span class='ocr_line' id='line_1_23' title="bbox 582 2962 1529 3026; baseline -0.008 -8"><span class='ocrx_word' id='word_1_169' title='bbox 582 2978 637 3026; x_wconf 73' lang='grc'><strong>4.</strong></span> <span class='ocrx_word' id='word_1_170' title='bbox 648 2963 867 3016; x_wconf 75' lang='lat' dir='ltr'><strong>Nimium</strong></span> <span class='ocrx_word' id='word_1_171' title='bbox 878 2976 1181 3011; x_wconf 68' lang='lat' dir='ltr'><strong>comum</strong></span> <span class='ocrx_word' id='word_1_172' title='bbox 1192 2962 1415 3021; x_wconf 71' lang='lat' dir='ltr'><strong>Mmem,</strong></span> <span class='ocrx_word' id='word_1_173' title='bbox 1433 2972 1529 3011; x_wconf 85' lang='lat' dir='ltr'><strong>etc.</strong></span> 
     </span>
     <span class='ocr_line' id='line_1_24' title="bbox 508 3036 1528 3109; baseline -0.009 -11"><span class='ocrx_word' id='word_1_174' title='bbox 508 3050 734 3097; x_wconf 66' lang='lat' dir='ltr'><strong>latenter</strong></span> <span class='ocrx_word' id='word_1_175' title='bbox 744 3040 985 3109; x_wconf 72' lang='lat' dir='ltr'><strong>significet</strong></span> <span class='ocrx_word' id='word_1_176' title='bbox 993 3040 1263 3091; x_wconf 75' lang='lat' dir='ltr'><strong>Antonium</strong></span> <span class='ocrx_word' id='word_1_177' title='bbox 1278 3036 1528 3091; x_wconf 69' lang='lat' dir='ltr'><strong>consulem</strong></span> 
     </span>
    </p>
   </div>
   <div class='ocr_carea' id='block_1_6' title="bbox 1613 2960 2636 3106">
    <p class='ocr_par' dir='ltr' id='par_1_6' title="bbox 1613 2960 2636 3106">
     <span class='ocr_line' id='line_1_25' title="bbox 1613 2960 2636 3029; baseline 0 -18"><span class='ocrx_word' id='word_1_178' title='bbox 1613 2962 1778 3026; x_wconf 78' lang='lat' dir='ltr'><strong>Quum</strong></span> <span class='ocrx_word' id='word_1_179' title='bbox 1797 2961 1862 3011; x_wconf 75' lang='lat' dir='ltr'><strong>ed</strong></span> <span class='ocrx_word' id='word_1_180' title='bbox 1880 2962 2148 3012; x_wconf 71' lang='lat' dir='ltr'><strong>naturalem</strong></span> <span class='ocrx_word' id='word_1_181' title='bbox 2168 2963 2318 3012; x_wconf 77' lang='lat' dir='ltr'><strong>enimi</strong></span> <span class='ocrx_word' id='word_1_182' title='bbox 2343 2960 2636 3029; x_wconf 72' lang='lat' dir='ltr'><strong>magnitudi-</strong></span> 
     </span>
     <span class='ocr_line' id='line_1_26' title="bbox 1614 3040 2635 3106; baseline 0.002 -17"><span class='ocrx_word' id='word_1_183' title='bbox 1614 3057 1728 3089; x_wconf 70' lang='lat' dir='ltr'><strong>ne·</strong></span> <span class='ocrx_word' id='word_1_184' title='bbox 1771 3040 1948 3090; x_wconf 70' lang='lat' dir='ltr'><strong>eximia</strong></span> <span class='ocrx_word' id='word_1_185' title='bbox 1989 3042 2214 3106; x_wconf 64' lang='lat' dir='ltr'><strong>quedam</strong></span> <span class='ocrx_word' id='word_1_186' title='bbox 2247 3045 2320 3091; x_wconf 71' lang='lat' dir='ltr'><strong>vis</strong></span> <span class='ocrx_word' id='word_1_187' title='bbox 2359 3044 2538 3091; x_wconf 70' lang='lat' dir='ltr'><strong>amori·</strong></span> <span class='ocrx_word' id='word_1_188' title='bbox 2581 3044 2635 3091; x_wconf 90' lang='lat' dir='ltr'><strong>in</strong></span> 
     </span>
    </p>
   </div>
   <div class='ocr_carea' id='block_1_7' title="bbox 511 3120 1532 4213">
    <p class='ocr_par' dir='ltr' id='par_1_7' title="bbox 512 3120 1531 3274">
     <span class='ocr_line' id='line_1_27' title="bbox 512 3120 1531 3184; baseline -0.009 -7"><span class='ocrx_word' id='word_1_189' title='bbox 512 3146 615 3177; x_wconf 86' lang='lat' dir='ltr'><strong>non</strong></span> <span class='ocrx_word' id='word_1_190' title='bbox 637 3126 847 3175; x_wconf 71' lang='lat' dir='ltr'><strong>alienum</strong></span> <span class='ocrx_word' id='word_1_191' title='bbox 865 3138 892 3171; x_wconf 78' lang='lat' dir='ltr'><strong>e</strong></span> <span class='ocrx_word' id='word_1_192' title='bbox 914 3120 1178 3182; x_wconf 69' lang='lat' dir='ltr'><strong>conjurati·</strong></span> <span class='ocrx_word' id='word_1_193' title='bbox 1198 3120 1373 3181; x_wconf 71' lang='lat' dir='ltr'><strong>fuine,</strong></span> <span class='ocrx_word' id='word_1_194' title='bbox 1394 3121 1481 3184; x_wconf 88' lang='lat' dir='ltr'><strong>qni</strong></span> <span class='ocrx_word' id='word_1_195' title='bbox 1501 3136 1531 3168; x_wconf 79' lang='grc' dir='ltr'>ι</span> 
     </span>
     <span class='ocr_line' id='line_1_28' title="bbox 512 3200 1209 3274; baseline -0.014 -18"><span class='ocrx_word' id='word_1_196' title='bbox 512 3221 675 3274; x_wconf 76' lang='lat' dir='ltr'><strong>pugna</strong></span> <span class='ocrx_word' id='word_1_197' title='bbox 693 3218 893 3268; x_wconf 72' lang='lat' dir='ltr'><strong>prorsus</strong></span> <span class='ocrx_word' id='word_1_198' title='bbox 914 3200 1209 3248; x_wconf 72' lang='lat' dir='ltr'><strong>abhomoet.</strong></span> 
     </span>
    </p>

    <p class='ocr_par' dir='ltr' id='par_1_8' title="bbox 511 3275 1532 4122">
     <span class='ocr_line' id='line_1_29' title="bbox 584 3275 1528 3333; baseline -0.008 0"><span class='ocrx_word' id='word_1_199' title='bbox 584 3285 634 3333; x_wconf 81' lang='lat'><strong>5.</strong></span> <span class='ocrx_word' id='word_1_200' title='bbox 660 3283 733 3333; x_wconf 72' lang='grc' dir='ltr'><strong>Μ.</strong></span> <span class='ocrx_word' id='word_1_201' title='bbox 752 3277 945 3330; x_wconf 70' lang='lat' dir='ltr'><strong>Patr-eii.</strong></span> <span class='ocrx_word' id='word_1_202' title='bbox 972 3278 1067 3326; x_wconf 84' lang='lat' dir='ltr'><strong>Hic</strong></span> <span class='ocrx_word' id='word_1_203' title='bbox 1088 3276 1293 3327; x_wconf 76' lang='lat' dir='ltr'><strong>Antonii</strong></span> <span class='ocrx_word' id='word_1_204' title='bbox 1314 3275 1528 3325; x_wconf 70' lang='lat' dir='ltr'><strong>conculis</strong></span> 
     </span>
     <span class='ocr_line' id='line_1_30' title="bbox 511 3354 1528 3428; baseline -0.008 -16"><span class='ocrx_word' id='word_1_205' title='bbox 511 3366 713 3428; x_wconf 72' lang='lat' dir='ltr'><strong>legatae,</strong></span> <span class='ocrx_word' id='word_1_206' title='bbox 732 3360 843 3425; x_wconf 77' lang='lat' dir='ltr'><strong>ipco</strong></span> <span class='ocrx_word' id='word_1_207' title='bbox 856 3356 1079 3407; x_wconf 77' lang='lat' dir='ltr'><strong>Antonio</strong></span> <span class='ocrx_word' id='word_1_208' title='bbox 1098 3354 1295 3404; x_wconf 67' lang='lat' dir='ltr'><strong>consule</strong></span> <span class='ocrx_word' id='word_1_209' title='bbox 1306 3355 1528 3420; x_wconf 68' lang='lat' dir='ltr'><strong>absente,</strong></span> 
     </span>
     <span class='ocr_line' id='line_1_31' title="bbox 511 3434 1528 3509; baseline -0.008 -17"><span class='ocrx_word' id='word_1_210' title='bbox 511 3442 649 3509; x_wconf 78' lang='lat' dir='ltr'><strong>qnod</strong></span> <span class='ocrx_word' id='word_1_211' title='bbox 666 3458 729 3489; x_wconf 81' lang='lat' dir='ltr'><strong>ex</strong></span> <span class='ocrx_word' id='word_1_212' title='bbox 754 3438 970 3507; x_wconf 71' lang='lat' dir='ltr'><strong>podagra</strong></span> <span class='ocrx_word' id='word_1_213' title='bbox 983 3434 1247 3493; x_wconf 70' lang='lat' dir='ltr'><strong>laboraret,</strong></span> <span class='ocrx_word' id='word_1_214' title='bbox 1268 3436 1528 3485; x_wconf 70' lang='lat' dir='ltr'><strong>Catilinam</strong></span> 
     </span>
     <span class='ocr_line' id='line_1_32' title="bbox 513 3514 1528 3577; baseline -0.008 -6"><span class='ocrx_word' id='word_1_215' title='bbox 513 3538 627 3571; x_wconf 79' lang='lat' dir='ltr'><strong>cnm</strong></span> <span class='ocrx_word' id='word_1_216' title='bbox 656 3519 759 3569; x_wconf 68' lang='lat' dir='ltr'><strong>euin</strong></span> <span class='ocrx_word' id='word_1_217' title='bbox 790 3516 933 3577; x_wconf 83' lang='lat' dir='ltr'><strong>vicit,</strong></span> <span class='ocrx_word' id='word_1_218' title='bbox 967 3530 1027 3564; x_wconf 78' lang='lat' dir='ltr'><strong>ec</strong></span> <span class='ocrx_word' id='word_1_219' title='bbox 1064 3514 1360 3563; x_wconf 72' lang='lat' dir='ltr'><strong>trucidavit:</strong></span> <span class='ocrx_word' id='word_1_220' title='bbox 1398 3514 1528 3563; x_wconf 81' lang='lat' dir='ltr'><strong>idem</strong></span> 
     </span>
     <span class='ocr_line' id='line_1_33' title="bbox 512 3592 1532 3673; baseline -0.011 -23"><span class='ocrx_word' id='word_1_221' title='bbox 512 3611 683 3673; x_wconf 65' lang='lat' dir='ltr'><strong>postea</strong></span> <span class='ocrx_word' id='word_1_222' title='bbox 738 3593 911 3659; x_wconf 70' lang='lat' dir='ltr'><strong>Magni</strong></span> <span class='ocrx_word' id='word_1_223' title='bbox 963 3592 1183 3657; x_wconf 76' lang='lat' dir='ltr'><strong>Pompeii</strong></span> <span class='ocrx_word' id='word_1_224' title='bbox 1232 3592 1416 3656; x_wconf 74' lang='lat' dir='ltr'><strong>legatus</strong></span> <span class='ocrx_word' id='word_1_225' title='bbox 1474 3593 1532 3641; x_wconf 83' lang='lat' dir='ltr'><strong>in</strong></span> 
     </span>
     <span class='ocr_line' id='line_1_34' title="bbox 516 3671 1529 3745; baseline -0.014 -15"><span class='ocrx_word' id='word_1_226' title='bbox 516 3676 765 3745; x_wconf 69' lang='lat' dir='ltr'><strong>Hispaniis</strong></span> <span class='ocrx_word' id='word_1_227' title='bbox 784 3675 881 3725; x_wconf 79' lang='lat' dir='ltr'><strong>ruit</strong></span> <span class='ocrx_word' id='word_1_228' title='bbox 898 3709 915 3737; x_wconf 91' lang='lat'><strong>,</strong></span> <span class='ocrx_word' id='word_1_229' title='bbox 942 3688 1055 3722; x_wconf 80' lang='lat' dir='ltr'><strong>cnm</strong></span> <span class='ocrx_word' id='word_1_230' title='bbox 1081 3671 1273 3721; x_wconf 69' lang='lat' dir='ltr'><strong>dnobus</strong></span> <span class='ocrx_word' id='word_1_231' title='bbox 1300 3672 1529 3736; x_wconf 69' lang='lat' dir='ltr'><strong>collegis,</strong></span> 
     </span>
     <span class='ocr_line' id='line_1_35' title="bbox 514 3750 1530 3811; baseline -0.01 -3"><span class='ocrx_word' id='word_1_232' title='bbox 514 3760 733 3808; x_wconf 69' lang='lat' dir='ltr'><strong>Varrone</strong></span> <span class='ocrx_word' id='word_1_233' title='bbox 759 3764 809 3803; x_wconf 89' lang='lat' dir='ltr'><strong>et</strong></span> <span class='ocrx_word' id='word_1_234' title='bbox 832 3753 1063 3811; x_wconf 68' lang='grc' dir='ltr'><strong>Δὲηιιὶος</strong></span> <span class='ocrx_word' id='word_1_235' title='bbox 1087 3750 1153 3800; x_wconf 74' lang='lat' dir='ltr'><strong>ed</strong></span> <span class='ocrx_word' id='word_1_236' title='bbox 1182 3762 1453 3800; x_wconf 77' lang='lat' dir='ltr'><strong>extremum</strong></span> <span class='ocrx_word' id='word_1_237' title='bbox 1476 3753 1530 3799; x_wconf 89' lang='lat' dir='ltr'><strong>in</strong></span> 
     </span>
     <span class='ocr_line' id='line_1_36' title="bbox 514 3831 1532 3894; baseline -0.008 -8"><span class='ocrx_word' id='word_1_238' title='bbox 514 3838 680 3886; x_wconf 68' lang='lat' dir='ltr'><strong>Afric·</strong></span> <span class='ocrx_word' id='word_1_239' title='bbox 705 3848 817 3883; x_wconf 75' lang='lat' dir='ltr'><strong>cnm</strong></span> <span class='ocrx_word' id='word_1_240' title='bbox 843 3831 973 3881; x_wconf 76' lang='lat' dir='ltr'><strong>ane</strong></span> <span class='ocrx_word' id='word_1_241' title='bbox 998 3844 1109 3894; x_wconf 67' lang='lat' dir='ltr'><strong>rege</strong></span> <span class='ocrx_word' id='word_1_242' title='bbox 1138 3844 1384 3894; x_wconf 69' lang='lat' dir='ltr'><strong>pugnans,</strong></span> <span class='ocrx_word' id='word_1_243' title='bbox 1418 3846 1532 3879; x_wconf 79' lang='lat' dir='ltr'><strong>cuin</strong></span> 
     </span>
     <span class='ocr_line' id='line_1_37' title="bbox 512 3908 1531 3983; baseline -0.007 -19"><span class='ocrx_word' id='word_1_244' title='bbox 512 3931 614 3983; x_wconf 82' lang='lat' dir='ltr'><strong>quo</strong></span> <span class='ocrx_word' id='word_1_245' title='bbox 648 3914 711 3961; x_wconf 83' lang='lat' dir='ltr'><strong>de</strong></span> <span class='ocrx_word' id='word_1_246' title='bbox 742 3922 907 3961; x_wconf 75' lang='lat' dir='ltr'><strong>mum</strong></span> <span class='ocrx_word' id='word_1_247' title='bbox 940 3908 1077 3958; x_wconf 69' lang='lat' dir='ltr'><strong>cede</strong></span> <span class='ocrx_word' id='word_1_248' title='bbox 1104 3918 1435 3970; x_wconf 61' lang='lat' dir='ltr'><strong>consenui-at,</strong></span> <span class='ocrx_word' id='word_1_249' title='bbox 1466 3925 1531 3957; x_wconf 86' lang='lat' dir='ltr'><strong>ne</strong></span> 
     </span>
     <span class='ocr_line' id='line_1_38' title="bbox 513 3988 1530 4054; baseline -0.003 -13"><span class='ocrx_word' id='word_1_250' title='bbox 513 3994 567 4043; x_wconf 76' lang='lat' dir='ltr'><strong>in</strong></span> <span class='ocrx_word' id='word_1_251' title='bbox 590 3996 646 4043; x_wconf 88' lang='lat' dir='ltr'><strong>C.</strong></span> <span class='ocrx_word' id='word_1_252' title='bbox 666 3990 866 4043; x_wconf 64' lang='lat' dir='ltr'><strong>Cauris</strong></span> <span class='ocrx_word' id='word_1_253' title='bbox 890 3997 1177 4054; x_wconf 59' lang='lat' dir='ltr'><strong>potetatem</strong></span> <span class='ocrx_word' id='word_1_254' title='bbox 1206 3988 1418 4044; x_wconf 81' lang='lat' dir='ltr'><strong>veniret,</strong></span> <span class='ocrx_word' id='word_1_255' title='bbox 1446 4004 1530 4038; x_wconf 85' lang='lat' dir='ltr'><strong>oc·</strong></span> 
     </span>
     <span class='ocr_line' id='line_1_39' title="bbox 512 4076 758 4122; baseline -0.008 0"><span class='ocrx_word' id='word_1_256' title='bbox 512 4076 642 4122; x_wconf 71' lang='lat' dir='ltr'><strong>cicun</strong></span> <span class='ocrx_word' id='word_1_257' title='bbox 667 4082 758 4120; x_wconf 77' lang='lat' dir='ltr'><strong>eet.</strong></span> 
     </span>
    </p>

    <p class='ocr_par' dir='ltr' id='par_1_9' title="bbox 579 4145 1526 4213">
     <span class='ocr_line' id='line_1_40' title="bbox 579 4145 1526 4213; baseline -0.004 -12"><span class='ocrx_word' id='word_1_258' title='bbox 579 4154 631 4201; x_wconf 84' lang='lat'><strong>6.</strong></span> <span class='ocrx_word' id='word_1_259' title='bbox 656 4148 911 4199; x_wconf 63' lang='lat' dir='ltr'><strong>Excellens</strong></span> <span class='ocrx_word' id='word_1_260' title='bbox 928 4145 1093 4197; x_wconf 72' lang='lat' dir='ltr'><strong>animo</strong></span> <span class='ocrx_word' id='word_1_261' title='bbox 1112 4180 1129 4207; x_wconf 89' lang='lat'><strong>,</strong></span> <span class='ocrx_word' id='word_1_262' title='bbox 1156 4156 1206 4195; x_wconf 78' lang='lat' dir='ltr'><strong>ee</strong></span> <span class='ocrx_word' id='word_1_263' title='bbox 1220 4162 1389 4197; x_wconf 74' lang='lat' dir='ltr'><strong>amore</strong></span> <span class='ocrx_word' id='word_1_264' title='bbox 1404 4147 1526 4213; x_wconf 76' lang='lat' dir='ltr'><strong>reip.</strong></span> 
     </span>
    </p>
   </div>
   <div class='ocr_carea' id='block_1_8' title="bbox 1613 3120 2637 4211">
    <p class='ocr_par' dir='ltr' id='par_1_10' title="bbox 1614 3120 2058 3184">
     <span class='ocr_line' id='line_1_41' title="bbox 1614 3120 2058 3184; baseline 0.007 -17"><span class='ocrx_word' id='word_1_265' title='bbox 1614 3135 1768 3184; x_wconf 81' lang='lat' dir='ltr'><strong>remp.</strong></span> <span class='ocrx_word' id='word_1_266' title='bbox 1787 3120 2058 3169; x_wconf 75' lang='lat' dir='ltr'><strong>accederet.</strong></span> 
     </span>
    </p>

    <p class='ocr_par' dir='ltr' id='par_1_11' title="bbox 1613 3198 2636 3501">
     <span class='ocr_line' id='line_1_42' title="bbox 1689 3198 2636 3267; baseline 0.002 -20"><span class='ocrx_word' id='word_1_267' title='bbox 1689 3216 1738 3261; x_wconf 82' lang='lat'><strong>7.</strong></span> <span class='ocrx_word' id='word_1_268' title='bbox 1780 3198 2018 3267; x_wconf 65' lang='lat' dir='ltr'><strong>Miz-§ficus</strong></span> <span class='ocrx_word' id='word_1_269' title='bbox 2055 3216 2187 3248; x_wconf 75' lang='lat' dir='ltr'><strong>usus.</strong></span> <span class='ocrx_word' id='word_1_270' title='bbox 2228 3200 2396 3262; x_wconf 85' lang='lat' dir='ltr'><strong>Qnmn</strong></span> <span class='ocrx_word' id='word_1_271' title='bbox 2427 3198 2636 3263; x_wconf 68' lang='lat' dir='ltr'><strong>amplius</strong></span> 
     </span>
     <span class='ocr_line' id='line_1_43' title="bbox 1613 3278 2634 3343; baseline 0.001 -17"><span class='ocrx_word' id='word_1_272' title='bbox 1613 3279 1754 3340; x_wconf 71' lang='lat' dir='ltr'><strong>annin</strong></span> <span class='ocrx_word' id='word_1_273' title='bbox 1772 3278 1966 3343; x_wconf 67' lang='lat' dir='ltr'><strong>triginta</strong></span> <span class='ocrx_word' id='word_1_274' title='bbox 1985 3279 2234 3340; x_wconf 70' lang='lat' dir='ltr'><strong>tribunus,</strong></span> <span class='ocrx_word' id='word_1_275' title='bbox 2248 3288 2334 3327; x_wconf 75' lang='lat' dir='ltr'><strong>ant</strong></span> <span class='ocrx_word' id='word_1_276' title='bbox 2351 3279 2634 3343; x_wconf 64' lang='lat' dir='ltr'><strong>prefectus,</strong></span> 
     </span>
     <span class='ocr_line' id='line_1_44' title="bbox 1615 3358 2634 3423; baseline 0.001 -17"><span class='ocrx_word' id='word_1_277' title='bbox 1615 3368 1701 3407; x_wconf 77' lang='lat' dir='ltr'><strong>ent</strong></span> <span class='ocrx_word' id='word_1_278' title='bbox 1731 3358 1914 3422; x_wconf 68' lang='lat' dir='ltr'><strong>legatus</strong></span> <span class='ocrx_word' id='word_1_279' title='bbox 1927 3390 1945 3416; x_wconf 89' lang='lat'><strong>,</strong></span> <span class='ocrx_word' id='word_1_280' title='bbox 1973 3369 2058 3406; x_wconf 72' lang='lat' dir='ltr'><strong>ent</strong></span> <span class='ocrx_word' id='word_1_281' title='bbox 2087 3366 2284 3423; x_wconf 64' lang='lat' dir='ltr'><strong>prator,</strong></span> <span class='ocrx_word' id='word_1_282' title='bbox 2319 3372 2490 3422; x_wconf 68' lang='lat' dir='ltr'><strong>magne</strong></span> <span class='ocrx_word' id='word_1_283' title='bbox 2521 3374 2634 3407; x_wconf 88' lang='lat' dir='ltr'><strong>cnm</strong></span> 
     </span>
     <span class='ocr_line' id='line_1_45' title="bbox 1615 3436 1976 3501; baseline 0.003 -16"><span class='ocrx_word' id='word_1_284' title='bbox 1615 3436 1768 3501; x_wconf 70' lang='lat' dir='ltr'><strong>gloria</strong></span> <span class='ocrx_word' id='word_1_285' title='bbox 1791 3436 1976 3486; x_wconf 68' lang='lat' dir='ltr'><strong>fnisset.</strong></span> 
     </span>
    </p>

    <p class='ocr_par' dir='ltr' id='par_1_12' title="bbox 1615 3514 2635 3803">
     <span class='ocr_line' id='line_1_46' title="bbox 1689 3514 2635 3565; baseline 0 0"><span class='ocrx_word' id='word_1_286' title='bbox 1689 3517 1739 3565; x_wconf 76' lang='lat'><strong>8.</strong></span> <span class='ocrx_word' id='word_1_287' title='bbox 1765 3516 1922 3565; x_wconf 78' lang='lat' dir='ltr'><strong>Hiemi</strong></span> <span class='ocrx_word' id='word_1_288' title='bbox 1935 3517 2085 3565; x_wconf 72' lang='grc' dir='ltr'><strong>ἱοσω.</strong></span> <span class='ocrx_word' id='word_1_289' title='bbox 2109 3514 2398 3564; x_wconf 76' lang='lat' dir='ltr'><strong>Confectum</strong></span> <span class='ocrx_word' id='word_1_290' title='bbox 2415 3515 2512 3564; x_wconf 87' lang='lat' dir='ltr'><strong>hoc</strong></span> <span class='ocrx_word' id='word_1_291' title='bbox 2529 3515 2635 3565; x_wconf 87' lang='lat' dir='ltr'><strong>bel·</strong></span> 
     </span>
     <span class='ocr_line' id='line_1_47' title="bbox 1615 3592 2634 3657; baseline -0.001 -14"><span class='ocrx_word' id='word_1_292' title='bbox 1615 3595 1718 3643; x_wconf 81' lang='lat' dir='ltr'><strong>lum</strong></span> <span class='ocrx_word' id='word_1_293' title='bbox 1737 3596 1832 3643; x_wconf 82' lang='lat' dir='ltr'><strong>fnit</strong></span> <span class='ocrx_word' id='word_1_294' title='bbox 1855 3606 2072 3643; x_wconf 80' lang='lat' dir='ltr'><strong>extremo</strong></span> <span class='ocrx_word' id='word_1_295' title='bbox 2098 3592 2342 3642; x_wconf 79' lang='lat' dir='ltr'><strong>decembri</strong></span> <span class='ocrx_word' id='word_1_296' title='bbox 2366 3596 2482 3644; x_wconf 76' lang='lat' dir='ltr'><strong>enni</strong></span> <span class='ocrx_word' id='word_1_297' title='bbox 2511 3596 2634 3657; x_wconf 76' lang='lat'><strong>690,</strong></span> 
     </span>
     <span class='ocr_line' id='line_1_48' title="bbox 1615 3672 2634 3739; baseline -0.002 -16"><span class='ocrx_word' id='word_1_298' title='bbox 1615 3690 1790 3739; x_wconf 81' lang='lat' dir='ltr'><strong>nempe</strong></span> <span class='ocrx_word' id='word_1_299' title='bbox 1811 3675 1874 3723; x_wconf 76' lang='lat' dir='ltr'><strong>ad</strong></span> <span class='ocrx_word' id='word_1_300' title='bbox 1895 3672 2042 3722; x_wconf 79' lang='lat' dir='ltr'><strong>finem</strong></span> <span class='ocrx_word' id='word_1_301' title='bbox 2063 3674 2308 3733; x_wconf 70' lang='lat' dir='ltr'><strong>octobris,</strong></span> <span class='ocrx_word' id='word_1_302' title='bbox 2331 3684 2420 3722; x_wconf 75' lang='lat' dir='ltr'><strong>ant</strong></span> <span class='ocrx_word' id='word_1_303' title='bbox 2439 3674 2634 3721; x_wconf 79' lang='lat' dir='ltr'><strong>initium</strong></span> 
     </span>
     <span class='ocr_line' id='line_1_49' title="bbox 1616 3752 2216 3803; baseline 0 0"><span class='ocrx_word' id='word_1_304' title='bbox 1616 3753 1895 3803; x_wconf 69' lang='lat' dir='ltr'><strong>novembris</strong></span> <span class='ocrx_word' id='word_1_305' title='bbox 1914 3754 2066 3801; x_wconf 67' lang='lat' dir='ltr'><strong>nostri</strong></span> <span class='ocrx_word' id='word_1_306' title='bbox 2083 3752 2216 3803; x_wconf 73' lang='lat' dir='ltr'><strong>anni.</strong></span> 
     </span>
    </p>

    <p class='ocr_par' dir='ltr' id='par_1_13' title="bbox 1615 3827 2637 4119">
     <span class='ocr_line' id='line_1_50' title="bbox 1689 3827 2635 3897; baseline -0.005 -16"><span class='ocrx_word' id='word_1_307' title='bbox 1689 3848 1740 3897; x_wconf 83' lang='lat'><strong>9.</strong></span> <span class='ocrx_word' id='word_1_308' title='bbox 1785 3834 2034 3881; x_wconf 69' lang='lat' dir='ltr'><strong>Praelata</strong></span> <span class='ocrx_word' id='word_1_309' title='bbox 2077 3831 2288 3897; x_wconf 72' lang='lat' dir='ltr'><strong>cepisset.</strong></span> <span class='ocrx_word' id='word_1_310' title='bbox 2341 3832 2399 3893; x_wconf 55' lang='lat' dir='ltr'><strong>{n</strong></span> <span class='ocrx_word' id='word_1_311' title='bbox 2442 3827 2635 3877; x_wconf 74' lang='lat' dir='ltr'><strong>dnobus</strong></span> 
     </span>
     <span class='ocr_line' id='line_1_51' title="bbox 1618 3908 2637 3976; baseline 0 -17"><span class='ocrx_word' id='word_1_312' title='bbox 1618 3911 1872 3960; x_wconf 71' lang='lat' dir='ltr'><strong>codicibus</strong></span> <span class='ocrx_word' id='word_1_313' title='bbox 1890 3911 2065 3976; x_wconf 70' lang='lat' dir='ltr'><strong>legitur</strong></span> <span class='ocrx_word' id='word_1_314' title='bbox 2089 3908 2330 3976; x_wconf 69' lang='lat' dir='ltr'><strong>«praedari</strong></span> <span class='ocrx_word' id='word_1_315' title='bbox 2347 3910 2570 3972; x_wconf 71' lang='lat' dir='ltr'><strong>ooepinet</strong></span> <span class='ocrx_word' id='word_1_316' title='bbox 2586 3928 2637 3969; x_wconf 66' lang='grc' dir='ltr'><strong>υ,</strong></span> 
     </span>
     <span class='ocr_line' id='line_1_52' title="bbox 1615 3986 2633 4054; baseline -0.007 -14"><span class='ocrx_word' id='word_1_317' title='bbox 1615 3990 1752 4054; x_wconf 73' lang='lat' dir='ltr'><strong>qnod</strong></span> <span class='ocrx_word' id='word_1_318' title='bbox 1794 3991 1912 4039; x_wconf 77' lang='lat' dir='ltr'><strong>inire</strong></span> <span class='ocrx_word' id='word_1_319' title='bbox 1955 3990 2120 4039; x_wconf 71' lang='lat' dir='ltr'><strong>multi·</strong></span> <span class='ocrx_word' id='word_1_320' title='bbox 2157 3988 2334 4053; x_wconf 69' lang='lat' dir='ltr'><strong>placet.</strong></span> <span class='ocrx_word' id='word_1_321' title='bbox 2383 3986 2633 4035; x_wconf 71' lang='lat' dir='ltr'><strong>Eme-tiu·</strong></span> 
     </span>
     <span class='ocr_line' id='line_1_53' title="bbox 1615 4069 1798 4119; baseline 0 -1"><span class='ocrx_word' id='word_1_322' title='bbox 1615 4069 1798 4119; x_wconf 73' lang='lat' dir='ltr'><strong>omisit.</strong></span> 
     </span>
    </p>

    <p class='ocr_par' dir='ltr' id='par_1_14' title="bbox 1691 4143 2634 4211">
     <span class='ocr_line' id='line_1_54' title="bbox 1691 4143 2634 4211; baseline -0.004 -13"><span class='ocrx_word' id='word_1_323' title='bbox 1691 4164 1770 4198; x_wconf 88' lang='grc' dir='ltr'><strong>ιο.</strong></span> <span class='ocrx_word' id='word_1_324' title='bbox 1801 4150 2105 4211; x_wconf 70' lang='lat' dir='ltr'><strong>Quaesturam</strong></span> <span class='ocrx_word' id='word_1_325' title='bbox 2131 4143 2459 4196; x_wconf 67' lang='lat' dir='ltr'><strong>Macedonia.</strong></span> <span class='ocrx_word' id='word_1_326' title='bbox 2483 4146 2634 4209; x_wconf 67' lang='lat' dir='ltr'><strong>Que-</strong></span> 
     </span>
    </p>
   </div>
   <div class='ocr_carea' id='block_1_9' title="bbox 2980 3764 2982 4402">
    <p class='ocr_par' dir='ltr' id='par_1_15' title="bbox 2980 3764 2982 4402">
     <span class='ocr_line' id='line_1_55' title="bbox 2980 3764 2982 4402; baseline 0 0"><span class='ocrx_word' id='word_1_327' title='bbox 2980 3764 2982 4402; x_wconf 95' lang='lat' dir='ltr'><strong> </strong></span> 
     </span>
    </p>
   </div>
  </div>
 </body>
</html>
