2996 4694
794 410 1345 482 oRA‘rlo-IN
1394 412 1473 479 L.
1521 412 1597 479 c.
1639 356 2140 479 'PISONEM
2387 406 2528 506 369

404 534 775 611 consulem
810 556 963 604 esse
998 546 1328 631 oportet,
1358 530 1658 603 consilio
1679 580 1700 617 ‚
1727 528 1911 617 fide,
1943 531 2282 627 gravitate
2302 584 2322 619 ,
2356 534 2533 629 vigi-

405 646 663 731 lantia,
708 668 914 731 cura3
957 657 1114 715 toto
1156 642 1475 739 denique
1512 665 1814 712 munere
1862 641 2276 713 consulatus
2325 645 2530 713 omni

404 756 650 828 officio
682 754 955 825 tuendo
981 780 1001 841 ;
1030 756 1520 849 maximeque,
1551 751 1628 821 id
1655 750 1856 847 quod
1883 754 1990 823 vis
2017 752 2330 823 nominis
2352 776 2530 849 prae-

400 864 689 953 scribit,
744 862 1157 963 reipublicae
1210 860 1680 933 consulendo.
1737 866 1890 958 Ego
1941 860 2316 933 consulem
2373 884 2528 933 esse

404 989 651 1073 putem
672 1030 693 1065 ,
734 974 863 1071 qui
906 986 1237 1044 senatum
1276 994 1431 1043 esse
1470 973 1547 1042 in
1597 969 1968 1070 republica
2014 994 2166 1041 non
2211 972 2531 1069 putavit?

401 1100 476 1155 et
530 1087 684 1155 sine
736 1094 871 1155 eo9
908 1082 1209 1154 consilio
1280 1082 1654 1153 consulem
1700 1106 2076 1155 numerem
2097 1131 2118 1169 ,
2177 1082 2332 1153 sine
2381 1106 2533 1180 quo

296 1270 299 1273 ,
400 1200 649 1267 Romae
685 1214 781 1265 ne
817 1218 1023 1291 reges
1072 1191 1367 1290 quidem
1418 1216 1572 1264 esse
1609 1191 2053 1291 potuerunt?
2085 1193 2368 1263 Etenim
2414 1193 2534 1275 illa

392 1306 541 1400 jam
572 1306 869 1376 omittot
906 1327 1138 1399 quum
1172 1326 1550 1375 servorum
1590 1302 1988 1374 delectus¹⁰
2030 1300 2428 1375 haberetur.
2459 1306 2534 1380 in

400 1414 603 1502 fot-03
665 1438 863 1485 arma
895 1416 971 1485 in
1008 1412 1361 1511 templum
1400 1414 1716 1485 Castoris
1758 1414 1920 1485 luce
1963 1426 2036 1483 et
2064 1412 2299 1509 palam
2336 1438 2534 1485 com·

400 1537 913 1621 portarentur3
974 1520 1051 1592 id
1081 1536 1325 1595 autem
1368 1523 1754 1621 templum,
1805 1521 2090 1593 sublato
2133 1520 2368 1609 aditu,
2427 1548 2536 1596 re-

398 1633 619 1705 vulsis
656 1631 1101 1731 gradibus¹1‚
1138 1658 1179 1703 a
1228 1632 1781 1727 conjuratorum
1835 1632 2198 1727 reliquiis,
2235 1646 2456 1728 atque
2493 1652 2536 1706 a

398 1744 722 1815 Catilinae
751 1745 1291 1841 praevaricatore
1310 1752 1371 1786 ¹²
1392 1742 1766 1839 quondam
1785 1794 1806 1828 ,
1830 1755 1988 1813 tum
2023 1742 2294 1828 ultore,
2321 1743 2537 1815 armis

398 1866 769 1923 teneretur
789 1879 808 1937 3
830 1874 1075 1949 ‘quum
1116 1852 1399 1949 equites
1439 1852 1723 1923 romani
1759 1850 2356 1948 relegarentur13,
2400 1854 2534 1923 viri

395 1960 579 2031 boni
614 1957 975 2057 lapidibus
1012 1984 1053 2030 e
1093 1958 1255 2031 foro
1292 1959 1759 2058 pellerentur,
1795 1962 2076 2031 senatui
2105 1985 2254 2031 non
2292 1962 2535 2033 solum

393 2072 642 2167 juvare
686 2070 1207 2169 rempublicam
1234 2124 1255 2158 ,
1312 2068 1438 2141 sed
1474 2092 1570 2141 ne
1621 2068 1868 2167 lugere
1909 2066 2204 2164 quidem
2250 2069 2534 2159 liceret;

398 2203 629 2276 quum
657 2182 841 2251 civis
878 2181 975 2265 is,
1007 2203 1225 2275 quem
1260 2178 1379 2249 hic
1404 2178 1622 2266 ord0‚
1657 2179 2092 2249 assentiente
2124 2178 2324 2249 Italia
2353 2205 2532 2253 cun·

398 2291 679 2387 ctisque
747 2288 1089 2388 gentibus
1106 2342 1127 2377 ,
1190 2304 1770 2362 conservatorem
1837 2289 2078 2387 patriae
2139 2288 2534 2384 judicarat,

396 2399 603 2470 nullo
629 2398 902 2494 judicio
930 2453 950 2488 ,
985 2399 1185 2472 nulla
1227 2401 1424 2497 lege,
1472 2400 1678 2472 nullo
1705 2424 1944 2485 more,
1985 2401 2276 2470 servitio
2311 2416 2532 2499 atque

393 2515 609 2581 armis
644 2509 1055 2608 pelleretur,
1086 2533 1237 2581 non
1260 2509 1492 2582 dicam
1518 2510 1784 2582 auxilio
1817 2524 2058 2581 vestro
2078 2563 2097 2596 ‚
2129 2503 2333 2607 quod
2364 2537 2532 2584 vere

394 2620 559 2692 licet
614 2621 892 2708 dicere,
953 2619 1079 2692 sed
1134 2635 1329 2692 certe
1382 2620 1667 2692 silentio
1697 2646 1718 2708 ;
1781 2633 1940 2692 tum
1991 2625 2236 2692 Romae
2305 2620 2527 2696 fuisse

394 2733 729 2806 consules
752 2735 1141 2831 quisquam
1165 2730 1600 2806 existimabit
1617 2733 1646 2802 Ξ)
1663 2732 1808 2822 Qui
1840 2731 2154 2803 latrones
2189 2732 2430 2826 igitur,
2469 2734 2530 2804 si

468 2887 523 2934 9.
561 2871 675 2920 Sine
708 2888 769 2922 eo
802 2871 1021 2920 consilio.
1062 2870 1175 2920 Sine
1210 2881 1415 2919 senatu:

391 2950 527 3013 quod
550 2966 799 3000 summum
828 2951 1089 2999 consilium
1110 2949 1389 2998 vocabatur.

463 3045 547 3078 ιο.
587 3032 835 3078 Servor-um
872 3031 1103 3078 delectus.
1129 3028 1279 3076 Nefas
1306 3039 1417 3093 'erat

392 3121 557 3156 servos
582 3108 643 3156 ad
663 3109 905 3157 delectum
923 3107 1110 3167 vocari,
1126 3117 1273 3170 atque
1292 3106 1415 3156 adeo

390 3183 487 3232 hoe
522 3203 769 3236 servorum
797 3184 991 3235 delectu
1028 3185 1203 3250 populi
1228 3185 1417 3234 romani

390 3264 640 3324 majestas,
666 3278 758 3314 etc.
782 3267 1056 3314 imminuta.

468 3357 489 3391 ι
504 3360 547 3392 1.
578 3345 775 3392 &blato
809 3346 947 3393 aditu
969 3379 986 3404 ,
1025 3343 1217 3392 revulsis
1238 3343 1409 3408 gradi-

392 3425 493 3472 bus.
532 3422 610 3471 Ne
646 3424 726 3470 eui
741 3457 757 3481 ,
799 3425 983 3472 ferente
1026 3424 1156 3488 leges
1202 3423 1379 3474 clodio
1394 3456 1409 3481 ,

389 3501 701 3560 obnuntiare,
744 3501 1041 3550 intercedere
1055 3537 1070 3562 ,
1120 3515 1205 3551 aut
1243 3503 1409 3566 aliquo

388 3581 539 3630 modo
574 3579 809 3645 impedire
838 3582 1082 3644 cupiam,
1110 3581 1309 3630 daretur
1332 3582 1407 3629 in-

388 3661 580 3710 troitus.
613 3663 711 3708 Pro
736 3661 929 3708 Domo:
966 3679 991 3702 c
1010 3663 1177 3724 Quum
1198 3676 1328 3708 arma
1352 3661 1403 3707 in

386 3739 539 3788 aedem
588 3739 801 3790 caston-3⁵
842 3739 1188 3801 comportabaa
1214 3772 1229 3797 ,
1281 3738 1403 3786 nihil

384 3818 552 3876 alind,
584 3820 679 3865 nisi
716 3817 790 3866 uti
824 3831 887 3864 ne
917 3816 1040 3880 qnid
1063 3833 1155 3882 per
1193 3819 1293 3866 vim
1328 3816 1407 3880 agi

384 3908 551 3962 posset
570 3933 585 3958 ,
626 3896 967 3944 machinabar-e
1010 3909 1025 3945 ε
1090 3911 1244 3961 quum
1288 3911 1409 3945 vero

384 3977 564 4042 gradus
600 3975 809 4026 Castoris
844 3973 1152 4032 convellisti,
1169 3992 1227 4023 ac
1248 3991 1409 4024 remo·

384 4056 527 4117 viati3
555 4068 687 4114 tum,
729 4065 783 4103 ut
809 4055 1028 4103 modeste
1055 4055 1146 4104 tibi
1177 4069 1317 4119 agere
1344 4054 1405 4102 li·

382 4147 515 4186 eet-et
547 4137 769 4184 homines
804 4136 1011 4184 audaces
1047 4136 1110 4184 ab
1145 4136 1249 4198 eju·
1284 4147 1403 4185 tem-

529 4225 613 4291 V.
670 4240 760 4287 cie.
780 4257 889 4302 pars
908 4239 1120 4286 secunda.

1502 2869 1578 2935 pli
1601 2869 1740 2918 aditu
1776 2879 1923 2933 atque
1944 2869 2180 2917 adscensu
2207 2869 2457 2918 removisti
2475 2892 2524 2920 ι.

1580 2966 1603 2997 1
1613 2966 1641 2997 a
1651 2985 1664 2996 .
1681 2952 1728 2996 A
1751 2947 1974 2998 Catilina·
1981 2947 2378 3010 praevaricatore.
2395 2950 2526 2998 Cati·

1501 3029 1654 3078 linam
1684 3044 1713 3076 a
1740 3030 1794 3078 Ρ.
1825 3027 2002 3076 Clodio
2025 3027 2400 3091 repetundarum
2418 3045 2524 3078 esee

1503 3119 1782 3158 accusatum
1797 3144 1813 3170 ,
1831 3122 1987 3170 eoque
2010 3106 2356 3170 pravaricante
2379 3106 2524 3158 abeo..

1503 3189 1660 3236 lutum
1681 3221 1697 3246 ‚
1735 3197 1784 3234 et
1824 3186 2070 3233 Asconius
2113 3195 2288 3232 auctor
2329 3195 2430 3246 est,
2467 3197 2520 3236 et

1502 3267 1674 3316 Cicero
1700 3266 1806 3328 ipae
1834 3264 1912 3312 hia
1948 3262 2112 3311 verbi·
2147 3263 2202 3310 iu
2228 3279 2284 3312 ea
2313 3264 2374 3312 de
2399 3267 2516 3316 Har.

1500 3347 1648 3408 Resp.
1681 3366 1708 3387 οι
1727 3361 1754 3391 a
1781 3343 1986 3392 Catilina
2011 3343 2270 3406 pecuniam
2295 3345 2519 3410 accepit,

1497 3433 1555 3472 nt
1569 3422 1849 3488 turpissime
1864 3422 2260 3486 prevaricantur
2279 3443 2324 3470 ι.

1573 3505 1656 3552 13.
1685 3506 1848 3568 Quum
1881 3500 2067 3565 equites
2105 3501 2304 3549 romam*
2332 3503 2516 3569 relega-

1494 3593 1676 3632 rentur.
1717 3583 1830 3630 Hoc
1863 3581 1987 3628 dicit
2017 3592 2220 3647 propter
2253 3584 2310 3630 1..
2333 3583 2518 3632 AElinm

1492 3662 1733 3722 Lamiam,
1777 3659 2182 3708 studiosiasimnm
2221 3661 2478 3710 Ciceronis
2495 3695 2514 3722 ,
2587 3715 2596 3727 ν

1492 3742 1766 3805 principem
1804 3740 2038 3804 equestris
2073 3741 2260 3788 ordinis
2278 3774 2296 3801 ,
2351 3743 2518 3790 edicto

1494 3818 1692 3885 Gabinii
1717 3819 1932 3868 consulis
1963 3819 2227 3882 relegatum
2245 3855 2260 3878 ‚
2283 3820 2422 3884 quod
2456 3835 2520 3868 eo

1492 3911 1692 3947 anctore
1713 3899 1944 3948 vestitum
1969 3898 2182 3962 equites,
2214 3898 2320 3962 lege
2339 3898 2516 3949 Clodia

1492 3977 1824 4042 promulgata,
1851 3987 2156 4026 mutaverant
2175 4010 2190 4036 ,
2212 3988 2262 4025 et
2281 3993 2378 4025 una
2401 3993 2518 4026 eum

1494 4056 1604 4121 ipso
1620 4072 1715 4120 pro
1733 4055 1885 4104 salute
1904 4055 2154 4105 Ciceronis
2181 4056 2370 4120 populo
2395 4073 2516 4120 anp-

1492 4135 1812 4199 plia-iverant.

2185 4225 2273 4305 24
