2996 4694
794 429 1179 496 ORATIO
1229 427 1335 496 IN
1390 429 1469 494 L.
1513 429 1592 495 C.
1645 423 2126 494 PISONEM.

2393 419 2529 515 357

394 555 680 622 initium
732 548 885 620 ludi
949 548 1399 644 compitalitii
1424 559 1497 634 ²,
1563 562 1718 618 tum
1779 549 2094 643 primum
2149 543 2311 614 facti
2371 558 2534 642 post

393 667 473 732 L.
496 660 871 742 Metellum,
901 675 969 730 et
998 663 1085 751 Q.
1110 661 1459 728 Marcium
1482 712 1506 744 ‚
1531 657 1864 728 consules
1889 711 1913 744 ‚
1933 671 2186 726 contra
2225 657 2531 726 auctori-

392 789 611 845 tatem
645 773 862 869 hujus
892 773 1203 860 ordinis3
1228 797 1415 869 quos
1438 775 1526 860 Q.
1548 767 1921 842 Metellus³
1951 769 2176 866 (facio
2198 770 2532 865 injuriam

392 882 781 955 fortissimo
808 885 965 954 viro
1000 898 1325 968 mortuo,
1353 885 1479 979 qui
1509 881 1712 952 illum
1733 937 1756 968 ‚
1787 880 1994 976 cujus
2028 905 2299 978 paucos
2331 905 2535 979 pares

390 994 543 1068 haec
562 997 803 1066 civitas
826 995 1029 1082 tulit,
1054 1019 1221 1066 cum
1244 993 1376 1064 hac
1400 995 1815 1090 importuna
1841 991 2084 1064 bellua
2109 989 2535 1086 conferam),

392 1105 520 1176 sed
577 1106 697 1176 ille
754 1105 1167 1202 designatus
1206 1103 1497 1189 consul,
1545 1127 1774 1200 quum
1813 1100 2156 1200 quidamff*
2201 1101 2539 1174 tribunus

394 1215 627 1313 plebis
682 1241 817 1288 suo
870 1217 1140 1286 auxilio
1190 1216 1568 1312 magistros
1631 1211 1844 1286 ludos
1902 1227 2152 1284 contra
2212 1227 2538 1286 senatus-

396 1327 805 1398 consultum
847 1325 1081 1398 facere
1112 1326 1476 1422 jussisset,
1527 1314 1886 1422 privatus⁵
1924 1322 2079 1396 fieri
2117 1329 2386 1410 vetuit3
2433 1339 2542 1394 at-

394 1461 540 1534 que
566 1437 633 1508 id
664 1492 683 1524 ‚
720 1437 922 1535 qnod
960 1435 1291 1508 nondum
1322 1449 1674 1533 potestate
1703 1449 2016 1533 poterat,
2059 1434 2378 1506 obtinuit
2411 1459 2540 1507 au-

396 1549 1135 1644 ctoritate.Tu,quum
1166 1543 1744 1630 in⁶111,kalen‹las
1763 1545 2544 1643 jan.compitaliorum7

396 1660 547 1730 dies
584 1659 1041 1744 incidissent,
1078 1663 1269 1729 Sext.
1301 1657 1636 1728 Clodium
1661 1712 1684 1744 ,
1719 1659 1847 1753 qui
1885 1681 2288 1753 numquam
2334 1671 2544 1728 antea

396 1784 855 1867 praetextatus
891 1767 1139 1840 fuisset
1160 1765 1217 1848 ⁸,
1252 1767 1461 1852 ludos
1496 1765 1762 1854 facere,
1786 1783 1856 1838 et
1889 1782 2387 1866 praetextatum
2431 1794 2545 1839 vo-

399 1879 600 1952 litare
640 1905 889 1978 passus
926 1905 1035 1968 es,
1058 1879 1429 1952 bominem
1450 1879 1858 1976 impurum,
1887 1894 2106 1976 atque
2139 1867 2288 1950 non
2319 1879 2538 1950 modo

399 2101 449 2138 et
474 2089 672 2138 Gabinii
700 2091 1021 2140 comulatam.
1047 2089 1248 2138 Publius
1276 2087 1428 2154 igitur

398 2169 625 2226 Clodius,
654 2186 803 2233 quum
830 2171 1075 2218 statuisset
1092 2171 1224 2216 omni
1246 2169 1425 2216 scelere

397 2263 572 2296 vexare
608 2247 957 2312 rempublicam
975 2281 991 2305 ‚
1030 2258 1079 2294 et
1120 2249 1289 2295 faecem
1330 2261 1422 2310 po·

398 2327 503 2391 puli
530 2339 698 2375 contra
725 2327 980 2391 optimates
996 2362 1010 2387 ,
1030 2327 1221 2375 servitia
1250 2337 1423 2375 eontra

398 2406 577 2455 liberos
617 2408 863 2455 concitare
881 2442 896 2467 ,
943 2406 1145 2453 Sextum
1190 2405 1421 2455 Clodium

395 2486 603 2535 scribam
643 2504 816 2546 suum,
854 2502 997 2549 quem
1037 2486 1211 2534 Cicero
1254 2486 1422 2550 paullo

394 2578 513 2631 post
540 2566 837 2615 Clodianum
865 2582 1033 2613 eonem
1062 2564 1271 2629 appellat
1288 2599 1303 2624 ,
1327 2565 1420 2613 im-

394 2648 553 2711 pulit,
586 2658 640 2694 ut
676 2644 821 2697 ludos
850 2646 963 2693 illos
988 2656 1182 2693 senatus
1206 2645 1423 2693 auetori-

396 2738 493 2775 tate
518 2726 735 2775 sublatos
756 2734 1024 2773 renovaret.
1043 2725 1098 2772 Id
1116 2724 1307 2771 Tullius
1325 2724 1424 2772 hoe

394 2805 509 2854 loco
530 2804 840 2869 reprehendit
857 2840 871 2862 ‚
909 2802 1043 2869 quod
1074 2805 1187 2851 Piso
1218 2804 1325 2868 ipso
1349 2804 1425 2850 sui

396 2884 676 2933 consulatus
694 2886 835 2931 initio
855 2882 999 2930 ludos
1018 2882 1297 2945 hujusmodi
1318 2880 1425 2929 fieri

396 2964 685 3029 permiserit.
728 2962 793 3010 Hi
822 2960 929 3010 ludi
958 2962 1008 3009 in
1036 2962 1265 3025 compitis
1295 2960 1425 3009 cele-

396 3044 677 3093 litabantur.

468 3138 521 3173 2.
550 3124 633 3171 Al.
654 3120 803 3170 codd.
822 3119 1093 3185 compleam
1104 3134 1123 3165 .·
1143 3121 1229 3169 sed
1248 3131 1347 3180 est,
1363 3121 1427 3169 ad

396 3202 555 3251 Attie.
576 3204 673 3249 VII
696 3236 709 3261 ,
751 3218 802 3265 7,
844 3224 868 3243 a
886 3200 1236 3264 compitalitius
1266 3200 1425 3249 dies..

396 3281 447 3328 J.
466 3282 531 3328 V.
556 3282 611 3329 Ia.

474 3350 684 3423 3.'Qems
724 3360 787 3424 Q.
822 3358 1064 3409 Metellus.
1112 3360 1167 3407 1..
1202 3358 1429 3426 Caecilio,

396 3440 461 3503 Q.
492 3440 681 3487 Marcio
710 3456 835 3488 eoss.
866 3455 991 3503 quos
1016 3451 1068 3489 et
1106 3440 1210 3504 ipse
1251 3440 1425 3488 Cicero

396 3534 543 3583 supra
564 3519 870 3581 memoravit,
892 3520 985 3567 SC.
1011 3518 1215 3583 collegia
1234 3518 1441 3567 sublatu-

396 3608 511 3646 sunt
527 3631 542 3657 ,
568 3612 679 3661 quae
699 3596 929 3646 adversus
952 3614 1105 3663 remp.
1133 3598 1423 3647 videbantur

394 3694 515 3727 esse.
550 3678 780 3727 Solebam
819 3690 979 3727 sutem
1020 3679 1233 3743 magistri
1266 3676 1428 3745 colle-0

395 3760 587 3823 giorum
630 3758 775 3806 ludos
810 3758 998 3817 fucere,
1044 3760 1171 3805 sicut
1206 3758 1422 3821 magistri

392 3840 613 3885 vicorum
632 3838 873 3885 faciebant
887 3872 901 3895 ,
928 3836 1276 3900 compitalitios
1298 3853 1423 3901 pra·

394 3918 565 3965 textuti
581 3953 594 3976 ,
621 3918 705 3983 qui
734 3916 837 3963 ludi
864 3914 1069 3962 sublati·
1088 3914 1309 3977 collegiis
1327 3916 1425 3962 dis-

396 3997 523 4044 cussi
546 4007 676 4043 sunt.
712 3998 827 4043 Post
852 4010 1027 4041 novem
1050 3992 1225 4040 deinde
1244 4010 1423 4054 annos,

396 4092 541 4141 quam
573 4076 763 4125 sublata
790 4084 955 4132 erant,
983 4074 1037 4123 Ρ.
1067 4072 1271 4120 Clodius
1308 4073 1423 4123 trib.

398 4156 467 4221 pl.
506 4156 613 4219 lege
655 4154 750 4201 latu
788 4150 995 4199 restitnit
1032 4150 1254 4213 collegia.
1292 4152 1423 4201 Invi-

1515 2088 1644 2136 diam
1665 2103 1782 2152 ergo
1799 2099 1846 2135 et
1866 2089 2050 2138 crimen
2071 2089 2404 2138 restitutorum
2426 2107 2548 2140 eou-

1515 2169 1610 2215 fert
1643 2170 1694 2214 in
1723 2169 1971 2228 Pisonem,
1989 2169 2122 2232 quod
2153 2203 2166 2226 ,
2199 2186 2348 2233 quum
2371 2173 2544 2219 consul

1513 2256 1640 2294 esset
1661 2284 1674 2307 ,
1703 2263 1874 2311 passus
1895 2249 1959 2295 sit
1979 2259 2092 2296 aute
2118 2264 2260 2312 quum
2287 2249 2366 2298 lex
2393 2253 2545 2300 ferre-

1515 2337 1611 2389 tur,
1645 2328 1800 2375 faeere
1843 2338 2184 2400 praetextatum
2223 2329 2366 2379 ludos
2409 2333 2542 2382 Sext.

1513 2406 1756 2455 Clodium.
1784 2411 1832 2457 Is
1866 2410 1958 2459 fuit
1999 2409 2399 2459 familiarissimus
2425 2412 2541 2461 Clo-

1515 2486 1612 2543 dii,
1644 2498 1692 2534 et
1713 2473 1973 2551 ⁸operarum
2013 2488 2359 2537 Clodianarum
2397 2490 2536 2541 dux:

1513 2582 1613 2629 quo
1638 2577 1836 2613 auctore
1864 2578 2034 2630 postea
2065 2566 2201 2615 illato
2228 2568 2290 2615 ob
2333 2570 2391 2615 iis
2427 2586 2543 2618 eor·

1513 2660 1634 2709 pore
1673 2643 1866 2708 Clodii,
1906 2646 2042 2695 euris
2081 2662 2192 2695 eum
2237 2664 2298 2695 eo
2341 2649 2538 2699 ineens-

1513 2736 1600 2801 σεῖε,
1646 2726 1784 2786 Quos
1827 2710 1982 2773 lud'os
2021 2736 2138 2775 tuuc
2183 2742 2382 2792 quoque
2433 2729 2540 2777 fieri

1515 2802 1773 2867 prohibere
1801 2805 2006 2852 tentavit
2035 2807 2088 2853 1..
2123 2809 2390 2857 Mummius
2419 2811 2536 2860 trib.

1513 2883 1587 2947 pl.
1606 2884 1733 2930 Ante
1755 2882 2004 2931 biennium
2021 2894 2208 2943 autem,
2231 2903 2378 2949 qnam
2397 2890 2540 2936 resti-

1517 2974 1766 3011 tuerentur
1788 2963 2015 3027 collegis,
2054 2966 2116 3027 Q.
2147 2968 2372 3015 Metellus
2399 2970 2544 3019 Celer

1516 3042 1688 3089 consul
1713 3040 1992 3105 designatus
2020 3044 2278 3107 magistros
2311 3047 2542 3107 ludorum

1515 3121 1662 3185 ludos
1700 3122 2047 3185 compitalicius
2087 3124 2242 3173 faeere
2277 3128 2546 3191 prohibue-

1519 3212 1618 3263 rat,
1637 3212 1690 3248 ut
1717 3201 1890 3249 Cicero
1909 3201 2054 3249 tradit
2070 3238 2085 3259 ‚
2106 3207 2326 3265 quamvis
2344 3220 2544 3260 auctore

1515 3278 1717 3328 tribuno
1745 3280 1813 3344 pl.
1842 3279 2041 3339 flerent,
2071 3282 2210 3343 cujus
2237 3284 2420 3334 tribuni
2447 3306 2541 3339 no·

1515 3374 1626 3409 men
1651 3359 1712 3407 nd
1742 3360 1842 3407 hoc
1880 3370 2070 3425 tempus
2105 3378 2252 3411 nemo
2277 3382 2304 3413 e
2333 3368 2546 3419 tenebris

1514 3440 1714 3489 eduxit.-

1585 3530 1637 3577 4.
1662 3519 1896 3589 Quidam.
1922 3522 2005 3571 Al.
2027 3521 2222 3585 quidem
2240 3537 2301 3576 er.

1587 3604 1635 3652 5.
1682 3602 1922 3650 Privatus.
1965 3604 2152 3655 Consul
2203 3618 2363 3658 tamen
2419 3613 2544 3663 desi.

1511 3692 1706 3746 gnatus.

1585 3764 1638 3809 6.
1671 3764 1837 3825 Quum
1859 3760 1928 3809 t'n.
1949 3760 2104 3811 Abest
2129 3762 2200 3812 fn.

1589 3859 1638 3902 ς’.
1656 3842 1737 3889 stc
1765 3850 1883 3889 vett.
1911 3840 2025 3889 edd.
2054 3844 2206 3895 Rom.
2235 3848 2371 3897 Med.
2399 3853 2542 3901 Juut.

1513 3931 1571 3967 ut
1599 3929 1672 3965 est
1699 3918 1763 3965 sd
1793 3920 1946 3967 Attio.
1975 3921 2052 3977 11,
2083 3922 2113 3969 3
2133 3958 2147 3983 ,
2177 3945 2204 3963 α
2222 3926 2380 3987 pridie
2401 3944 2546 3977 rom·

1513 3998 1680 4061 pitulia
1701 4020 1744 4047 ··.
1765 3998 1815 4045 J.
1828 4000 1890 4045 V.
1915 4000 1966 4045 1..

1589 4078 1638 4126 8.
1675 4078 2009 4123 Proeeesreatm
2053 4076 2244 4135 fuisset.
2289 4082 2543 4135 Poetextae

1509 4156 1590 4217 jus
1607 4154 1881 4203 habueruut
1899 4155 2128 4205 ludorum
2148 4158 2380 4211 editores.
