2996 4694
502 375 641 472 390
1143 375 1240 442 M.
1293 375 1368 440 T.
1421 373 1976 442 CICERONIS

499 521 646 595 que
667 550 685 582 ‚
725 494 922 593 quod
951 508 1116 566 ante
1141 517 1260 565 me
1285 495 1600 579 nemini,
1629 495 1939 593 pecunia
1966 491 2255 590 publica
2276 491 2631 564 aedifican-

501 605 664 678 dam
699 604 997 677 domum
1031 615 1537 675 censuerunt9.

519 765 528 772 -
595 714 832 788 Habes
866 713 1176 788 reditum
1205 737 1472 785 meum.
1520 711 1792 786 Confer
1820 737 2016 784 nunc
2041 713 2350 784 vicissim
2378 727 2585 782 tuum
2604 769 2625 800 ‚

501 823 1086 925 quandoquidem
1107 879 1128 912 ,
1170 826 1432 896 amisso
1479 826 1828 913 exercitu,
1870 824 2052 896 nihil
2093 823 2457 894 incolume
2492 823 2627 892 do-

501 959 742 1024 mum,
785 949 1040 1033 praeter
1089 959 1170 1006 os
1222 933 1479 1006 illud¹⁰
1534 936 1917 1033 pristinum
1958 949 2163 1006 tuum
2189 988 2208 1021 ,
2264 933 2567 1005 retulisti
2605 961 2623 1003 ε

500 1046 628 1146 qui
678 1046 1026 1144 primum,
1077 1071 1220 1142 qua
1269 1047 1553 1119 veneris
1602 1070 1769 1117 cum
1820 1047 2147 1118 laureatis
2180 1046 2323 1116 tuis
2356 1044 2627 1115 lictori·

501 1157 738 1246 husu,
791 1158 956 1253 quis
1010 1157 1188 1227 scit?
1231 1171 1418 1253 quos·
1463 1171 1623 1227 tum
1671 1155 2099 1241 Maeandros,
2156 1155 2333 1226 dum
2378 1177 2631 1225 omnes

501 1266 925 1340 solitudines
955 1267 1442 1364 persequeriS,
1481 1291 1641 1363 quoe
1678 1266 2099 1338 diverticula
2137 1264 2633 1359 flexionesque

503 1377 864 1475 quaesisti?
899 1375 1118 1466 Quod
1157 1390 1230 1447 te
1265 1377 1741 1474 municipium
1772 1374 1994 1445 vidit?
2030 1376 2193 1471 quis
2221 1376 2495 1444 amicus
2526 1375 2631 1442 in-

501 1487 796 1556 vitavit?
847 1489 1012 1583 quis
1062 1484 1327 1582 hospes
1379 1485 1745 1583 adspexit?
1793 1490 2051 1558 Nonne
2104 1484 2237 1555 tibi
2286 1508 2433 1554 nox
2484 1497 2635 1553 erat

506 1621 644 1694 pro
691 1593 860 1666 die?
911 1617 1064 1666 non
1107 1592 1420 1666 solitudo
1459 1620 1595 1693 pro
1640 1594 2098 1692 frequentia?
2132 1618 2461 1691 caupona
2498 1615 2635 1689 pro

509 1705 824 1804 oppido?
869 1731 1016 1776 non
1063 1721 1146 1776 ut
1183 1707 1417 1778 redire
1455 1731 1541 1778 ex
1581 1706 2001 1780 Macedonia
2037 1703 2300 1775 nobilis
2336 1706 2639 1800 impera-

586 1909 637 1955 9.
683 1891 992 1942 Comae-runt.
1021 1896 1137 1942 Haee
1164 1894 1338 1942 Cicero
1370 1904 1530 1941 orato-

512 1972 588 2019 rio
619 1987 785 2030 more,
821 1989 924 2021 nou
959 1973 1185 2032 historIa,
1216 1973 1411 2021 videtur
1441 1989 1535 2037 po·

513 2051 664 2100 suisne
685 2065 700 2100 ε
731 2067 844 2100 nam
869 2052 1034 2102 multis
1061 2053 1285 2102 centibus
1311 2063 1422 2100 ante
1447 2052 1534 2102 Ci-

518 2147 742 2180 ceronem
763 2132 888 2180 nulli
909 2133 964 2182 id
983 2133 1242 2198 contigisse
1261 2148 1426 2181 verum
1447 2140 1536 2178 est.

517 2211 714 2259 Nemini
731 2227 850 2258 vero
869 2227 1098 2275 umquam
1114 2223 1254 2258 antea
1273 2210 1540 2268 videamus,

516 2305 580 2337 ne
593 2305 762 2354 perum
777 2299 915 2337 caute
930 2287 1168 2347 dicamns3
1183 2288 1394 2355 antiquis
1408 2289 1537 2337 enim

515 2370 817 2435 temporibus
865 2371 1086 2434 pluribus
1129 2370 1258 2419 idem
1309 2370 1535 2435 contigit.

517 2448 714 2497 Valerio
743 2450 992 2507 Maximo,
1019 2460 1074 2497 ut
1099 2450 1270 2497 Antias
1303 2448 1507 2497 tradidit
1524 2483 1540 2510 ‚

517 2530 646 2577 inter
693 2527 815 2575 alios
865 2527 1078 2575 honores
1124 2528 1296 2576 domus
1343 2543 1541 2591 qnoque

519 2606 716 2672 publice
737 2604 970 2655 edificata
989 2616 1062 2655 est
1086 2608 1140 2654 in
1165 2608 1372 2663 Palati03
1403 2606 1543 2666 cujus

523 2684 714 2743 exitus,
740 2700 841 2749 quo
870 2687 1022 2749 magis
1053 2684 1256 2748 insignis
1293 2694 1445 2739 esset,
1489 2686 1543 2733 iu

523 2762 776 2828 publicum
792 2777 957 2810 versus
975 2762 1313 2820 declinaretur,
1328 2763 1424 2811 boc
1444 2773 1543 2821 est,

525 2852 660 2889 extre
685 2840 930 2905 privatum
956 2843 1240 2906 aperiretur.
1271 2844 1543 2889 'Varronem

525 2931 684 2971 autem
717 2920 932 2977 tradere,
961 2923 1032 2969 M.
1059 2920 1256 2969 Valerio
1274 2956 1288 2979 ,
1317 2922 1432 2985 quia
1456 2937 1545 2969 ιω-

526 3000 636 3065 pins
657 3000 862 3059 vicerat,
891 3000 1018 3049 aedes
1043 3002 1094 3047 in
1119 3000 1298 3048 Palatio
1315 3000 1545 3059 tributas,

527 3080 583 3128 L.
622 3078 847 3143 Higinins
881 3078 1004 3127 dicit
1041 3080 1094 3127 in
1119 3078 1246 3128 libro
1285 3082 1446 3143 priore
1485 3081 1547 3128 de

527 3156 644 3206 viris
691 3157 858 3217 cleris3
904 3160 961 3207 P.
1005 3158 1200 3207 Valerio
1234 3160 1402 3207 Volesi
1441 3158 1547 3207 filio

532 3236 796 3285 Publicolae
838 3237 966 3285 odes
999 3238 1218 3302 publicus
1254 3239 1344 3287 sub
1377 3239 1517 3287 Velia
1537 3277 1552 3301 ,

529 3314 616 3362 nbi
633 3330 768 3363 nnnc
785 3314 912 3363 πᾶσι
926 3318 1159 3367 Victoriae
1179 3329 1252 3367 est
1269 3352 1284 3376 ,
1311 3318 1549 3383 populum

529 3410 593 3442 ex
611 3394 718 3458 lege
730 3429 745 3453 ,
764 3410 908 3459 quam
924 3396 1028 3461 ipse
1045 3398 1220 3446 tulerat
1231 3432 1245 3455 ,
1259 3398 1551 3444 concessisse

533 3472 734 3522 mdunt
751 3506 766 3533 ,
785 3486 836 3522 et
857 3476 1090 3524 Antiochi
1115 3477 1239 3540 regis
1261 3474 1366 3523 filio
1389 3474 1552 3524 obsidi

534 3554 736 3602 domum
750 3555 946 3619 publice
967 3555 1265 3613 edificatam,
1287 3558 1412 3603 inter
1426 3570 1553 3619 quos

530 3634 726 3681 Atticus
749 3634 800 3681 in
824 3636 1096 3685 Annalibus
1112 3671 1126 3695 ,
1153 3652 1262 3700 que
1285 3646 1450 3699 postea
1477 3635 1555 3683 di-

534 3712 663 3760 citnr
687 3714 856 3762 Lucilii
875 3725 1034 3779 poetae
1059 3716 1223 3763 fuisse.
1247 3718 1403 3763 Varro
1429 3731 1555 3778 quo-

533 3794 700 3857 quein
721 3792 812 3845 lib.
834 3796 908 3842 111
924 3830 938 3853 ,
964 3795 1024 3842 de
1043 3796 1137 3841 vita
1157 3794 1328 3859 populi
1347 3796 1553 3856 romani,

535 3887 636 3935 qno
667 3874 780 3921 loco
824 3874 970 3921 refert
985 3905 1001 3932 ‚
1025 3890 1170 3937 quam
1207 3884 1369 3937 gratus
1409 3874 1555 3923 fuerit

535 3966 646 4017 erga
665 3953 1002 4008 benemeritos,
1029 3954 1150 4001 dicit
1163 3989 1177 4011 ,
1191 3951 1402 4011 Matini,
1417 3952 1556 4017 quod

537 4033 588 4080 in
614 4032 775 4081 Sicilie
802 4048 912 4079 enm
938 4034 1155 4097 equitatu
1183 4050 1272 4081 suo
1300 4033 1555 4081 transierat

537 4111 599 4160 ad
619 4128 735 4171 nos,
749 4112 994 4161 civitatem
1012 4114 1183 4163 Romae
1201 4114 1385 4177 datam,
1405 4113 1552 4163 aedes·

1618 1908 1715 1956 que
1724 1927 1741 1950 ‚
1766 1902 1813 1940 et
1824 1891 2079 1956 pecuniam
2096 1907 2158 1938 ex
2170 1890 2357 1940 aerario.
2374 1889 2638 1940 Videamus

1622 1984 1807 2030 tamen,
1836 1986 1952 2018 num
1984 1971 2096 2018 ideo
2137 1969 2308 2019 Cicero
2342 1969 2470 2020 dicat
2507 1969 2602 2018 sibi
2624 2006 2639 2028 ,

1620 2051 1757 2116 qnod
1799 2061 1939 2098 sntea
1984 2050 2109 2097 nulli
2124 2083 2143 2110 ,
2190 2049 2388 2098 domum
2432 2049 2639 2113 pecunia

1621 2130 1819 2196 publica
1864 2147 1927 2178 ex
1966 2129 2134 2177 aerario
2174 2127 2461 2178 adificatsm
2475 2164 2490 2189 ,
2524 2130 2641 2193 qnia

1624 2210 1719 2258 illis
1745 2221 1829 2257 aut
1852 2209 1991 2257 locus
2030 2210 2225 2274 publice
2260 2209 2400 2257 datus
2435 2211 2497 2258 sit
2514 2244 2529 2269 ‚
2557 2219 2641 2256 aut

1625 2289 1797 2337 domus
1819 2305 1931 2354 quie
1952 2304 2054 2337 non
2078 2287 2230 2336 fuerat
2256 2303 2424 2336 eorum
2441 2323 2455 2346 ,
2483 2305 2643 2352 neque

1622 2380 1825 2434 propter
1846 2368 1956 2417 illos
1978 2368 2181 2434 publico
2208 2380 2408 2433 sumptu
2432 2366 2643 2417 aedifica-

1624 2460 1671 2496 ta
1684 2466 1701 2505 ς
1714 2449 1939 2497 Ciceroni
1956 2448 2131 2496 domus
2144 2482 2158 2505 ‚
2176 2464 2285 2512 quae
2300 2449 2451 2497 fuerat
2464 2449 2617 2512 ipsius
2629 2484 2646 2510 ,

1624 2540 1673 2575 et
1700 2528 1859 2575 diruta
1882 2540 2028 2593 atque
2050 2528 2245 2575 incensa
2267 2540 2369 2576 erat
2394 2538 2444 2575 et
2471 2543 2643 2575 conse-

1626 2616 1757 2655 crata
1776 2640 1791 2665 ,
1828 2606 2029 2671 publico
2059 2616 2257 2671 sumptu
2284 2604 2517 2655 edificata
2552 2607 2643 2663 sit3

1626 2687 1761 2751 qnod
1781 2702 1965 2735 novum
1992 2696 2041 2735 et
2061 2686 2177 2733 huie
2198 2687 2359 2751 primo
2374 2718 2393 2747 ,
2420 2696 2471 2733 et
2484 2684 2647 2734 adhuc

1629 2766 1771 2813 etiam
1793 2765 1883 2812 soli
1904 2764 2122 2827 contigit.

1706 2859 1783 2891 10.
1808 2846 1998 2891 Praeter
2012 2860 2067 2891 os
2082 2842 2213 2892 illud
2214 2842 2495 2907 pristinum.
2521 2844 2645 2891 Pre-

1630 2935 1704 2972 ter
1721 2924 1853 2971 illam
1870 2934 1998 2971 tunm
2017 2923 2391 2987 impudentiam,
2412 2924 2487 2970 vel
2504 2926 2645 2971 etism

1630 3014 1806 3068 proeter
1854 3002 1985 3051 illam
2028 3004 2301 3051 affectatam
2348 3002 2649 3051 severitatem

1630 3081 1811 3145 flagitia
1844 3092 1942 3129 tnae
1982 3082 2157 3130 frontis
2196 3082 2387 3131 nebulis
2422 3080 2651 3145 obtegen-

1634 3172 1745 3209 tem.
1770 3164 1840 3209 Os
1866 3171 1912 3208 et
1936 3176 2029 3225 pro
2054 3158 2272 3226 pudore,
2302 3173 2351 3210 et
2374 3176 2468 3225 pro
2491 3161 2649 3227 impu·

1635 3240 1797 3289 dentis
1816 3256 1943 3305 saepe
1958 3241 2214 3304 reperitur.

1712 3334 1733 3365 1
1748 3336 1790 3368 1.
1823 3318 1921 3382 Qui
1932 3319 2167 3382 primum,
2194 3334 2293 3383 qua
2321 3318 2514 3366 veneris
2542 3335 2648 3367 eum

1634 3400 1870 3448 laureatis
1908 3399 1997 3446 cuis
2034 3399 2298 3447 lictoribus.
2336 3400 2653 3462 Imperatores

1634 3488 1749 3545 post
1764 3477 1988 3541 adeptam
2006 3478 2259 3526 victoriam
2272 3477 2491 3526 lictor-ios
2504 3478 2653 3526 fasces

1635 3555 1877 3605 habebant
1909 3556 2035 3604 lauri
2072 3557 2201 3605 soliis
2234 3556 2514 3616 involutos;
2544 3556 2650 3603 Piso

1637 3635 1699 3681 ab
1716 3634 1933 3682 exercitu
1956 3634 2115 3683 dictus
2138 3635 2403 3698 imperator
2424 3650 2507 3682 eos
2529 3634 2655 3681 obti-

1638 3714 1807 3774 nebat,
1834 3713 1970 3777 quod
1988 3714 2165 3762 reditui
2183 3729 2410 3778 maguum
2433 3713 2659 3776 splendo-

1638 3812 1737 3843 rem
1785 3794 1958 3842 afferre
1998 3805 2190 3859 poterat
2208 3828 2223 3852 ,
2286 3795 2379 3840 nisi
2425 3794 2656 3840 scelerum

1638 3874 1931 3923 conscientia
1954 3884 2177 3931 vexatus,
2199 3870 2407 3920 latebras
2433 3882 2480 3919 et
2501 3872 2657 3920 diver·

1640 3954 1786 4002 ticnla
1832 3952 1892 4000 de
1936 3952 2173 4001 industria
2220 3952 2483 4015 quaesisset.
2530 3950 2657 3999 Hinc

1640 4033 1788 4097 igitur
1822 4032 2082 4097 expetitam
2122 4046 2223 4096 prae
2257 4030 2490 4079 scelernm
2535 4046 2655 4077 con-

1640 4112 1838 4160 scientia
1854 4110 2036 4159 reditus
2060 4110 2399 4159 obscuritatem
2419 4108 2631 4157 ostendit
2644 4142 2657 4167 ,
