2996 4694
727 359 736 366 ’
815 372 1210 440 ORATIO
1251 373 1355 442 IN
1404 375 1482 442 L.
1528 375 1607 444 C.
1656 373 2149 443 PISONEM.
2396 372 2537 469 393

408 490 788 566 addicebas
837 490 1136 563 tribuno
1177 489 1414 588 plebis
1459 493 1913 565 consulatum
1959 508 2205 582 tuum,
2245 518 2396 566 rem
2407 519 2537 592 pu-

403 603 662 676 blicam
709 601 1112 689 evertebaS,
1151 602 1512 700 prodebas
1562 601 1820 702 caput⁵
1857 618 1929 675 et
1964 604 2267 676 salutem
2304 630 2535 676 meam

405 739 556 788 una
609 711 942 784 mercede
995 715 1382 811 provinciae
1419 741 1436 784 ε
1475 716 1535 785 si
1589 713 2041 812 triumphum
2088 739 2237 786 non
2292 719 2539 812 cupie-

406 822 566 908 bam,
599 823 806 918 cujus
838 821 1126 894 tandem
1160 823 1266 894 rei
1307 838 1379 894 te
1415 823 1807 921 cupiditate
1848 826 2099 896 arsisse
2150 822 2542 896 defendes?

406 937 606 1030 Saepe
651 934 842 1004 enim
899 933 1078 1020 vidi,
1125 937 1254 1030 qui
1291 947 1366 1006 et
1410 934 1627 1021 mihi,
1692 950 1766 1006 et
1818 935 2073 1006 ceteris
2130 933 2541 1032 cupidiores

407 1043 792 1138 provinciae
824 1041 1268 1129 viderentur,
1303 1045 1657 1142 triumphi
1694 1046 1993 1116 nomine
2032 1059 2275 1142 tegere
2318 1060 2539 1142 atque

405 1141 682 1223 velare⁶
711 1151 1178 1251 cupiditatem
1207 1177 1429 1224 suam.
1457 1159 1612 1225 Hoc
1648 1152 1871 1224 modo
1892 1158 1981 1224 D.
2018 1155 2341 1226 Silanus⁷
2374 1180 2544 1226 con·

406 1261 518 1342 sul
559 1266 634 1332 in
679 1261 821 1334 hoc
867 1261 1158 1349 ordine,
1206 1263 1349 1334 hoc
1391 1287 1599 1334 meus
1640 1266 1855 1334 etiam
1912 1263 2189 1360 collega
2226 1263 2535 1334 dicebat.

405 1375 658 1468 Neque
687 1374 882 1444 enim
909 1373 1292 1469 quisquam
1324 1387 1567 1470 potest
1594 1377 1987 1446 exercitum
2013 1397 2279 1471 cupere
2298 1427 2317 1462 ,
2344 1397 2547 1472 aper-

405 1495 622 1578 teque
657 1497 938 1580 petere,
981 1496 1064 1552 ut
1101 1507 1254 1553 non
1292 1496 1638 1580 praetexat
1672 1481 2135 1580 cupiditatem
2171 1484 2543 1582 triumphi.

404 1591 620 1680 Quod
653 1593 713 1662 si
751 1605 820 1662 te
862 1605 1154 1663 senatus
1197 1592 1665 1690 populusque
1710 1617 2054 1665 romanus
2088 1610 2215 1666 aut
2242 1619 2395 1666 non
2420 1620 2545 1694 ap-

403 1713 812 1799 petentem,
857 1716 983 1771 aut
1033 1702 1248 1774 etiam
1291 1719 1778 1790 recusantem,
1822 1702 2099 1775 bellum
2143 1707 2546 1804 suscipere,

405 1812 802 1887 exercitum
842 1810 1111 1884 ducere
1139 1814 1521 1909 coegisset3
1558 1827 1797 1885 tamen
1828 1829 1981 1886 erat
2010 1818 2293 1912 angusti
2327 1817 2545 1886 animi

405 1935 624 2017 atque
666 1919 992 2008 demissi,
1035 1922 1215 2017 justi
1262 1922 1618 2021 triumphi
1657 1922 2009 1996 honorem
2054 1940 2271 2022 atque
2306 1925 2543 2024 digni-

402 2045 626 2106 tatem
681 2046 1196 2104 contemnere.-
1235 2037 1419 2104 Nam
1449 2087 1470 2120 ,
1530 2049 1615 2104 ut
1668 2032 1973 2105 levitatis
2021 2032 2197 2122 est⁸,
2248 2037 2539 2106 inanem

405 2143 746 2239 aucupari
795 2166 1205 2226 rumorem;
1253 2155 1374 2229 ut,
1432 2168 1686 2215 omnes
1730 2141 2025 2232 umbras
2066 2142 2257 2216 falsae
2302 2143 2543 2242 glorioe

405 2253 620 2324 etiam
663 2256 1102 2340 consectari3
1137 2254 1238 2324 sic
1275 2251 1453 2325 levis
1489 2268 1598 2325 est
1628 2256 1889 2342 animi,
1924 2255 2159 2328 lucem
2196 2254 2541 2353 splendo-

403 2388 708 2461 remque
759 2361 1136 2461 fugientiS,
1195 2364 1462 2460 justam
1507 2364 1851 2463 gloriam,
1912 2368 2039 2462 qui
2094 2380 2203 2437 est
2262 2362 2541 2439 fructus

404 2499 590 2546 verae
634 2464 918 2546 virtutis
975 2474 1529 2547 honestissimus
1554 2528 1576 2565 ,
1624 2474 2019 2573 repudiare.
2073 2478 2317 2567 Quum
2370 2500 2543 2547 vero

403 2610 558 2656 non
603 2584 824 2657 modo
861 2608 1014 2655 non
1059 2584 1472 2682 postulante
1507 2600 1726 2683 atque
1768 2600 2109 2683 cogente,
2153 2584 2277 2657 sed
2314 2586 2542 2658 invito

403 2712 622 2793 atque
671 2720 1024 2795 oppresso
1069 2710 1362 2784 senatu,
1405 2720 1558 2766 non
1609 2695 1833 2767 modo
1882 2695 2083 2767 nullo
2124 2694 2379 2794 populi
2422 2722 2539 2768 ro·

409 2809 599 2877 mani
652 2806 928 2891 studi0‚
975 2805 1104 2879 sed
1153 2806 1356 2879 n'ullo
1418 2804 1697 2879 ferente
1755 2804 2222 2903 suffragium
2278 2805 2537 2890 liber-0,

405 2919 776 3014 provincia
817 2916 950 2989 tibi
987 2918 1120 2988 ista
1164 2919 1703 3014 manupretium
1722 2927 1785 2960 ¹⁰
1825 2912 2044 2986 fuerit
2082 2940 2231 2986 non
2278 2938 2541 2986 eversae

477 3080 532 3129 5.
571 3078 820 3129 Pmdebas
854 3090 1022 3144 capue.
1061 3082 1154 3129 Per
1190 3094 1425 3129 nmmum

405 3154 658 3221 perfidiam
677 3190 696 3217 ,
729 3174 809 3207 me
841 3155 1036 3205 sffiuem
1071 3166 1240 3215 tuum,
1281 3172 1426 3221 quem

405 3237 456 3283 in
481 3247 649 3288 senatu
669 3237 954 3285 senteutiam
977 3237 1179 3300 rogabas
1201 3238 1396 3285 tertIum
1410 3270 1428 3297 ‚

406 3331 550 3379 quem
579 3316 632 3363 in
667 3317 764 3365 tuis
800 3315 1012 3364 comitiis
1047 3314 1253 3363 honoris
1285 3330 1426 3363 censs

403 3397 739 3458 praerogativa
775 3394 1028 3445 custodem
1057 3395 1370 3459 prefeceru,
1396 3409 1425 3441 s

405 3474 460 3520 P.
481 3472 658 3523 clodio
677 3474 866 3523 sinebas
883 3473 996 3534 ejici
1018 3472 1080 3521 de
1103 3474 1319 3523 civitate.

476 3553 526 3599 6.
549 3554 642 3601 Ms
671 3556 836 3603 Fsern.
867 3554 1044 3603 celare.
1064 3554 1099 3601 J
1103 3588 1118 3603 .
1139 3554 1204 3603 V.
1225 3554 1284 3601 1..

479 3648 530 3693 7.
573 3634 632 3680 D.
663 3632 882 3683 Silanun.
917 3633 984 3680 D.
1019 3632 1200 3681 Junius
1237 3632 1427 3681 Silanus

403 3711 708 3761 consulatum
735 3710 944 3777 adeptus
969 3723 1042 3759 est
1073 3722 1191 3777 post
1224 3712 1424 3761 Cicero-

402 3806 544 3853 nem;
578 3806 726 3855 quam
757 3802 916 3847 sutem
945 3790 1248 3855 provinciam
1286 3801 1423 3837 tanto

323 3882 332 3889 ⁴
403 3870 590 3917 ambitu
634 3870 854 3934 petierit,
909 3868 1032 3916 mihi
1079 3884 1186 3915 uon
1228 3868 1418 3931 liquet:

404 3950 626 4013 suspicor
643 3961 802 3995 tamen
821 3944 1214 4011 cum'provinciae
1232 3944 1424 4009 cupidi-

405 4039 504 4075 tste
523 4028 670 4075 rebus
685 4024 830 4075 novis
854 4026 1094 4075 studuisse
1114 4023 1166 4069 in
1192 4039 1283 4071 suo
1307 4040 1424 4072 con-

408 4107 566 4154 sulatu
587 4120 601 4155 ε
624 4117 754 4154 certe
781 4104 994 4153 obtinuit
1017 4102 1318 4167 Hispaniam.

1587 3079 1639 3127 8.
1686 3079 1849 3133 Num,
1888 3088 1945 3125 ue
1980 3075 2187 3125 levitatis
2220 3086 2309 3125 est.
2358 3078 2539 3127 Totum

1513 3157 1645 3206 hunc
1690 3158 1859 3205 locum
1898 3156 1967 3205 its
2012 3156 2132 3219 legit
2170 3154 2497 3219 Pantagathus
2521 3171 2537 3207 z

1513 3258 1539 3278 ι
1558 3238 1684 3285 Nam
1701 3246 1757 3283 ut
1773 3234 1983 3283 levitatis
1999 3245 2073 3282 est
2095 3232 2289 3283 inanem
2306 3236 2541 3300 sucupsri

1513 3330 1783 3373 rumorem,
1818 3330 1989 3363 onmes
2015 3314 2211 3363 umbras
2234 3315 2381 3363 etism
2406 3315 2540 3365 §21⁸2

1512 3394 1679 3459 gloria
1705 3392 2005 3451 connect-rh
2028 3394 2098 3441 sic
2118 3394 2275 3463 jejuni
2296 3406 2369 3442 est
2388 3394 2541 3444 animi

1512 3473 1669 3521 lucem
1684 3508 1701 3533 ‚
1731 3470 2139 3537 splendoremque
2170 3473 2401 3536 fugientis
2414 3508 2431 3533 ‚
2454 3477 2543 3536 jn·

1512 3564 1631 3603 stam
1674 3552 1875 3618 gloriam
1890 3586 1907 3611 ‚
1944 3552 2031 3616 qui
2070 3562 2144 3601 est
2177 3552 2367 3601 fructus
2410 3569 2539 3603 vern

1514 3632 1709 3681 virtutis
1726 3632 2117 3687 honestissimus,
2137 3632 2411 3697 repudiare.
2430 3654 2459 3675 ι

1584 3726 1636 3775 9.
1666 3712 1865 3759 Fet-enee
1888 3710 2183 3778 suffragium
2212 3711 2375 3761 libero.
2410 3713 2535 3759 Ors-

1512 3790 1638 3839 torie
1653 3825 1669 3849 ‚
1686 3805 1837 3854 quum
1858 3806 2043 3854 paucos
2060 3789 2191 3839 dicat
2212 3790 2311 3853 legi
2334 3789 2535 3838 curiata

1516 3868 1729 3917 ferenda
1746 3868 2033 3917 interfuisse.

1590 3963 1668 3996 zo.
1684 3947 2063 4009 manupretium.
2082 3948 2172 3994 Per
2184 3953 2541 4006 contemptum,

1512 4040 1567 4077 ut
1585 4026 1779 4077 homini
1807 4026 2105 4075 mercenario
2122 4016 2537 4073 auctoramentum

1513 4107 1831 4155 conceditur:
1862 4120 2042 4153 merces
2070 4115 2119 4151 et
2144 4101 2497 4167 compensatio.
