<?xml version="1.0" encoding="UTF-8"?>
<!DOCTYPE html PUBLIC "-//W3C//DTD XHTML 1.0 Transitional//EN"
    "http://www.w3.org/TR/xhtml1/DTD/xhtml1-transitional.dtd">
<html xmlns="http://www.w3.org/1999/xhtml" xml:lang="en" lang="en">
 <head>
  <title>
</title>
<meta http-equiv="Content-Type" content="text/html;charset=utf-8" />
  <meta name='ocr-system' content='tesseract 3.04.00' />
  <meta name='ocr-capabilities' content='ocr_page ocr_carea ocr_par ocr_line ocrx_word'/>
</head>
<body>
  <div class='ocr_page' id='page_1' title='image "./mtciceronisquae08lemagoog/mtciceronisquae08lemagoog_0013.png"; bbox 0 0 2996 4694; ppageno 0'>
   <div class='ocr_carea' id='block_1_1' title="bbox 1086 451 2532 527">
    <p class='ocr_par' dir='ltr' id='par_1_1' title="bbox 1086 451 2532 527">
     <span class='ocr_line' id='line_1_1' title="bbox 1086 451 2532 527; baseline 0.006 -8"><span class='ocrx_word' id='word_1_1' title='bbox 1086 451 1861 524; x_wconf 84' lang='lat' dir='ltr'><strong>ARGUMENTUM.</strong></span> <span class='ocrx_word' id='word_1_2' title='bbox 2492 455 2532 527; x_wconf 83' lang='lat'><strong><em>5</em></strong></span> 
     </span>
    </p>
   </div>
   <div class='ocr_carea' id='block_1_2' title="bbox 476 570 2584 2203">
    <p class='ocr_par' dir='ltr' id='par_1_2' title="bbox 478 570 2584 1906">
     <span class='ocr_line' id='line_1_2' title="bbox 486 570 2529 648; baseline 0.002 -16"><span class='ocrx_word' id='word_1_3' title='bbox 486 588 607 633; x_wconf 85' lang='lat' dir='ltr'><strong>tum</strong></span> <span class='ocrx_word' id='word_1_4' title='bbox 637 583 839 630; x_wconf 85' lang='lat' dir='ltr'><strong>narrat</strong></span> <span class='ocrx_word' id='word_1_5' title='bbox 859 571 1115 630; x_wconf 86' lang='lat' dir='ltr'><strong>omnium</strong></span> <span class='ocrx_word' id='word_1_6' title='bbox 1141 570 1433 631; x_wconf 84' lang='lat' dir='ltr'><strong>bonorum</strong></span> <span class='ocrx_word' id='word_1_7' title='bbox 1454 573 1516 632; x_wconf 88' lang='lat' dir='ltr'><strong>in</strong></span> <span class='ocrx_word' id='word_1_8' title='bbox 1547 572 1731 632; x_wconf 85' lang='lat' dir='ltr'><strong>salute</strong></span> <span class='ocrx_word' id='word_1_9' title='bbox 1753 593 1856 632; x_wconf 89' lang='lat' dir='ltr'><strong>sua</strong></span> <span class='ocrx_word' id='word_1_10' title='bbox 1885 577 2278 635; x_wconf 82' lang='lat' dir='ltr'><strong>conservanda</strong></span> <span class='ocrx_word' id='word_1_11' title='bbox 2306 578 2494 637; x_wconf 81' lang='lat' dir='ltr'><strong>studia</strong></span> <span class='ocrx_word' id='word_1_12' title='bbox 2513 623 2529 648; x_wconf 92' lang='lat'><strong>,</strong></span> 
     </span>
     <span class='ocr_line' id='line_1_3' title="bbox 483 667 2532 748; baseline 0.003 -20"><span class='ocrx_word' id='word_1_13' title='bbox 483 671 697 728; x_wconf 75' lang='lat' dir='ltr'><strong>civium</strong></span> <span class='ocrx_word' id='word_1_14' title='bbox 722 689 798 727; x_wconf 79' lang='lat' dir='ltr'><strong>ex</strong></span> <span class='ocrx_word' id='word_1_15' title='bbox 823 681 943 728; x_wconf 80' lang='lat' dir='ltr'><strong>tota</strong></span> <span class='ocrx_word' id='word_1_16' title='bbox 966 667 1149 738; x_wconf 88' lang='lat' dir='ltr'><strong>urbe,</strong></span> <span class='ocrx_word' id='word_1_17' title='bbox 1185 683 1510 748; x_wconf 81' lang='lat' dir='ltr'><strong>cunctaque</strong></span> <span class='ocrx_word' id='word_1_18' title='bbox 1533 670 1698 730; x_wconf 79' lang='lat' dir='ltr'><strong>Italia</strong></span> <span class='ocrx_word' id='word_1_19' title='bbox 1721 684 2097 744; x_wconf 84' lang='lat' dir='ltr'><strong>conventum,</strong></span> <span class='ocrx_word' id='word_1_20' title='bbox 2136 675 2314 732; x_wconf 82' lang='lat' dir='ltr'><strong>vestis</strong></span> <span class='ocrx_word' id='word_1_21' title='bbox 2341 691 2532 734; x_wconf 85' lang='lat' dir='ltr'><strong>muta-</strong></span> 
     </span>
     <span class='ocr_line' id='line_1_4' title="bbox 485 767 2534 848; baseline 0.003 -24"><span class='ocrx_word' id='word_1_22' title='bbox 485 768 697 826; x_wconf 82' lang='lat' dir='ltr'><strong>tionem</strong></span> <span class='ocrx_word' id='word_1_23' title='bbox 718 787 756 824; x_wconf 88' lang='lat' dir='ltr'><strong>a</strong></span> <span class='ocrx_word' id='word_1_24' title='bbox 773 777 975 824; x_wconf 82' lang='lat' dir='ltr'><strong>senatu</strong></span> <span class='ocrx_word' id='word_1_25' title='bbox 1001 767 1191 824; x_wconf 86' lang='lat' dir='ltr'><strong>luctus</strong></span> <span class='ocrx_word' id='word_1_26' title='bbox 1216 768 1410 844; x_wconf 88' lang='lat' dir='ltr'><strong>potius</strong></span> <span class='ocrx_word' id='word_1_27' title='bbox 1432 785 1607 846; x_wconf 83' lang='lat' dir='ltr'><strong>quam</strong></span> <span class='ocrx_word' id='word_1_28' title='bbox 1636 767 2060 848; x_wconf 65' lang='lat' dir='ltr'><strong>deprecationis</strong></span> <span class='ocrx_word' id='word_1_29' title='bbox 2087 789 2254 829; x_wconf 85' lang='lat' dir='ltr'><strong>causa</strong></span> <span class='ocrx_word' id='word_1_30' title='bbox 2289 773 2534 846; x_wconf 82' lang='lat' dir='ltr'><strong>factam3</strong></span> 
     </span>
     <span class='ocr_line' id='line_1_5' title="bbox 484 861 2536 943; baseline 0.003 -21"><span class='ocrx_word' id='word_1_31' title='bbox 484 864 545 922; x_wconf 87' lang='lat' dir='ltr'><strong>in</strong></span> <span class='ocrx_word' id='word_1_32' title='bbox 592 882 712 940; x_wconf 89' lang='lat' dir='ltr'><strong>quo</strong></span> <span class='ocrx_word' id='word_1_33' title='bbox 754 862 1129 922; x_wconf 81' lang='lat' dir='ltr'><strong>vehementer</strong></span> <span class='ocrx_word' id='word_1_34' title='bbox 1166 861 1405 941; x_wconf 84' lang='lat' dir='ltr'><strong>castigat</strong></span> <span class='ocrx_word' id='word_1_35' title='bbox 1454 862 1691 924; x_wconf 81' lang='lat' dir='ltr'><strong>Gabinii</strong></span> <span class='ocrx_word' id='word_1_36' title='bbox 1731 865 2116 942; x_wconf 77' lang='lat' dir='ltr'>perniciosam</span> <span class='ocrx_word' id='word_1_37' title='bbox 2163 869 2496 928; x_wconf 87' lang='lat' dir='ltr'><strong>concionem</strong></span> <span class='ocrx_word' id='word_1_38' title='bbox 2518 914 2536 943; x_wconf 92' lang='lat'><strong>,</strong></span> 
     </span>
     <span class='ocr_line' id='line_1_6' title="bbox 484 958 2534 1044; baseline 0.003 -26"><span class='ocrx_word' id='word_1_39' title='bbox 484 958 721 1038; x_wconf 85' lang='lat' dir='ltr'><strong>ejusque</strong></span> <span class='ocrx_word' id='word_1_40' title='bbox 744 959 1017 1038; x_wconf 72' lang='lat' dir='ltr'><strong>injuriam</strong></span> <span class='ocrx_word' id='word_1_41' title='bbox 1046 960 1108 1018; x_wconf 88' lang='lat' dir='ltr'><strong>in</strong></span> <span class='ocrx_word' id='word_1_42' title='bbox 1136 965 1201 1019; x_wconf 89' lang='lat' dir='ltr'><strong>L.</strong></span> <span class='ocrx_word' id='word_1_43' title='bbox 1230 961 1445 1020; x_wconf 86' lang='lat' dir='ltr'><strong>AElium</strong></span> <span class='ocrx_word' id='word_1_44' title='bbox 1476 961 1767 1034; x_wconf 78' lang='lat' dir='ltr'><strong>Lamiam,</strong></span> <span class='ocrx_word' id='word_1_45' title='bbox 1803 981 1974 1040; x_wconf 82' lang='lat' dir='ltr'><strong>quem</strong></span> <span class='ocrx_word' id='word_1_46' title='bbox 2007 962 2108 1024; x_wconf 91' lang='lat' dir='ltr'><strong>ille</strong></span> <span class='ocrx_word' id='word_1_47' title='bbox 2149 978 2389 1044; x_wconf 88' lang='lat' dir='ltr'><strong>propter</strong></span> <span class='ocrx_word' id='word_1_48' title='bbox 2427 965 2534 1024; x_wconf 89' lang='lat' dir='ltr'><strong>be-</strong></span> 
     </span>
     <span class='ocr_line' id='line_1_7' title="bbox 484 1056 2529 1140; baseline 0.003 -26"><span class='ocrx_word' id='word_1_49' title='bbox 484 1056 857 1117; x_wconf 84' lang='lat' dir='ltr'><strong>nivolentiam</strong></span> <span class='ocrx_word' id='word_1_50' title='bbox 878 1057 941 1115; x_wconf 88' lang='lat' dir='ltr'><strong>in</strong></span> <span class='ocrx_word' id='word_1_51' title='bbox 964 1057 1302 1116; x_wconf 79' lang='lat' dir='ltr'><strong>Ciceronem</strong></span> <span class='ocrx_word' id='word_1_52' title='bbox 1328 1057 1704 1135; x_wconf 72' lang='lat' dir='ltr'>relegaverat.</span> <span class='ocrx_word' id='word_1_53' title='bbox 1737 1063 1887 1119; x_wconf 90' lang='lat' dir='ltr'><strong>Tum</strong></span> <span class='ocrx_word' id='word_1_54' title='bbox 1912 1061 2248 1140; x_wconf 76' lang='lat' dir='ltr'><strong>perstringit</strong></span> <span class='ocrx_word' id='word_1_55' title='bbox 2275 1061 2529 1122; x_wconf 82' lang='lat' dir='ltr'><strong>edictum</strong></span> 
     </span>
     <span class='ocr_line' id='line_1_8' title="bbox 481 1150 2584 1228; baseline 0.003 -18"><span class='ocrx_word' id='word_1_56' title='bbox 481 1171 599 1228; x_wconf 86' lang='lat' dir='ltr'><strong>quo</strong></span> <span class='ocrx_word' id='word_1_57' title='bbox 626 1152 761 1211; x_wconf 86' lang='lat' dir='ltr'><strong>Piso</strong></span> <span class='ocrx_word' id='word_1_58' title='bbox 800 1165 861 1210; x_wconf 90' lang='lat' dir='ltr'><strong>et</strong></span> <span class='ocrx_word' id='word_1_59' title='bbox 896 1150 1181 1212; x_wconf 79' lang='lat' dir='ltr'><strong>Gabinius</strong></span> <span class='ocrx_word' id='word_1_60' title='bbox 1217 1154 1481 1212; x_wconf 81' lang='lat' dir='ltr'><strong>consules</strong></span> <span class='ocrx_word' id='word_1_61' title='bbox 1531 1167 1790 1214; x_wconf 83' lang='lat' dir='ltr'><strong>senatum</strong></span> <span class='ocrx_word' id='word_1_62' title='bbox 1820 1153 1894 1214; x_wconf 85' lang='lat' dir='ltr'><strong>ad</strong></span> <span class='ocrx_word' id='word_1_63' title='bbox 1937 1175 2105 1214; x_wconf 82' lang='lat' dir='ltr'><strong>suum</strong></span> <span class='ocrx_word' id='word_1_64' title='bbox 2121 1159 2406 1216; x_wconf 79' lang='lat' dir='ltr'><strong>·vestitum</strong></span> <span class='ocrx_word' id='word_1_65' title='bbox 2435 1179 2535 1216; x_wconf 85' lang='lat' dir='ltr'><strong>re·</strong></span> <span class='ocrx_word' id='word_1_66' title='bbox 2579 1203 2584 1207; x_wconf 77' lang='lat'><em>-</em></span> 
     </span>
     <span class='ocr_line' id='line_1_9' title="bbox 482 1247 2534 1333; baseline 0.003 -27"><span class='ocrx_word' id='word_1_67' title='bbox 482 1247 607 1306; x_wconf 86' lang='lat' dir='ltr'><strong>dire</strong></span> <span class='ocrx_word' id='word_1_68' title='bbox 645 1249 955 1326; x_wconf 86' lang='lat' dir='ltr'><strong>jusserant.</strong></span> <span class='ocrx_word' id='word_1_69' title='bbox 978 1255 1049 1311; x_wconf 78' lang='lat' dir='ltr'><strong>ln</strong></span> <span class='ocrx_word' id='word_1_70' title='bbox 1070 1251 1273 1329; x_wconf 87' lang='lat' dir='ltr'><strong>primis</strong></span> <span class='ocrx_word' id='word_1_71' title='bbox 1302 1263 1495 1308; x_wconf 86' lang='lat' dir='ltr'><strong>autem</strong></span> <span class='ocrx_word' id='word_1_72' title='bbox 1533 1269 1636 1309; x_wconf 85' lang='lat' dir='ltr'><strong>eos</strong></span> <span class='ocrx_word' id='word_1_73' title='bbox 1669 1251 1992 1330; x_wconf 82' lang='lat' dir='ltr'><strong>vituperat,</strong></span> <span class='ocrx_word' id='word_1_74' title='bbox 2021 1254 2184 1331; x_wconf 88' lang='lat' dir='ltr'><strong>quod</strong></span> <span class='ocrx_word' id='word_1_75' title='bbox 2213 1256 2367 1333; x_wconf 78' lang='lat' dir='ltr'><strong>leges</strong></span> <span class='ocrx_word' id='word_1_76' title='bbox 2393 1255 2534 1313; x_wconf 78' lang='lat' dir='ltr'><strong>ferri</strong></span> 
     </span>
     <span class='ocr_line' id='line_1_10' title="bbox 480 1345 2531 1430; baseline 0.003 -26"><span class='ocrx_word' id='word_1_77' title='bbox 480 1347 635 1422; x_wconf 81' lang='lat' dir='ltr'><strong>passi</strong></span> <span class='ocrx_word' id='word_1_78' title='bbox 656 1345 803 1418; x_wconf 83' lang='lat' dir='ltr'><strong>sint,</strong></span> <span class='ocrx_word' id='word_1_79' title='bbox 832 1357 897 1404; x_wconf 91' lang='lat' dir='ltr'><strong>ut</strong></span> <span class='ocrx_word' id='word_1_80' title='bbox 918 1349 1009 1410; x_wconf 79' lang='lat' dir='ltr'><strong>lex</strong></span> <span class='ocrx_word' id='word_1_81' title='bbox 1030 1346 1177 1406; x_wconf 77' lang='lat' dir='ltr'><strong>AElia</strong></span> <span class='ocrx_word' id='word_1_82' title='bbox 1200 1345 1353 1426; x_wconf 86' lang='lat' dir='ltr'><strong>(qua</strong></span> <span class='ocrx_word' id='word_1_83' title='bbox 1370 1361 1604 1406; x_wconf 85' lang='lat' dir='ltr'><strong>cautum</strong></span> <span class='ocrx_word' id='word_1_84' title='bbox 1631 1360 1788 1421; x_wconf 82' lang='lat' dir='ltr'><strong>erat,</strong></span> <span class='ocrx_word' id='word_1_85' title='bbox 1811 1361 1879 1407; x_wconf 88' lang='lat' dir='ltr'><strong>ut</strong></span> <span class='ocrx_word' id='word_1_86' title='bbox 1905 1349 2132 1428; x_wconf 87' lang='lat' dir='ltr'><strong>quoties</strong></span> <span class='ocrx_word' id='word_1_87' title='bbox 2151 1369 2282 1410; x_wconf 88' lang='lat' dir='ltr'><strong>cum</strong></span> <span class='ocrx_word' id='word_1_88' title='bbox 2310 1353 2531 1430; x_wconf 81' lang='lat' dir='ltr'><strong>populo</strong></span> 
     </span>
     <span class='ocr_line' id='line_1_11' title="bbox 480 1442 2529 1520; baseline 0.002 -20"><span class='ocrx_word' id='word_1_89' title='bbox 480 1454 781 1520; x_wconf 80' lang='lat' dir='ltr'><strong>ageretur,</strong></span> <span class='ocrx_word' id='word_1_90' title='bbox 807 1461 1055 1520; x_wconf 79' lang='lat' dir='ltr'>augures</span> <span class='ocrx_word' id='word_1_91' title='bbox 1083 1442 1159 1501; x_wconf 89' lang='lat' dir='ltr'><strong>de</strong></span> <span class='ocrx_word' id='word_1_92' title='bbox 1184 1443 1329 1502; x_wconf 77' lang='lat' dir='ltr'><strong>eaelo</strong></span> <span class='ocrx_word' id='word_1_93' title='bbox 1352 1456 1652 1502; x_wconf 84' lang='lat' dir='ltr'><strong>servarent</strong></span> <span class='ocrx_word' id='word_1_94' title='bbox 1671 1487 1690 1517; x_wconf 92' lang='lat'><strong>,</strong></span> <span class='ocrx_word' id='word_1_95' title='bbox 1715 1442 2064 1504; x_wconf 76' lang='lat' dir='ltr'><strong>obnuntiare</strong></span> <span class='ocrx_word' id='word_1_96' title='bbox 2088 1447 2320 1520; x_wconf 81' lang='lat' dir='ltr'><strong>liceret,</strong></span> <span class='ocrx_word' id='word_1_97' title='bbox 2347 1459 2408 1506; x_wconf 89' lang='lat' dir='ltr'><strong>et</strong></span> <span class='ocrx_word' id='word_1_98' title='bbox 2434 1449 2529 1508; x_wconf 85' lang='lat' dir='ltr'><strong>in-</strong></span> 
     </span>
     <span class='ocr_line' id='line_1_12' title="bbox 482 1539 2530 1624; baseline 0.005 -28"><span class='ocrx_word' id='word_1_99' title='bbox 482 1539 777 1598; x_wconf 83' lang='lat' dir='ltr'><strong>tercedere</strong></span> <span class='ocrx_word' id='word_1_100' title='bbox 801 1541 1165 1617; x_wconf 74' lang='lat' dir='ltr'><strong>magistratus</strong></span> <span class='ocrx_word' id='word_1_101' title='bbox 1190 1541 1463 1620; x_wconf 87' lang='lat' dir='ltr'><strong>possent)</strong></span> <span class='ocrx_word' id='word_1_102' title='bbox 1488 1542 1746 1620; x_wconf 87' lang='lat' dir='ltr'><strong>itemque</strong></span> <span class='ocrx_word' id='word_1_103' title='bbox 1771 1543 1870 1600; x_wconf 70' lang='lat' dir='ltr'><strong>lex</strong></span> <span class='ocrx_word' id='word_1_104' title='bbox 1895 1545 2054 1602; x_wconf 78' lang='lat' dir='ltr'><strong>Fufia</strong></span> <span class='ocrx_word' id='word_1_105' title='bbox 2071 1543 2224 1624; x_wconf 85' lang='lat' dir='ltr'><strong>(qua</strong></span> <span class='ocrx_word' id='word_1_106' title='bbox 2250 1546 2530 1606; x_wconf 85' lang='lat' dir='ltr'><strong>sancitum</strong></span> 
     </span>
     <span class='ocr_line' id='line_1_13' title="bbox 478 1635 2528 1718; baseline 0.003 -24"><span class='ocrx_word' id='word_1_107' title='bbox 478 1645 609 1694; x_wconf 83' lang='lat' dir='ltr'><strong>erat</strong></span> <span class='ocrx_word' id='word_1_108' title='bbox 638 1654 715 1692; x_wconf 91' lang='lat' dir='ltr'><strong>ne</strong></span> <span class='ocrx_word' id='word_1_109' title='bbox 738 1635 1009 1695; x_wconf 84' lang='lat' dir='ltr'><strong>omnibus</strong></span> <span class='ocrx_word' id='word_1_110' title='bbox 1032 1635 1239 1695; x_wconf 87' lang='lat' dir='ltr'><strong>diebus</strong></span> <span class='ocrx_word' id='word_1_111' title='bbox 1262 1639 1422 1696; x_wconf 62' lang='lat' dir='ltr'><strong>fastis</strong></span> <span class='ocrx_word' id='word_1_112' title='bbox 1446 1639 1633 1717; x_wconf 76' lang='lat' dir='ltr'><strong>legem</strong></span> <span class='ocrx_word' id='word_1_113' title='bbox 1670 1639 1823 1696; x_wconf 82' lang='lat' dir='ltr'><strong>ferre</strong></span> <span class='ocrx_word' id='word_1_114' title='bbox 1858 1640 2060 1698; x_wconf 85' lang='lat' dir='ltr'><strong>liceret</strong></span> <span class='ocrx_word' id='word_1_115' title='bbox 2077 1638 2113 1718; x_wconf 90' lang='lat'>)</span> <span class='ocrx_word' id='word_1_116' title='bbox 2129 1660 2204 1700; x_wconf 87' lang='lat' dir='ltr'><strong>ne</strong></span> <span class='ocrx_word' id='word_1_117' title='bbox 2235 1643 2528 1712; x_wconf 74' lang='lat' dir='ltr'><strong>vaierent3</strong></span> 
     </span>
     <span class='ocr_line' id='line_1_14' title="bbox 480 1731 2528 1808; baseline 0.002 -20"><span class='ocrx_word' id='word_1_118' title='bbox 480 1749 667 1808; x_wconf 87' lang='lat' dir='ltr'><strong>eoque</strong></span> <span class='ocrx_word' id='word_1_119' title='bbox 700 1744 764 1788; x_wconf 86' lang='lat' dir='ltr'><strong>ut</strong></span> <span class='ocrx_word' id='word_1_120' title='bbox 794 1731 987 1790; x_wconf 82' lang='lat' dir='ltr'><strong>Clodii</strong></span> <span class='ocrx_word' id='word_1_121' title='bbox 1005 1733 1303 1798; x_wconf 83' lang='lat' dir='ltr'><strong>furoribus</strong></span> <span class='ocrx_word' id='word_1_122' title='bbox 1335 1732 1650 1793; x_wconf 79' lang='lat' dir='ltr'><strong>tribunitiis</strong></span> <span class='ocrx_word' id='word_1_123' title='bbox 1679 1753 1903 1794; x_wconf 80' lang='lat' dir='ltr'><strong>summa</strong></span> <span class='ocrx_word' id='word_1_124' title='bbox 1931 1737 2160 1794; x_wconf 76' lang='lat' dir='ltr'><strong>licentia</strong></span> <span class='ocrx_word' id='word_1_125' title='bbox 2184 1738 2528 1798; x_wconf 86' lang='lat' dir='ltr'><strong>concedere.</strong></span> 
     </span>
     <span class='ocr_line' id='line_1_15' title="bbox 482 1828 981 1906; baseline 0.006 -23"><span class='ocrx_word' id='word_1_126' title='bbox 482 1838 609 1898; x_wconf 87' lang='lat' dir='ltr'><strong>tur,</strong></span> <span class='ocrx_word' id='word_1_127' title='bbox 636 1847 767 1906; x_wconf 87' lang='lat' dir='ltr'><strong>cap.</strong></span> <span class='ocrx_word' id='word_1_128' title='bbox 802 1848 873 1900; x_wconf 86' lang='lat'><strong>7-</strong></span> <span class='ocrx_word' id='word_1_129' title='bbox 892 1828 981 1887; x_wconf 74' lang='lat'><strong>15.</strong></span> 
     </span>
    </p>

    <p class='ocr_par' dir='ltr' id='par_1_3' title="bbox 476 1910 2528 2203">
     <span class='ocr_line' id='line_1_16' title="bbox 554 1910 2528 2010; baseline 0.003 -26"><span class='ocrx_word' id='word_1_130' title='bbox 554 1928 683 1984; x_wconf 78' lang='lat' dir='ltr'><strong>Iam</strong></span> <span class='ocrx_word' id='word_1_131' title='bbox 709 1925 973 2004; x_wconf 79' lang='lat' dir='ltr'><strong>quamvis</strong></span> <span class='ocrx_word' id='word_1_132' title='bbox 998 1945 1091 1984; x_wconf 85' lang='lat' dir='ltr'><strong>res</strong></span> <span class='ocrx_word' id='word_1_133' title='bbox 1112 1937 1303 1986; x_wconf 84' lang='lat' dir='ltr'><strong>essent</strong></span> <span class='ocrx_word' id='word_1_134' title='bbox 1324 1925 1641 2004; x_wconf 74' lang='lat' dir='ltr'><strong>eiusmodi,</strong></span> <span class='ocrx_word' id='word_1_135' title='bbox 1667 1939 1732 1986; x_wconf 92' lang='lat' dir='ltr'><strong>ut</strong></span> <span class='ocrx_word' id='word_1_136' title='bbox 1745 1910 1978 1988; x_wconf 78' lang='lat' dir='ltr'><strong>senatus</strong></span> <span class='ocrx_word' id='word_1_137' title='bbox 1997 1949 2108 2008; x_wconf 87' lang='lat' dir='ltr'><strong>pro</strong></span> <span class='ocrx_word' id='word_1_138' title='bbox 2128 1929 2370 1990; x_wconf 86' lang='lat' dir='ltr'><strong>ducibus</strong></span> <span class='ocrx_word' id='word_1_139' title='bbox 2395 1952 2528 2010; x_wconf 83' lang='lat' dir='ltr'><strong>pm-</strong></span> 
     </span>
     <span class='ocr_line' id='line_1_17' title="bbox 476 2017 2527 2101; baseline 0.004 -23"><span class='ocrx_word' id='word_1_140' title='bbox 476 2017 695 2080; x_wconf 82' lang='lat' dir='ltr'><strong>ditores</strong></span> <span class='ocrx_word' id='word_1_141' title='bbox 722 2021 996 2097; x_wconf 78' lang='lat' dir='ltr'><strong>haberet,</strong></span> <span class='ocrx_word' id='word_1_142' title='bbox 1022 2035 1291 2101; x_wconf 71' lang='lat' dir='ltr'><strong>equester</strong></span> <span class='ocrx_word' id='word_1_143' title='bbox 1314 2021 1463 2082; x_wconf 86' lang='lat' dir='ltr'><strong>ordo</strong></span> <span class='ocrx_word' id='word_1_144' title='bbox 1488 2043 1524 2082; x_wconf 80' lang='lat' dir='ltr'><strong>a</strong></span> <span class='ocrx_word' id='word_1_145' title='bbox 1553 2024 1892 2084; x_wconf 82' lang='lat' dir='ltr'><strong>consulibus</strong></span> <span class='ocrx_word' id='word_1_146' title='bbox 1913 2045 2048 2085; x_wconf 83' lang='lat' dir='ltr'><strong>rcus</strong></span> <span class='ocrx_word' id='word_1_147' title='bbox 2071 2027 2376 2100; x_wconf 80' lang='lat' dir='ltr'><strong>citaretur,</strong></span> <span class='ocrx_word' id='word_1_148' title='bbox 2403 2033 2527 2088; x_wconf 88' lang='lat' dir='ltr'><strong>Ita-</strong></span> 
     </span>
     <span class='ocr_line' id='line_1_18' title="bbox 477 2118 2524 2203; baseline 0.002 -28"><span class='ocrx_word' id='word_1_149' title='bbox 477 2118 565 2176; x_wconf 63' lang='lat' dir='ltr'><strong>lia</strong></span> <span class='ocrx_word' id='word_1_150' title='bbox 590 2121 903 2180; x_wconf 76' lang='lat' dir='ltr'><strong>auctoritas</strong></span> <span class='ocrx_word' id='word_1_151' title='bbox 932 2119 1364 2200; x_wconf 83' lang='lat' dir='ltr'><strong>repudiaretur,</strong></span> <span class='ocrx_word' id='word_1_152' title='bbox 1395 2120 1494 2180; x_wconf 80' lang='lat' dir='ltr'><strong>alii</strong></span> <span class='ocrx_word' id='word_1_153' title='bbox 1525 2123 1862 2181; x_wconf 84' lang='lat' dir='ltr'><strong>nominatim</strong></span> <span class='ocrx_word' id='word_1_154' title='bbox 1897 2122 2290 2202; x_wconf 81' lang='lat' dir='ltr'><strong>relegarentur</strong></span> <span class='ocrx_word' id='word_1_155' title='bbox 2327 2121 2432 2203; x_wconf 89' lang='lat' dir='ltr'><strong>(ut</strong></span> <span class='ocrx_word' id='word_1_156' title='bbox 2459 2127 2524 2180; x_wconf 90' lang='lat' dir='ltr'><strong>L.</strong></span> 
     </span>
    </p>
   </div>
   <div class='ocr_carea' id='block_1_3' title="bbox 478 2215 2626 2297">
    <p class='ocr_par' dir='ltr' id='par_1_4' title="bbox 478 2215 2626 2297">
     <span class='ocr_line' id='line_1_19' title="bbox 478 2215 2626 2297; baseline 0.001 -21"><span class='ocrx_word' id='word_1_157' title='bbox 478 2215 751 2297; x_wconf 83' lang='lat' dir='ltr'><strong>Lamia),</strong></span> <span class='ocrx_word' id='word_1_158' title='bbox 776 2217 874 2276; x_wconf 81' lang='lat' dir='ltr'><strong>alii</strong></span> <span class='ocrx_word' id='word_1_159' title='bbox 913 2230 1071 2276; x_wconf 83' lang='lat' dir='ltr'><strong>metu</strong></span> <span class='ocrx_word' id='word_1_160' title='bbox 1093 2237 1163 2275; x_wconf 91' lang='lat' dir='ltr'><strong>ac</strong></span> <span class='ocrx_word' id='word_1_161' title='bbox 1186 2217 1451 2295; x_wconf 87' lang='lat' dir='ltr'><strong>periculo</strong></span> <span class='ocrx_word' id='word_1_162' title='bbox 1480 2230 1870 2290; x_wconf 60' lang='lat' dir='ltr'><strong>terrerentur-,3</strong></span> <span class='ocrx_word' id='word_1_163' title='bbox 1899 2237 2058 2277; x_wconf 84' lang='lat' dir='ltr'><strong>arma</strong></span> <span class='ocrx_word' id='word_1_164' title='bbox 2085 2232 2274 2277; x_wconf 87' lang='lat' dir='ltr'><strong>essent</strong></span> <span class='ocrx_word' id='word_1_165' title='bbox 2299 2220 2360 2276; x_wconf 88' lang='lat' dir='ltr'><strong>in</strong></span> <span class='ocrx_word' id='word_1_166' title='bbox 2385 2233 2528 2278; x_wconf 90' lang='lat' dir='ltr'><strong>tem·</strong></span> <span class='ocrx_word' id='word_1_167' title='bbox 2619 2221 2626 2227; x_wconf 75' lang='grc'><strong><em>’</em></strong></span> 
     </span>
    </p>
   </div>
   <div class='ocr_carea' id='block_1_4' title="bbox 473 2313 2526 3938">
    <p class='ocr_par' dir='ltr' id='par_1_5' title="bbox 473 2313 2526 3938">
     <span class='ocr_line' id='line_1_20' title="bbox 476 2313 2525 2395; baseline -0.001 -21"><span class='ocrx_word' id='word_1_168' title='bbox 476 2315 618 2395; x_wconf 81' lang='lat' dir='ltr'><strong>plis,</strong></span> <span class='ocrx_word' id='word_1_169' title='bbox 639 2314 845 2373; x_wconf 88' lang='lat' dir='ltr'><strong>armati</strong></span> <span class='ocrx_word' id='word_1_170' title='bbox 866 2316 929 2374; x_wconf 92' lang='lat' dir='ltr'><strong>in</strong></span> <span class='ocrx_word' id='word_1_171' title='bbox 950 2314 1081 2373; x_wconf 71' lang='lat' dir='ltr'><strong>foro</strong></span> <span class='ocrx_word' id='word_1_172' title='bbox 1106 2335 1123 2372; x_wconf 80' lang='lat' dir='ltr'><strong><em>z</em></strong></span> <span class='ocrx_word' id='word_1_173' title='bbox 1148 2327 1339 2373; x_wconf 85' lang='lat' dir='ltr'><strong>tamen</strong></span> <span class='ocrx_word' id='word_1_174' title='bbox 1363 2314 1424 2371; x_wconf 87' lang='lat' dir='ltr'><strong>in</strong></span> <span class='ocrx_word' id='word_1_175' title='bbox 1451 2325 1614 2373; x_wconf 86' lang='lat' dir='ltr'><strong>tanto</strong></span> <span class='ocrx_word' id='word_1_176' title='bbox 1631 2313 1923 2373; x_wconf 86' lang='lat' dir='ltr'><strong>bonorum</strong></span> <span class='ocrx_word' id='word_1_177' title='bbox 1941 2313 2138 2373; x_wconf 85' lang='lat' dir='ltr'><strong>studio</strong></span> <span class='ocrx_word' id='word_1_178' title='bbox 2165 2315 2336 2373; x_wconf 84' lang='lat' dir='ltr'><strong>tantis</strong></span> <span class='ocrx_word' id='word_1_179' title='bbox 2359 2315 2525 2375; x_wconf 75' lang='lat' dir='ltr'><strong>maiis</strong></span> 
     </span>
     <span class='ocr_line' id='line_1_21' title="bbox 478 2409 2522 2491; baseline -0 -19"><span class='ocrx_word' id='word_1_180' title='bbox 478 2414 685 2472; x_wconf 85' lang='lat' dir='ltr'><strong>Cicero</strong></span> <span class='ocrx_word' id='word_1_181' title='bbox 706 2410 833 2491; x_wconf 88' lang='lat' dir='ltr'><strong>(sic</strong></span> <span class='ocrx_word' id='word_1_182' title='bbox 860 2412 1015 2471; x_wconf 85' lang='lat' dir='ltr'><strong>enim</strong></span> <span class='ocrx_word' id='word_1_183' title='bbox 1038 2410 1387 2489; x_wconf 81' lang='lat' dir='ltr'><strong>persuadere</strong></span> <span class='ocrx_word' id='word_1_184' title='bbox 1414 2410 1485 2469; x_wconf 87' lang='lat' dir='ltr'><strong>iis</strong></span> <span class='ocrx_word' id='word_1_185' title='bbox 1502 2454 1522 2483; x_wconf 88' lang='lat'><strong>,</strong></span> <span class='ocrx_word' id='word_1_186' title='bbox 1549 2412 1652 2489; x_wconf 83' lang='lat' dir='ltr'><strong>qui</strong></span> <span class='ocrx_word' id='word_1_187' title='bbox 1673 2409 1990 2469; x_wconf 75' lang='lat' dir='ltr'><strong>audiebant</strong></span> <span class='ocrx_word' id='word_1_188' title='bbox 2005 2454 2022 2482; x_wconf 94' lang='lat'><strong>,</strong></span> <span class='ocrx_word' id='word_1_189' title='bbox 2053 2411 2310 2491; x_wconf 73' lang='lat' dir='ltr'><strong>voluit),</strong></span> <span class='ocrx_word' id='word_1_190' title='bbox 2351 2414 2522 2471; x_wconf 87' lang='lat' dir='ltr'><strong>resti-</strong></span> 
     </span>
     <span class='ocr_line' id='line_1_22' title="bbox 478 2508 2524 2588; baseline -0 -18"><span class='ocrx_word' id='word_1_191' title='bbox 478 2510 664 2584; x_wconf 84' lang='lat' dir='ltr'><strong>tisset,</strong></span> <span class='ocrx_word' id='word_1_192' title='bbox 694 2510 805 2569; x_wconf 85' lang='lat' dir='ltr'><strong>nisi</strong></span> <span class='ocrx_word' id='word_1_193' title='bbox 828 2528 963 2569; x_wconf 89' lang='lat' dir='ltr'><strong>eum</strong></span> <span class='ocrx_word' id='word_1_194' title='bbox 990 2510 1089 2568; x_wconf 86' lang='lat' dir='ltr'><strong>alii</strong></span> <span class='ocrx_word' id='word_1_195' title='bbox 1116 2520 1303 2567; x_wconf 80' lang='lat' dir='ltr'><strong>metus</strong></span> <span class='ocrx_word' id='word_1_196' title='bbox 1324 2551 1345 2580; x_wconf 89' lang='lat'><strong>,</strong></span> <span class='ocrx_word' id='word_1_197' title='bbox 1372 2508 1500 2567; x_wconf 77' lang='lat' dir='ltr'><strong>aliae</strong></span> <span class='ocrx_word' id='word_1_198' title='bbox 1527 2528 1682 2568; x_wconf 69' lang='lat' dir='ltr'><strong>curte</strong></span> <span class='ocrx_word' id='word_1_199' title='bbox 1711 2522 1884 2586; x_wconf 79' lang='lat' dir='ltr'><strong>atque</strong></span> <span class='ocrx_word' id='word_1_200' title='bbox 1907 2508 2262 2588; x_wconf 78' lang='lat' dir='ltr'><strong>suspiciones</strong></span> <span class='ocrx_word' id='word_1_201' title='bbox 2305 2511 2524 2570; x_wconf 84' lang='lat' dir='ltr'><strong>movis-</strong></span> 
     </span>
     <span class='ocr_line' id='line_1_23' title="bbox 475 2604 2522 2686; baseline 0 -20"><span class='ocrx_word' id='word_1_202' title='bbox 475 2620 605 2667; x_wconf 81' lang='lat' dir='ltr'><strong>sent</strong></span> <span class='ocrx_word' id='word_1_203' title='bbox 626 2651 645 2681; x_wconf 93' lang='lat'>‚</span> <span class='ocrx_word' id='word_1_204' title='bbox 680 2620 741 2665; x_wconf 86' lang='lat' dir='ltr'><strong>ut</strong></span> <span class='ocrx_word' id='word_1_205' title='bbox 768 2607 905 2686; x_wconf 81' lang='lat' dir='ltr'><strong>fuga</strong></span> <span class='ocrx_word' id='word_1_206' title='bbox 930 2626 993 2665; x_wconf 86' lang='lat' dir='ltr'><strong>se</strong></span> <span class='ocrx_word' id='word_1_207' title='bbox 1026 2606 1378 2665; x_wconf 85' lang='lat' dir='ltr'><strong>dimicationi</strong></span> <span class='ocrx_word' id='word_1_208' title='bbox 1408 2604 1796 2665; x_wconf 82' lang='lat' dir='ltr'><strong>subtraheret.</strong></span> <span class='ocrx_word' id='word_1_209' title='bbox 1825 2606 1960 2665; x_wconf 86' lang='lat' dir='ltr'><strong>Non</strong></span> <span class='ocrx_word' id='word_1_210' title='bbox 1987 2604 2140 2665; x_wconf 83' lang='lat' dir='ltr'><strong>enim</strong></span> <span class='ocrx_word' id='word_1_211' title='bbox 2174 2626 2237 2665; x_wconf 86' lang='lat' dir='ltr'><strong>se</strong></span> <span class='ocrx_word' id='word_1_212' title='bbox 2273 2607 2522 2667; x_wconf 79' lang='lat' dir='ltr'><strong>veritum</strong></span> 
     </span>
     <span class='ocr_line' id='line_1_24' title="bbox 478 2690 2525 2781; baseline -0 -16"><span class='ocrx_word' id='word_1_213' title='bbox 478 2724 603 2765; x_wconf 85' lang='lat' dir='ltr'><strong>esse</strong></span> <span class='ocrx_word' id='word_1_214' title='bbox 619 2747 636 2778; x_wconf 91' lang='lat'><strong>,</strong></span> <span class='ocrx_word' id='word_1_215' title='bbox 665 2705 715 2763; x_wconf 88' lang='lat' dir='ltr'><strong>si</strong></span> <span class='ocrx_word' id='word_1_216' title='bbox 742 2704 903 2781; x_wconf 86' lang='lat' dir='ltr'><strong>quod</strong></span> <span class='ocrx_word' id='word_1_217' title='bbox 928 2703 1095 2771; x_wconf 74' lang='lat' dir='ltr'><strong>=facile</strong></span> <span class='ocrx_word' id='word_1_218' title='bbox 1119 2704 1275 2761; x_wconf 85' lang='lat' dir='ltr'><strong>factu</strong></span> <span class='ocrx_word' id='word_1_219' title='bbox 1300 2703 1475 2763; x_wconf 85' lang='lat' dir='ltr'><strong>fuerit</strong></span> <span class='ocrx_word' id='word_1_220' title='bbox 1489 2742 1512 2771; x_wconf 89' lang='lat'><strong>,</strong></span> <span class='ocrx_word' id='word_1_221' title='bbox 1530 2715 1590 2761; x_wconf 91' lang='lat' dir='ltr'><strong>et</strong></span> <span class='ocrx_word' id='word_1_222' title='bbox 1617 2702 1776 2781; x_wconf 85' lang='lat' dir='ltr'><strong>quod</strong></span> <span class='ocrx_word' id='word_1_223' title='bbox 1798 2690 1924 2761; x_wconf 76' lang='lat' dir='ltr'><strong>fieri</strong></span> <span class='ocrx_word' id='word_1_224' title='bbox 1952 2702 2240 2776; x_wconf 81' lang='lat' dir='ltr'><strong>debuerit,</strong></span> <span class='ocrx_word' id='word_1_225' title='bbox 2259 2704 2525 2764; x_wconf 85' lang='lat' dir='ltr'><strong>inimicos</strong></span> 
     </span>
     <span class='ocr_line' id='line_1_25' title="bbox 476 2800 2526 2879; baseline -0.001 -18"><span class='ocrx_word' id='word_1_226' title='bbox 476 2822 613 2861; x_wconf 83' lang='lat' dir='ltr'><strong>suos</strong></span> <span class='ocrx_word' id='word_1_227' title='bbox 630 2801 691 2859; x_wconf 76' lang='lat' dir='ltr'><strong>vi</strong></span> <span class='ocrx_word' id='word_1_228' title='bbox 712 2802 1003 2879; x_wconf 82' lang='lat' dir='ltr'><strong>armisque</strong></span> <span class='ocrx_word' id='word_1_229' title='bbox 1018 2814 1367 2879; x_wconf 81' lang='lat' dir='ltr'><strong>superasset,</strong></span> <span class='ocrx_word' id='word_1_230' title='bbox 1382 2820 1455 2858; x_wconf 90' lang='lat' dir='ltr'><strong>ne</strong></span> <span class='ocrx_word' id='word_1_231' title='bbox 1468 2800 1600 2877; x_wconf 75' lang='lat' dir='ltr'><strong>quis</strong></span> <span class='ocrx_word' id='word_1_232' title='bbox 1619 2812 1723 2859; x_wconf 86' lang='lat' dir='ltr'><strong>aut</strong></span> <span class='ocrx_word' id='word_1_233' title='bbox 1737 2800 1852 2857; x_wconf 79' lang='lat' dir='ltr'><strong>vim</strong></span> <span class='ocrx_word' id='word_1_234' title='bbox 1871 2800 1934 2859; x_wconf 74' lang='lat' dir='ltr'><strong>vi</strong></span> <span class='ocrx_word' id='word_1_235' title='bbox 1958 2801 2184 2879; x_wconf 86' lang='lat' dir='ltr'><strong>pulsam</strong></span> <span class='ocrx_word' id='word_1_236' title='bbox 2212 2801 2526 2878; x_wconf 88' lang='lat' dir='ltr'><strong>reprehen-</strong></span> 
     </span>
     <span class='ocr_line' id='line_1_26' title="bbox 475 2894 2522 2977; baseline -0 -20"><span class='ocrx_word' id='word_1_237' title='bbox 475 2898 671 2969; x_wconf 84' lang='lat' dir='ltr'><strong>deret,</strong></span> <span class='ocrx_word' id='word_1_238' title='bbox 692 2910 794 2957; x_wconf 85' lang='lat' dir='ltr'><strong>aut</strong></span> <span class='ocrx_word' id='word_1_239' title='bbox 814 2896 1178 2977; x_wconf 84' lang='lat' dir='ltr'><strong>perditorum</strong></span> <span class='ocrx_word' id='word_1_240' title='bbox 1206 2897 1413 2955; x_wconf 79' lang='lat' dir='ltr'><strong>civium</strong></span> <span class='ocrx_word' id='word_1_241' title='bbox 1426 2940 1445 2969; x_wconf 86' lang='lat'><em>‚</em></span> <span class='ocrx_word' id='word_1_242' title='bbox 1465 2897 1558 2955; x_wconf 86' lang='lat' dir='ltr'><strong>vel</strong></span> <span class='ocrx_word' id='word_1_243' title='bbox 1578 2897 1772 2976; x_wconf 86' lang='lat' dir='ltr'><strong>potius</strong></span> <span class='ocrx_word' id='word_1_244' title='bbox 1797 2894 2247 2959; x_wconf 83' lang='lat' dir='ltr'><strong>domesticorum</strong></span> <span class='ocrx_word' id='word_1_245' title='bbox 2269 2898 2522 2957; x_wconf 73' lang='lat' dir='ltr'><strong>hostium</strong></span> 
     </span>
     <span class='ocr_line' id='line_1_27' title="bbox 478 2994 2525 3073; baseline 0 -20"><span class='ocrx_word' id='word_1_246' title='bbox 478 3008 725 3055; x_wconf 85' lang='lat' dir='ltr'><strong>mortem</strong></span> <span class='ocrx_word' id='word_1_247' title='bbox 758 3006 1044 3055; x_wconf 81' lang='lat' dir='ltr'><strong>moereret.</strong></span> <span class='ocrx_word' id='word_1_248' title='bbox 1078 2994 1195 3055; x_wconf 85' lang='lat' dir='ltr'><strong>Sed</strong></span> <span class='ocrx_word' id='word_1_249' title='bbox 1229 2994 1343 3052; x_wconf 92' lang='lat' dir='ltr'><strong>hoc</strong></span> <span class='ocrx_word' id='word_1_250' title='bbox 1370 2994 1734 3073; x_wconf 81' lang='lat' dir='ltr'><strong>potissimum</strong></span> <span class='ocrx_word' id='word_1_251' title='bbox 1765 3011 1888 3052; x_wconf 86' lang='lat' dir='ltr'><strong>esse</strong></span> <span class='ocrx_word' id='word_1_252' title='bbox 1926 3006 2280 3051; x_wconf 84' lang='lat' dir='ltr'><strong>commotum</strong></span> <span class='ocrx_word' id='word_1_253' title='bbox 2300 3038 2318 3066; x_wconf 89' lang='lat'>‚</span> <span class='ocrx_word' id='word_1_254' title='bbox 2364 2996 2525 3071; x_wconf 89' lang='lat' dir='ltr'><strong>quod</strong></span> 
     </span>
     <span class='ocr_line' id='line_1_28' title="bbox 474 3089 2518 3171; baseline -0 -20"><span class='ocrx_word' id='word_1_255' title='bbox 474 3092 585 3151; x_wconf 85' lang='lat' dir='ltr'><strong>sibi</strong></span> <span class='ocrx_word' id='word_1_256' title='bbox 604 3092 945 3171; x_wconf 89' lang='lat' dir='ltr'><strong>Pompeium</strong></span> <span class='ocrx_word' id='word_1_257' title='bbox 962 3134 979 3163; x_wconf 94' lang='lat'><strong>,</strong></span> <span class='ocrx_word' id='word_1_258' title='bbox 1008 3094 1279 3151; x_wconf 82' lang='lat' dir='ltr'><strong>Crassum</strong></span> <span class='ocrx_word' id='word_1_259' title='bbox 1296 3134 1315 3165; x_wconf 92' lang='lat'><strong>,</strong></span> <span class='ocrx_word' id='word_1_260' title='bbox 1343 3092 1628 3150; x_wconf 74' lang='lat' dir='ltr'><strong>Caesarem</strong></span> <span class='ocrx_word' id='word_1_261' title='bbox 1656 3089 1894 3149; x_wconf 86' lang='lat' dir='ltr'><strong>Clodius</strong></span> <span class='ocrx_word' id='word_1_262' title='bbox 1915 3090 2180 3147; x_wconf 82' lang='lat' dir='ltr'><strong>inimicos</strong></span> <span class='ocrx_word' id='word_1_263' title='bbox 2208 3108 2331 3147; x_wconf 87' lang='lat' dir='ltr'><strong>esse</strong></span> <span class='ocrx_word' id='word_1_264' title='bbox 2355 3089 2518 3151; x_wconf 90' lang='lat' dir='ltr'><strong>dice-</strong></span> 
     </span>
     <span class='ocr_line' id='line_1_29' title="bbox 477 3184 2524 3267; baseline -0 -20"><span class='ocrx_word' id='word_1_265' title='bbox 477 3202 591 3262; x_wconf 88' lang='lat' dir='ltr'><strong>ret,</strong></span> <span class='ocrx_word' id='word_1_266' title='bbox 606 3190 785 3267; x_wconf 80' lang='lat' dir='ltr'><strong>hique</strong></span> <span class='ocrx_word' id='word_1_267' title='bbox 804 3188 1194 3247; x_wconf 83' lang='lat' dir='ltr'><strong>taciturnitate</strong></span> <span class='ocrx_word' id='word_1_268' title='bbox 1214 3208 1323 3247; x_wconf 84' lang='lat' dir='ltr'><strong>sua</strong></span> <span class='ocrx_word' id='word_1_269' title='bbox 1339 3204 1546 3245; x_wconf 79' lang='lat' dir='ltr'><strong>vanam</strong></span> <span class='ocrx_word' id='word_1_270' title='bbox 1575 3188 1734 3246; x_wconf 77' lang='lat' dir='ltr'><strong>illam</strong></span> <span class='ocrx_word' id='word_1_271' title='bbox 1752 3184 2074 3245; x_wconf 74' lang='lat' dir='ltr'><strong>orationem</strong></span> <span class='ocrx_word' id='word_1_272' title='bbox 2097 3188 2158 3243; x_wconf 90' lang='lat' dir='ltr'><strong>in</strong></span> <span class='ocrx_word' id='word_1_273' title='bbox 2179 3206 2240 3245; x_wconf 87' lang='lat' dir='ltr'><strong>se</strong></span> <span class='ocrx_word' id='word_1_274' title='bbox 2255 3186 2524 3265; x_wconf 90' lang='lat' dir='ltr'><strong>improbe</strong></span> 
     </span>
     <span class='ocr_line' id='line_1_30' title="bbox 474 3284 2526 3365; baseline 0 -20"><span class='ocrx_word' id='word_1_275' title='bbox 474 3287 795 3365; x_wconf 83' lang='lat' dir='ltr'><strong>conjectam</strong></span> <span class='ocrx_word' id='word_1_276' title='bbox 820 3288 1163 3345; x_wconf 80' lang='lat' dir='ltr'><strong>confirmare</strong></span> <span class='ocrx_word' id='word_1_277' title='bbox 1195 3284 1565 3358; x_wconf 83' lang='lat' dir='ltr'><strong>viderentur,</strong></span> <span class='ocrx_word' id='word_1_278' title='bbox 1609 3304 1736 3363; x_wconf 84' lang='lat' dir='ltr'><strong>cap.</strong></span> <span class='ocrx_word' id='word_1_279' title='bbox 1773 3284 1962 3342; x_wconf 70' lang='lat'><strong>26-18.</strong></span> <span class='ocrx_word' id='word_1_280' title='bbox 2008 3290 2214 3363; x_wconf 86' lang='lat' dir='ltr'><strong>Itaque</strong></span> <span class='ocrx_word' id='word_1_281' title='bbox 2239 3285 2288 3342; x_wconf 84' lang='lat' dir='ltr'><strong>si</strong></span> <span class='ocrx_word' id='word_1_282' title='bbox 2322 3300 2526 3345; x_wconf 86' lang='lat' dir='ltr'><strong>eontra</strong></span> 
     </span>
     <span class='ocr_line' id='line_1_31' title="bbox 478 3378 2525 3463; baseline -0 -20"><span class='ocrx_word' id='word_1_283' title='bbox 478 3384 776 3443; x_wconf 82' lang='lat' dir='ltr'><strong>tribunum</strong></span> <span class='ocrx_word' id='word_1_284' title='bbox 803 3383 988 3463; x_wconf 84' lang='lat' dir='ltr'><strong>plebis</strong></span> <span class='ocrx_word' id='word_1_285' title='bbox 1018 3384 1281 3463; x_wconf 83' lang='lat' dir='ltr'><strong>privatus</strong></span> <span class='ocrx_word' id='word_1_286' title='bbox 1312 3382 1485 3441; x_wconf 72' lang='lat' dir='ltr'><strong>annis</strong></span> <span class='ocrx_word' id='word_1_287' title='bbox 1516 3382 1868 3441; x_wconf 85' lang='lat' dir='ltr'><strong>contendere</strong></span> <span class='ocrx_word' id='word_1_288' title='bbox 1899 3382 2176 3441; x_wconf 75' lang='lat' dir='ltr'><strong>voluisset</strong></span> <span class='ocrx_word' id='word_1_289' title='bbox 2199 3425 2216 3454; x_wconf 91' lang='lat'>‚</span> <span class='ocrx_word' id='word_1_290' title='bbox 2259 3396 2316 3440; x_wconf 87' lang='lat' dir='ltr'><strong>et</strong></span> <span class='ocrx_word' id='word_1_291' title='bbox 2351 3378 2400 3440; x_wconf 88' lang='lat' dir='ltr'><strong>si</strong></span> <span class='ocrx_word' id='word_1_292' title='bbox 2430 3384 2525 3442; x_wconf 91' lang='lat' dir='ltr'><strong>in-</strong></span> 
     </span>
     <span class='ocr_line' id='line_1_32' title="bbox 478 3478 2518 3563; baseline -0 -23"><span class='ocrx_word' id='word_1_293' title='bbox 478 3482 747 3541; x_wconf 84' lang='lat' dir='ltr'><strong>terfectus</strong></span> <span class='ocrx_word' id='word_1_294' title='bbox 774 3494 925 3541; x_wconf 89' lang='lat' dir='ltr'><strong>esset</strong></span> <span class='ocrx_word' id='word_1_295' title='bbox 964 3480 1229 3563; x_wconf 77' lang='lat' dir='ltr'><strong>Clodius,</strong></span> <span class='ocrx_word' id='word_1_296' title='bbox 1264 3478 1508 3538; x_wconf 69' lang='lat' dir='ltr'><strong>dubium</strong></span> <span class='ocrx_word' id='word_1_297' title='bbox 1553 3498 1670 3537; x_wconf 83' lang='lat' dir='ltr'><strong>non</strong></span> <span class='ocrx_word' id='word_1_298' title='bbox 1715 3479 1920 3550; x_wconf 82' lang='lat' dir='ltr'><strong>fuisse,</strong></span> <span class='ocrx_word' id='word_1_299' title='bbox 1967 3478 2110 3557; x_wconf 85' lang='lat' dir='ltr'><strong>quin</strong></span> <span class='ocrx_word' id='word_1_300' title='bbox 2152 3479 2250 3537; x_wconf 84' lang='lat' dir='ltr'><strong>ine</strong></span> <span class='ocrx_word' id='word_1_301' title='bbox 2287 3482 2518 3557; x_wconf 84' lang='lat' dir='ltr'><strong>sanguis</strong></span> 
     </span>
     <span class='ocr_line' id='line_1_33' title="bbox 480 3574 2522 3639; baseline 0 -2"><span class='ocrx_word' id='word_1_302' title='bbox 480 3577 807 3639; x_wconf 85' lang='lat' dir='ltr'><strong>tribunitius</strong></span> <span class='ocrx_word' id='word_1_303' title='bbox 840 3579 1105 3637; x_wconf 76' lang='lat' dir='ltr'><strong>consules</strong></span> <span class='ocrx_word' id='word_1_304' title='bbox 1132 3578 1349 3635; x_wconf 82' lang='lat' dir='ltr'><strong>ultores</strong></span> <span class='ocrx_word' id='word_1_305' title='bbox 1376 3588 1436 3634; x_wconf 82' lang='lat' dir='ltr'><strong>et</strong></span> <span class='ocrx_word' id='word_1_306' title='bbox 1466 3574 1800 3634; x_wconf 82' lang='lat' dir='ltr'><strong>defensores</strong></span> <span class='ocrx_word' id='word_1_307' title='bbox 1827 3588 1975 3635; x_wconf 81' lang='lat' dir='ltr'><strong>esset</strong></span> <span class='ocrx_word' id='word_1_308' title='bbox 2001 3575 2325 3635; x_wconf 82' lang='lat' dir='ltr'><strong>habiturus.</strong></span> <span class='ocrx_word' id='word_1_309' title='bbox 2358 3580 2522 3637; x_wconf 82' lang='lat' dir='ltr'><strong>Hanc</strong></span> 
     </span>
     <span class='ocr_line' id='line_1_34' title="bbox 474 3671 2524 3751; baseline 0.001 -20"><span class='ocrx_word' id='word_1_310' title='bbox 474 3694 621 3733; x_wconf 76' lang='lat' dir='ltr'><strong>vero</strong></span> <span class='ocrx_word' id='word_1_311' title='bbox 644 3676 881 3735; x_wconf 78' lang='lat' dir='ltr'><strong>alteram</strong></span> <span class='ocrx_word' id='word_1_312' title='bbox 917 3673 1345 3733; x_wconf 82' lang='lat' dir='ltr'><strong>contentionem</strong></span> <span class='ocrx_word' id='word_1_313' title='bbox 1374 3671 1660 3749; x_wconf 74' lang='lat' dir='ltr'><strong>ejusmodi</strong></span> <span class='ocrx_word' id='word_1_314' title='bbox 1699 3672 1955 3731; x_wconf 84' lang='lat' dir='ltr'><strong>futuram·</strong></span> <span class='ocrx_word' id='word_1_315' title='bbox 1991 3672 2192 3744; x_wconf 80' lang='lat' dir='ltr'><strong>fuisse,</strong></span> <span class='ocrx_word' id='word_1_316' title='bbox 2235 3686 2302 3731; x_wconf 90' lang='lat' dir='ltr'><strong>ut</strong></span> <span class='ocrx_word' id='word_1_317' title='bbox 2335 3692 2524 3751; x_wconf 88' lang='lat' dir='ltr'><strong>neque</strong></span> 
     </span>
     <span class='ocr_line' id='line_1_35' title="bbox 473 3754 2522 3850; baseline -0.001 -21"><span class='ocrx_word' id='word_1_318' title='bbox 473 3772 693 3847; x_wconf 79' lang='lat' dir='ltr'><strong>victus,</strong></span> <span class='ocrx_word' id='word_1_319' title='bbox 718 3792 911 3850; x_wconf 89' lang='lat' dir='ltr'><strong>neque</strong></span> <span class='ocrx_word' id='word_1_320' title='bbox 940 3772 1129 3830; x_wconf 62' lang='lat' dir='ltr'><strong>victor</strong></span> <span class='ocrx_word' id='word_1_321' title='bbox 1157 3767 1572 3847; x_wconf 81' lang='lat' dir='ltr'><strong>rempublicam</strong></span> <span class='ocrx_word' id='word_1_322' title='bbox 1604 3782 1800 3828; x_wconf 86' lang='lat' dir='ltr'><strong>tenere</strong></span> <span class='ocrx_word' id='word_1_323' title='bbox 1825 3754 2034 3847; x_wconf 84' lang='lat' dir='ltr'><strong>posset.</strong></span> <span class='ocrx_word' id='word_1_324' title='bbox 2072 3774 2142 3828; x_wconf 88' lang='lat' dir='ltr'><strong>In</strong></span> <span class='ocrx_word' id='word_1_325' title='bbox 2171 3770 2358 3847; x_wconf 86' lang='lat' dir='ltr'><strong>prima</strong></span> <span class='ocrx_word' id='word_1_326' title='bbox 2383 3788 2522 3828; x_wconf 87' lang='lat' dir='ltr'><strong>eon-</strong></span> 
     </span>
     <span class='ocr_line' id='line_1_36' title="bbox 476 3865 2520 3938; baseline -0.001 -11"><span class='ocrx_word' id='word_1_327' title='bbox 476 3870 733 3928; x_wconf 81' lang='lat' dir='ltr'><strong>tentione</strong></span> <span class='ocrx_word' id='word_1_328' title='bbox 772 3882 969 3929; x_wconf 86' lang='lat' dir='ltr'><strong>autem</strong></span> <span class='ocrx_word' id='word_1_329' title='bbox 1001 3888 1133 3929; x_wconf 89' lang='lat' dir='ltr'><strong>cum</strong></span> <span class='ocrx_word' id='word_1_330' title='bbox 1178 3866 1417 3938; x_wconf 80' lang='lat' dir='ltr'><strong>Clodio,</strong></span> <span class='ocrx_word' id='word_1_331' title='bbox 1444 3868 1494 3927; x_wconf 85' lang='lat' dir='ltr'><strong>si</strong></span> <span class='ocrx_word' id='word_1_332' title='bbox 1527 3867 1584 3924; x_wconf 84' lang='lat' dir='ltr'><strong>vi</strong></span> <span class='ocrx_word' id='word_1_333' title='bbox 1613 3865 1910 3925; x_wconf 82' lang='lat' dir='ltr'><strong>tribunitia</strong></span> <span class='ocrx_word' id='word_1_334' title='bbox 1937 3867 2123 3925; x_wconf 80' lang='lat' dir='ltr'><strong>victus</strong></span> <span class='ocrx_word' id='word_1_335' title='bbox 2144 3867 2202 3923; x_wconf 89' lang='lat' dir='ltr'><strong>in</strong></span> <span class='ocrx_word' id='word_1_336' title='bbox 2235 3866 2364 3923; x_wconf 81' lang='lat' dir='ltr'><strong>foro</strong></span> <span class='ocrx_word' id='word_1_337' title='bbox 2391 3887 2520 3925; x_wconf 90' lang='lat' dir='ltr'><strong>cum</strong></span> 
     </span>
    </p>
   </div>
   <div class='ocr_carea' id='block_1_5' title="bbox 363 3961 2523 4042">
    <p class='ocr_par' dir='ltr' id='par_1_6' title="bbox 363 3961 2523 4042">
     <span class='ocr_line' id='line_1_37' title="bbox 363 3961 2523 4042; baseline -0.002 -17"><span class='ocrx_word' id='word_1_338' title='bbox 363 3994 373 4002; x_wconf 94' lang='lat'><em>·</em></span> <span class='ocrx_word' id='word_1_339' title='bbox 476 3966 669 4025; x_wconf 74' lang='lat' dir='ltr'><strong>multis</strong></span> <span class='ocrx_word' id='word_1_340' title='bbox 702 3968 847 4025; x_wconf 75' lang='lat' dir='ltr'><strong>viris</strong></span> <span class='ocrx_word' id='word_1_341' title='bbox 880 3966 1051 4025; x_wconf 86' lang='lat' dir='ltr'><strong>bonis</strong></span> <span class='ocrx_word' id='word_1_342' title='bbox 1094 3964 1465 4032; x_wconf 86' lang='lat' dir='ltr'><strong>concidisset,</strong></span> <span class='ocrx_word' id='word_1_343' title='bbox 1507 3978 1696 4021; x_wconf 87' lang='lat' dir='ltr'><strong>tamen</strong></span> <span class='ocrx_word' id='word_1_344' title='bbox 1732 3965 1852 4021; x_wconf 83' lang='lat' dir='ltr'><strong>sive</strong></span> <span class='ocrx_word' id='word_1_345' title='bbox 1889 3963 2169 4042; x_wconf 89' lang='lat' dir='ltr'><strong>improbi,</strong></span> <span class='ocrx_word' id='word_1_346' title='bbox 2215 3962 2338 4021; x_wconf 80' lang='lat' dir='ltr'><strong>sive</strong></span> <span class='ocrx_word' id='word_1_347' title='bbox 2381 3961 2523 4022; x_wconf 88' lang='lat' dir='ltr'><strong>boni</strong></span> 
     </span>
    </p>
   </div>
   <div class='ocr_carea' id='block_1_6' title="bbox 475 4060 2522 4237">
    <p class='ocr_par' dir='ltr' id='par_1_7' title="bbox 475 4060 2522 4237">
     <span class='ocr_line' id='line_1_38' title="bbox 478 4060 2520 4137; baseline 0 -18"><span class='ocrx_word' id='word_1_348' title='bbox 478 4062 615 4121; x_wconf 75' lang='lat' dir='ltr'><strong>victi</strong></span> <span class='ocrx_word' id='word_1_349' title='bbox 640 4074 829 4123; x_wconf 71' lang='lat' dir='ltr'><strong>aesent</strong></span> <span class='ocrx_word' id='word_1_350' title='bbox 842 4106 861 4137; x_wconf 92' lang='lat'><strong>,</strong></span> <span class='ocrx_word' id='word_1_351' title='bbox 880 4063 1033 4121; x_wconf 86' lang='lat' dir='ltr'><strong>hanc</strong></span> <span class='ocrx_word' id='word_1_352' title='bbox 1060 4061 1484 4121; x_wconf 83' lang='lat' dir='ltr'><strong>contentionem</strong></span> <span class='ocrx_word' id='word_1_353' title='bbox 1513 4080 1642 4119; x_wconf 89' lang='lat' dir='ltr'><strong>cum</strong></span> <span class='ocrx_word' id='word_1_354' title='bbox 1661 4060 1970 4125; x_wconf 79' lang='lat' dir='ltr'><strong>multorum</strong></span> <span class='ocrx_word' id='word_1_355' title='bbox 1994 4060 2282 4119; x_wconf 87' lang='lat' dir='ltr'><strong>bonorum</strong></span> <span class='ocrx_word' id='word_1_356' title='bbox 2309 4060 2520 4119; x_wconf 78' lang='lat' dir='ltr'><strong>civium</strong></span> 
     </span>
     <span class='ocr_line' id='line_1_39' title="bbox 475 4157 2522 4237; baseline 0 -21"><span class='ocrx_word' id='word_1_357' title='bbox 475 4160 711 4219; x_wconf 81' lang='lat' dir='ltr'><strong>interitu</strong></span> <span class='ocrx_word' id='word_1_358' title='bbox 741 4159 915 4221; x_wconf 77' lang='lat' dir='ltr'><strong>fuisse</strong></span> <span class='ocrx_word' id='word_1_359' title='bbox 936 4159 1322 4237; x_wconf 82' lang='lat' dir='ltr'><strong>conjunctam.</strong></span> <span class='ocrx_word' id='word_1_360' title='bbox 1352 4162 1552 4236; x_wconf 85' lang='lat' dir='ltr'><strong>Itaque</strong></span> <span class='ocrx_word' id='word_1_361' title='bbox 1575 4178 1636 4216; x_wconf 86' lang='lat' dir='ltr'><strong>se</strong></span> <span class='ocrx_word' id='word_1_362' title='bbox 1668 4158 1933 4217; x_wconf 83' lang='lat' dir='ltr'><strong>maluisse</strong></span> <span class='ocrx_word' id='word_1_363' title='bbox 1969 4157 2294 4235; x_wconf 73' lang='lat' dir='ltr'><strong>pericuium</strong></span> <span class='ocrx_word' id='word_1_364' title='bbox 2313 4201 2331 4229; x_wconf 90' lang='lat'>‚</span> <span class='ocrx_word' id='word_1_365' title='bbox 2363 4158 2522 4237; x_wconf 86' lang='lat' dir='ltr'><strong>quod</strong></span> 
     </span>
    </p>
   </div>
  </div>
 </body>
</html>
