2996 4694
740 383 1131 452 ORATIO
1181 382 1389 451 PRO
1440 382 1539 449 M.
1596 382 2203 453 MARCELLO.
2410 380 2551 479 569

498 501 694 593 Quid
713 558 732 593 ,
763 505 823 575 si
853 500 1044 575 istud
1073 524 1166 573 ne
1193 501 1434 599 gloriae
1461 501 1759 598 quidem
1788 517 1931 575 tuae
1958 509 2125 577 satis
2154 520 2299 595 est,
2334 507 2541 603 cujus

403 629 476 687 te
519 638 672 687 esse
715 613 1198 685 avidissimum
1217 664 1236 701 ‚
1281 616 1609 709 quamvis
1644 614 1743 685 sis
1788 614 2073 711 sapiens
2096 668 2117 702 ,
2154 640 2304 688 non
2333 640 2545 712 nega-

401 722 562 797 bis?
603 729 962 797 Parumne
995 725 1240 819 igitur,
1271 723 1590 819 inquieS‚
1636 747 1965 820 magnam
2005 723 2305 821 gloriam
2330 723 2393 771 ¹⁶
2432 751 2545 799 re·

401 832 868 932 linquemus?
908 837 1140 903 Immo
1195 856 1368 905 vero
1404 831 1597 921 aliis,
1654 835 1983 929 quamvis
2018 834 2299 923 multiS,
2336 839 2546 925 satis3

405 942 540 1015 tibi
571 944 701 1015 uni
747 940 1428 1041 parum.·Quidquid
1461 946 1659 1015 enim
1685 958 1829 1028 est,
1860 948 2189 1041 quamvis
2218 946 2541 1043 amplum

405 1055 536 1142 sit,
575 1052 654 1127 id
711 1068 904 1127 certe
941 1078 1200 1153 parum
1239 1067 1348 1127 est
1383 1068 1579 1143 tum,
1637 1078 1867 1152 quum
1920 1070 2030 1127 est
2078 1056 2349 1155 aliquid
2385 1082 2541 1129 am-

403 1165 616 1263 plius.
653 1164 870 1256 Quod
901 1166 960 1235 si
995 1190 1239 1237 rerum
1281 1180 1566 1237 tuarum
1594 1167 2150 1255 immortalium,
2179 1172 2259 1240 C.
2287 1172 2541 1259 Caesar,

405 1276 524 1347 hic
555 1278 788 1347 exitus
817 1272 1107 1349 futurus
1144 1274 1320 1367 fuit,
1365 1290 1486 1365 ut,
1532 1274 1827 1349 devictis
1870 1277 2324 1365 adversariis,
2359 1303 2546 1349 rem-

403 1386 772 1485 publicam
815 1386 892 1459 in
927 1412 1016 1461 eo
1065 1402 1256 1461 statu
1291 1389 1771 1487 relinqueres,
1812 1389 1893 1459 in
1950 1414 2101 1486 quo
2150 1414 2349 1461 nunc
2384 1404 2541 1461 est:

405 1497 568 1569 vide
590 1549 610 1584 ‚
653 1522 938 1595 quaeso,
989 1522 1083 1571 ne
1119 1514 1243 1571 tua
1285 1498 1527 1571 divina
1568 1500 1801 1574 virtus
1846 1497 2335 1573 admirationis
2380 1501 2546 1601 plus

405 1607 498 1679 sit
525 1605 863 1680 habitura
884 1662 904 1695 ,
942 1633 1157 1707 quam
1196 1609 1476 1707 gloriae3
1512 1610 1869 1709 siquidem
1906 1612 2133 1709 gloria
2164 1620 2357 1683 est¹7
2392 1610 2548 1684 illu-

405 1720 570 1791 stris
621 1744 706 1791 ac
753 1735 1137 1819 pervagata
1186 1720 1585 1792 multorum
1642 1736 1717 1795 et
1778 1746 2250 1819 magnorum,
2308 1722 2423 1795 vel
2472 1726 2547 1793 in

403 1854 607 1919 suos,
641 1830 756 1901 vel
791 1834 865 1901 in
907 1833 1250 1929 patriam,
1291 1830 1406 1903 vel
1449 1834 1529 1901 in
1584 1854 1802 1903 omne
1846 1856 2078 1928 genus
2122 1832 2547 1923 hominum,

405 1940 594 2013 fama
633 1942 1082 2011 meritorum.
1762 1936 1765 1941 ’

504 2056 622 2123 ῙΧ.
673 2056 840 2123 Haec
889 2050 1107 2147 igitur
1165 2049 1299 2122 tibi
1360 2049 1645 2147 reliqua
1710 2074 1875 2149 pars
1934 2066 2083 2139 θεῖς
2146 2051 2267 2123 hic
2321 2066 2544 2123 restat

405 2169 692 2250 actm-‚¹3
753 2163 830 2233 in
893 2160 1036 2233 hoc
1089 2158 1619 2233 elaborandum
1679 2176 1823 2246 est,
1879 2176 1964 2232 ut
2020 2160 2541 2259 rempublicam

407 2272 804 2345 constituas
828 2324 848 2358 ‚
889 2296 1117 2370 eaque
1164 2274 1349 2343 tuin
1393 2272 1643 2370 primis
1671 2294 1833 2343 cum
1875 2296 2157 2343 summa
2192 2271 2543 2369 tranquil-

409 2379 606 2453 litate
657 2397 729 2453 et
773 2383 924 2454 otio
983 2379 1350 2480 perfruare
1401 2409 1416 2452 :
1479 2397 1636 2453 tum
1674 2396 1777 2467 te,
1831 2385 1890 2452 si
1924 2383 2159 2472 voles,
2199 2408 2427 2481 quum
2470 2398 2543 2455 et

408 2495 690 2590 patriae,
718 2491 917 2590 quod
949 2491 1208 2583 debes,
1233 2493 1563 2582 solveriS‚
1587 2508 1660 2565 et
1688 2507 2017 2564 naturam
2044 2495 2270 2592 ipsam
2300 2493 2543 2592 exple-

408 2605 596 2675 veris
631 2606 952 2676 satietate
1007 2603 1324 2694 vivendi,
1376 2608 1545 2676 satis
1594 2604 1723 2676 diu
1767 2605 2024 2678 vixisse
2060 2603 2305 2676 dicite.
2350 2602 2543 2693 Quid

411 2727 517 2784 est
559 2715 751 2784 enim
789 2717 1094 2786 omnino
1139 2715 1280 2786 hoc
1329 2716 1568 2814 ipsum
1608 2714 1767 2804 diu,
1804 2716 1879 2784 in
1918 2739 2069 2811 quo
2108 2728 2217 2786 est
2252 2711 2543 2812 aliquod

410 2837 851 2915 extremum3
888 2823 1090 2922 quod
1127 2850 1356 2921 quum
1389 2827 1700 2914 venerit,
1734 2827 1969 2898 omnis
1998 2825 2329 2924 voluptas
2362 2849 2539 2921 prae·

1518 3027 1639 3058 uum
1692 3012 1857 3058 animo
1908 3013 2029 3060 freta
2082 3012 2307 3060 maximia
2358 3011 2545 3059 meritis

1517 3089 1781 3138 humanum
1824 3105 1978 3153 genua
2016 3089 2377 3153 conplectitur.
2421 3091 2547 3152 Qua

487 3013 566 3060 ιδ.
591 3015 861 3060 Parumne.
877 3045 892 3062 .
905 3045 920 3062 .
931 3026 1170 3076 magnam
1193 3009 1426 3076 glor-iam.

408 3091 637 3140 Occurrit
663 3093 824 3140 tacitae
850 3090 1150 3156 objectioni,
1187 3105 1248 3138 ue
1277 3103 1430 3153 quum

408 3171 645 3220 Caeaarem
670 3170 838 3236 glorio
871 3186 1043 3236 parum
1073 3167 1251 3218 vixis-e
1280 3167 1428 3228 dicit,

409 3265 486 3298 rea
513 3249 574 3296 ab
603 3265 664 3296 eo
697 3261 854 3313 gestas
887 3261 1149 3298 extenuare
1174 3248 1427 3308 videatur,

409 3341 460 3378 et
485 3330 606 3378 mira
637 3329 900 3392 prudentia
933 3345 998 3378 ex
1031 3345 1091 3376 eo
1127 3329 1268 3392 ipso,
1293 3327 1432 3392 quod

341 3437 344 3442 -
409 3424 510 3456 uon
535 3408 652 3456 antia
681 3424 902 3472 maguam
931 3408 1134 3472 gloriam
1165 3408 1324 3456 Cant
1345 3406 1432 3455 ad-

409 3488 509 3536 huc
537 3501 868 3552 consequutus
897 3489 1074 3548 fuerit,
1104 3489 1206 3549 eiua
1233 3486 1435 3551 dignita-

413 3579 508 3616 tem
533 3579 586 3616 et
606 3567 946 3616 excellentiam
965 3567 1086 3616 mire
1108 3577 1380 3630 exaggerat.

487 3663 508 3694 1
519 3665 544 3708 7
554 3681 568 3694 .
583 3647 830 3711 Siquidem
845 3645 1012 3712 gloria
1023 3658 1110 3696 est.
1121 3647 1250 3696 Mire
1269 3647 1434 3696 locum

407 3727 542 3776 huuc
577 3726 642 3775 ad
677 3726 942 3774 tollendam
979 3741 1174 3776 omnem
1198 3725 1433 3774 offeuaio·

409 3823 522 3856 uem
549 3806 734 3856 claudit
757 3816 945 3862 orator,
971 3804 1135 3854 nobili.
1155 3804 1321 3870 glorie
1344 3804 1434 3852 de-

409 3885 636 3934 fiuitione
652 3919 668 3944 ‚
695 3901 798 3934 nou
828 3900 932 3932 eam
968 3900 1070 3932 esae
1097 3884 1436 3934 demon-tram

412 3981 524 4030 qua
545 3975 730 4012 tantum
743 3963 808 4011 ad
827 3980 902 4012 rea
927 3963 1126 4012 bellicas
1143 3965 1370 4026 pertinet,
1385 3975 1438 4012 et

413 4042 782 4092 admirationem
802 4043 952 4108 magia
967 4059 1114 4106 quam
1142 4059 1302 4090 verum
1325 4042 1434 4090 lau·

417 4122 528 4172 dem
553 4123 722 4183 habet,
742 4123 830 4172 aed
851 4139 956 4172 eam
981 4139 1092 4186 quae
1111 4133 1250 4186 grato
1277 4122 1437 4170 homi·

1518 3183 1631 3216 eane
1659 3165 1883 3216 definitio
1913 3183 2015 3216 nou
2050 3169 2213 3216 minua
2248 3180 2443 3218 oratore
2470 3169 2547 3218 di-

1518 3261 1611 3310 gna
1640 3257 1743 3304 eat,
1781 3261 1927 3309 quam
1952 3261 2143 3296 summo
2164 3246 2473 3313 philosopho
2496 3259 2547 3298 et

1520 3325 1687 3390 patrio
1714 3335 1933 3390 parente.

1592 3406 1685 3453 IX.
1730 3419 1779 3453 1.
1824 3405 1920 3454 Hic
1965 3415 2119 3454 rescat
2154 3416 2309 3454 aetus.
2352 3408 2433 3456 Sic
2481 3407 2545 3456 ad

1522 3486 1759 3547 Quintum
1796 3483 2026 3545 fratrem,
2057 3487 2106 3543 Ι,
2134 3487 2387 3538 1:-111ud
2414 3499 2461 3537 te
2485 3487 2548 3536 ad

1522 3575 1795 3614 nmmum
1822 3575 1871 3612 et
1896 3581 1987 3635 oro
2014 3577 2065 3614 et
2089 3565 2289 3626 hortor,
2320 3578 2402 3626 ut,
2429 3577 2553 3614 tam·

1523 3659 1671 3708 quam
1686 3655 1847 3708 poeta
1868 3643 1989 3693 boni
2001 3679 2019 3705 ,
2042 3655 2091 3696 et
2110 3657 2301 3696 actores
2320 3646 2547 3696 indmtrii

1524 3723 1714 3784 solent,
1748 3723 1819 3772 aic
1858 3736 1915 3774 tu
1951 3725 2003 3774 iu
2043 3736 2255 3776 anema
2290 3737 2427 3790 parte
2444 3763 2461 3789 ,
2500 3738 2549 3774 et

1525 3803 1841 3854 conclusione
1876 3809 2113 3864 maneria,
2151 3823 2209 3855 ac
2248 3793 2433 3870 negotii
2478 3807 2551 3854 tui

1525 3882 1927 3948 diligentiaaimua
1950 3885 2016 3934 sia
2032 3919 2048 3945 ,
2074 3895 2129 3934 ut
2154 3885 2235 3933 hie
2261 3884 2431 3931 tertius
2458 3898 2547 3931 au-

1524 3978 1619 4010 uua
1678 3964 1871 4027 imperii
1926 3965 1999 4012 tui
2019 3997 2036 4022 ,
2090 3976 2333 4026 tamquam
2379 3965 2553 4010 tertius

1525 4053 1665 4092 actua
1682 4079 1699 4104 ,
1734 4043 2112 4108 perfectissimus
2136 4053 2281 4106 atque
2306 4041 2557 4090 ornatissi-

1526 4139 1633 4172 mus
1656 4123 1803 4170 fuine
1826 4123 2044 4170 videatur
2061 4143 2101 4170 ι.
