2996 4694
451 369 598 441 606
1138 368 1919 441 ARGUMENTUM.

529 490 714 549 veteri
746 489 1006 568 hospitio
1033 500 1208 566 atque
1239 486 1506 548 amicitiae
1522 531 1539 560 ,
1569 488 1835 568 dignitati
1862 491 2133 569 aetatique
2160 490 2444 565 hominis,
2466 512 2597 572 pre-

529 586 694 647 cibus
719 606 924 645 eorum
963 586 1067 664 qui
1100 585 1430 663 frequentes
1457 587 1889 645 concurrissent
1930 587 2191 667 hospites
2221 603 2395 669 atque
2426 592 2598 650 amici

528 686 790 766 Dejotari
811 684 884 743 ad
910 683 1342 763 deprecandum
1363 708 1380 754 3
1419 684 1492 743 de
1514 684 1921 745 controversiis
1946 686 2373 747 tetrarcharum
2396 701 2601 767 postea
2630 756 2637 763 ,

530 801 590 841 se
630 782 996 861 cogniturum
1040 799 1164 839 esse
1204 778 1384 853 dixit3
1437 781 1661 859 regium
1704 780 1976 839 vestitum
2011 782 2067 841 ei
2107 784 2361 841 restitnit
2406 783 2598 863 (Hirt.

527 879 666 937 Bell.
694 878 785 936 Al.
816 898 867 935 c.
889 874 1017 955 67).
1065 878 1314 934 Intravit
1338 880 1533 935 Caesar
1567 877 1833 955 Dejotari
1864 877 2105 936 domum
2125 920 2145 949 ,
2176 880 2597 958 magnificeque

527 976 779 1063 donatus
805 974 861 1032 ei
889 975 1120 1033 veniam
1147 972 1309 1033 dedit
1328 1017 1344 1045 ,
1371 974 1453 1032 ita
1473 987 1667 1033 tamen
1697 986 1763 1031 ut
1787 977 1951 1053 regni
1974 989 2231 1055 partem,
2260 976 2595 1035 Armeniam

529 1072 844 1145 adimeret,
883 1073 1108 1150 reg-inm
1136 1090 1280 1129 vero
1320 1090 1535 1130 nomen
1572 1074 1627 1129 ei
1678 1072 2040 1132 concederet.
2082 1072 2325 1132 Biennio
2364 1073 2599 1133 tandem

529 1179 1042 1259 post,composito
1065 1176 1186 1236 scil.
1215 1176 1583 1255 Hispaniensi
1610 1176 1800 1249 bello,
1829 1178 2287 1251 saocondarins‚
2336 1180 2601 1257 Dejotari

530 1296 708 1356 gener
727 1318 744 1345 ,
789 1294 994 1335 socero
1033 1292 1208 1351 qnam
1239 1272 1318 1332 ob
1359 1287 1591 1333 causam
1638 1274 1896 1333 infensus
1939 1275 2228 1333 incertum
2244 1318 2261 1349 ,
2300 1279 2600 1335 Castorem

529 1375 712 1434 filium
737 1392 908 1433 suum
933 1376 1181 1431 Romam
1213 1371 1399 1442 misit,
1425 1373 1531 1449 qui
1553 1390 1725 1429 avum
1752 1384 2053 1431 accusaret
2068 1416 2083 1445 ,
2128 1372 2291 1450 quod
2316 1377 2599 1433 Caesarem

531 1469 689 1550 apud
731 1490 794 1529 se
833 1470 1223 1527 diversantem
1263 1464 1488 1525 insidiis
1530 1468 1881 1547 intercipere
1926 1470 2279 1528 tentavisset.
2330 1474 2387 1529 Is
2429 1471 2599 1529 simul

531 1567 885 1645 Phidippum
917 1564 1204 1624 medicum
1221 1608 1239 1636 ,
1273 1564 1659 1644 eumdemque
1688 1566 1840 1645 regis
1881 1584 2144 1639 servum,
2169 1567 2439 1627 mercede
2462 1586 2599 1627 cor-

530 1665 716 1743 rupit,
747 1674 810 1721 et
837 1662 914 1721 ad
941 1661 1328 1721 accusandum
1355 1666 1696 1744 Dejotarum
1732 1664 2092 1723 subornavit.
2136 1664 2372 1743 Duplici
2404 1665 2595 1743 potis-

531 1764 740 1822 simum
767 1774 1108 1842 argumento
1137 1762 1227 1821 usi
1255 1772 1393 1820 sunt
1429 1774 1828 1836 accusatores,
1860 1763 2214 1842 Phidippum
2249 1762 2589 1823 insidiarum

531 1861 707 1920 fuisse
731 1862 1028 1919 conscium
1045 1904 1062 1933 ,
1091 1870 1151 1917 et
1185 1860 1529 1938 Dejotarum
1558 1878 1787 1939 semper
1808 1880 1841 1919 a
1870 1864 2093 1920 Caesare
2120 1862 2296 1919 fuisse
2320 1860 2593 1932 alienum,

531 1974 876 2037 tempusque
919 1956 1197 2015 idoneum
1250 1955 1376 2034 ejus
1429 1956 1806 2035 opprimendi
1856 1970 2133 2036 captasse.
2193 1957 2599 2016 Defensionem

528 2056 782 2135 suscepit
805 2055 1012 2114 Cicero
1027 2098 1044 2127 ,
1075 2054 1348 2131 antiquus
1381 2053 1643 2132 Dejotari
1671 2053 1886 2132 hospes
1910 2067 1968 2113 et
1996 2054 2213 2113 amicus
2235 2098 2252 2126 ,
2274 2054 2375 2132 qui
2402 2072 2600 2113 coram

528 2156 754 2213 Coesare
778 2152 932 2211 intra
960 2152 1218 2230 privatos
1245 2151 1496 2229 parietes
1520 2149 1987 2209 adversariorum
2019 2152 2239 2210 crimen
2262 2164 2601 2229 ceterasque

528 2246 1120 2329 suspiciones,quibus
1135 2246 1392 2305 delatum
1417 2246 1639 2305 crimen
1653 2244 1968 2316 nitebatur,
1990 2248 2159 2307 facile
2181 2247 2372 2307 diluit.
2385 2248 2599 2307 Habita

529 2346 762 2406 videtur
784 2349 974 2406 oratio
998 2351 1070 2419 Q.
1107 2343 1286 2404 Fabio
1315 2344 1577 2402 Maximo
1597 2388 1614 2417 ,
1662 2346 1726 2402 C.
1750 2342 2049 2404 Trebonio
2080 2366 2229 2404 coss.
2252 2365 2432 2423 quum
2466 2349 2599 2405 Cae-

525 2449 721 2506 sarIV
741 2444 943 2504 consul
975 2445 1178 2522 primis
1200 2441 1409 2501 diebus
1437 2441 1699 2501 octobris
1742 2444 1953 2501 mensis
1980 2463 2054 2502 ex
2081 2443 2361 2522 Hispania
2391 2444 2599 2502 trium-

529 2542 794 2620 phasset,
838 2539 1224 2617 depositoque
1267 2538 1575 2596 consulatu
1614 2537 1857 2596 Fabium
1900 2552 1961 2598 et
1988 2537 2346 2598 Trebonium
2383 2541 2441 2598 in
2482 2553 2599 2598 tres

527 2638 870 2696 novissimos
885 2636 1024 2694 anni
1045 2646 1267 2694 menses
1295 2635 1621 2693 suffecisset
1646 2655 1783 2692 ann.
1806 2639 1882 2695 U.
1910 2655 2044 2711 7o9.
2082 2641 2353 2695 Ceterum
2383 2637 2457 2694 de
2488 2635 2599 2696 hac

527 2755 632 2795 sua
657 2735 926 2793 oratione
951 2731 1076 2790 haec
1092 2733 1297 2790 Cicero
1321 2730 1394 2788 ad
1409 2731 1807 2790 Dolabellam:
1836 2757 1861 2783 ιι
1880 2731 2323 2791 Oratiunculam
2348 2751 2457 2811 pro
2476 2738 2601 2792 De-

519 2833 718 2912 Jotaro
733 2875 750 2902 ,
775 2849 953 2910 quam
977 2827 1313 2908 requirebas
1334 2873 1350 2902 ,
1375 2827 1669 2887 habebam
1702 2846 1948 2902 mecum,
1969 2830 2129 2907 quod
2155 2849 2273 2888 non
2302 2829 2597 2910 putabam.

527 2937 730 3012 Itaque
759 2949 889 2990 eam
922 2926 1034 2987 tibi
1067 2927 1216 3000 misi,
1252 2931 1428 3005 quam
1456 2927 1635 2984 velim
1662 2927 1747 2984 sic
1773 2927 1961 3005 legas,
1996 2939 2061 2985 ut
2095 2945 2327 2988 causam
2366 2940 2601 2988 tenuem

525 3043 588 3090 et
619 3031 856 3107 inopem
874 3069 892 3101 ,
927 3045 1037 3086 nee
1067 3025 1388 3105 scriptione
1419 3037 1775 3104 magnopere
1810 3024 2061 3102 dignam.
2086 3025 2202 3085 Sed
2244 3045 2353 3104 ego
2380 3025 2599 3104 hospiti

529 3130 707 3188 veteri
749 3141 812 3186 et
867 3126 1057 3186 amico
1099 3124 1509 3184 munusculum
1548 3124 1780 3182 mittere
1816 3123 1983 3181 volui
2027 3122 2353 3196 levidense,
2403 3141 2599 3183 crasso

527 3227 626 3286 filo
645 3269 662 3298 ‚
686 3222 1011 3302 cujusmodi
1041 3221 1225 3300 ipsius
1247 3221 1478 3280 soleant
1500 3239 1627 3280 esse
1648 3237 1888 3278 munera
1908 3245 1950 3279 ι».
1978 3214 2074 3280 Ad
2098 3220 2234 3279 Div.
2258 3223 2379 3292 IX,
2420 3239 2509 3278 η.

610 3420 680 3475 In
707 3413 955 3475 exordio
983 3413 1192 3473 Cicero
1221 3413 1304 3470 ait
1331 3425 1394 3470 se
1431 3411 1495 3469 in
1531 3410 1644 3469 hae
1674 3423 1847 3474 causa
1872 3410 2269 3486 compluribus
2301 3411 2376 3471 de
2408 3413 2600 3473 'causis

530 3514 696 3574 initio
743 3511 977 3570 dicendi
1019 3507 1396 3569 vehementer
1433 3507 1794 3570 conturbari.
1846 3508 2101 3568 Primum
2134 3509 2295 3587 quod
2338 3509 2449 3569 sibi
2490 3530 2600 3588 pro

523 3611 720 3690 capite
765 3607 1131 3684 fortunisque
1164 3606 1350 3684 regis,
1401 3617 1462 3663 et
1502 3604 1629 3682 ejus
1662 3603 1899 3682 quidem
1942 3606 2094 3684 regis
2140 3605 2450 3664 dicendum
2489 3607 2601 3679 sit,

525 3727 701 3790 quem
751 3717 922 3764 antea
965 3703 1172 3761 solitus
1217 3701 1293 3762 sit
1351 3715 1565 3760 cuncto
1628 3714 1762 3760 cum
1818 3713 2023 3760 senatu
2084 3720 2318 3761 ornare.
2370 3702 2599 3762 Deinde

529 3816 928 3866 accusatorum
965 3799 1200 3858 alterius
1227 3797 1551 3878 (Castoris)
1578 3797 1928 3857 crudelitate
1949 3841 1965 3869 ‚
1996 3800 2234 3860 alterius
2260 3800 2281 3878 (
2296 3798 2599 3878 Phidippi)

527 3902 872 3982 indignitate
891 3895 1267 3957 commoveri.
1295 3899 1444 3954 Tum
1471 3895 1589 3953 hoc
1610 3895 1785 3954 etiam
1818 3915 1878 3954 se
1906 3897 2201 3955 interdum
2228 3896 2596 3976 perturbare,

523 4001 680 4081 quod
711 4001 786 4060 de
815 3999 1072 4058 facinore
1089 4003 1296 4054 contra
1323 3994 1504 4052 vitam
1528 3995 1769 4054 Caesaris
1794 3994 1949 4072 apud
1972 4013 2108 4053 eum
2130 3996 2319 4074 ipsum
2340 3995 2595 4074 judicem

525 4097 838 4158 dicendum
864 4097 971 4168 sit,
1023 4096 1084 4154 in
1116 4111 1236 4173 quo
1271 4105 1466 4152 tmen
1493 4091 1739 4153 Caesaris
1766 4091 2129 4152 humanitate
2170 4113 2230 4151 se
2257 4093 2439 4152 levari
2470 4109 2596 4151 rne-
