2996 4694
543 378 672 460 142
1175 372 1270 440 M.
1324 370 1400 438 T.
1455 369 2027 439 elceaoms

531 497 860 595 possint,
911 505 1035 563 aut
1071 491 1172 563 ita
1205 489 1641 575 dolenter¹⁰‚
1694 500 1777 559 ut
1820 488 2213 586 aliquando
2256 492 2391 564 ista
2420 546 2438 577 ‚
2508 514 2674 587 quae

529 618 704 679 sunt
725 602 968 675 inflata
984 656 1005 690 ,
1026 612 1463 699 rumpantur
1479 607 1504 643 ¹
1518 610 1541 643 ¹
1564 614 1759 671 :tum
1784 602 2205 672 memoriter
2228 598 2673 699 respondeto

529 716 622 789 ad
651 740 736 788 ea
755 770 776 803 ‚
822 736 986 812 quae
1017 710 1114 785 de
1153 726 1230 785 te
1273 714 1436 809 ipso
1481 734 1762 808 rogaro.

627 830 715 897 V.
744 828 982 921 Atque
1001 831 1024 867 ¹
1067 820 1247 894 illud
1261 819 2001 893 tenebricosissimum
2022 836 2319 920 tempus
2352 826 2674 897 ineuntis

529 937 754 1009 astaus
785 949 928 1007 tuae
955 933 1188 1031 patiar
1205 929 1426 1003 latere
1443 942 1496 1003 ².
1526 932 1726 1005 Licet
1740 933 2042 1030 impune
2070 956 2203 1030 per
2214 956 2335 1005 me
2360 934 2675 1031 parietes

526 1050 607 1120 in
637 1045 1121 1120 adolescentia
1147 1038 1550 1140 perfoderis
1565 1096 1588 1127 ‚
1614 1042 1890 1113 vicinos
1908 1040 2319 1140 compilat-is
2336 1057 2671 1131 ‚matrem

529 1157 954 1231 verberaris.
1001 1151 1280 1225 Habeat
1331 1152 1476 1225 hoc
1527 1152 1907 1251 praemium
1946 1167 2073 1224 tua
2118 1150 2543 1250 indignitaS‚
2588 1169 2673 1227 ut

534 1266 1030 1343 adolescentioe
1067 1261 1448 1361 turpitudo
1491 1261 1941 1335 obscuritate
1996 1278 2071 1335 et
2114 1260 2493 1335 sordibus³
2532 1265 2677 1336 tuis

536 1380 936 1475 obtegatur.

629 1493 1082 1579 Quaesturam
1125 1484 1371 1583 petisti
1403 1508 1578 1555 cum
1610 1490 1681 1556 P.
1712 1485 1955 1557 Sextio
1976 1488 2034 1567 ⁴,
2066 1508 2299 1579 quum
2334 1483 2459 1557 hic
2494 1483 2675 1555 nihil

533 1598 980 1695 loqueretur,
1017 1596 1155 1665 nisi
1197 1592 1397 1691 quod
1435 1593 1727 1691 agebat3
1776 1611 1859 1665 tu
1912 1592 2005 1665 de
2034 1594 2261 1667 altero
2294 1594 2675 1667 consulatu

539 1702 900 1806 gerendo⁵
925 1720 998 1777 te
1037 1703 1312 1777 diceres
1345 1706 1682 1803 cogitare.
1726 1708 1993 1797 Quaero
2026 1704 2155 1777 abs
2190 1719 2299 1793 te,
2334 1720 2677 1778 teneasne

535 1816 885 1889 memoria
909 1868 930 1902 ‚
985 1838 1214 1910 quum
1257 1818 1334 1885 P.
1378 1817 1667 1887 Sextius
1710 1830 2025 1912 quaestor
2064 1816 2158 1887 sit
2202 1818 2483 1887 cunctis
2522 1814 2675 1892 suf·

535 1926 778 2024 fragiis
812 1922 1084 2013 factus»,
1133 1938 1314 1996 tunc
1347 1939 1421 1999 te
1455 1927 1607 2014 vix,
1648 1928 1893 1997 invitis
1924 1925 2311 2013 omnibuS‚
2346 1952 2503 1999 non
2546 1952 2675 2027 po·

539 2039 694 2139 puli
719 2034 1110 2123 benefici0‚
1135 2036 1266 2109 sed
1297 2038 1619 2110 consulis
1636 2092 1655 2125 ,
1692 2036 2135 2111 extremum⁶
2158 2036 2671 2111 adhesissenn

536 2176 628 2222 eo
649 2149 1092 2245 magistratu,
1109 2172 1338 2245 quum
1369 2148 1506 2219 tibi
1531 2172 1797 2246 magno
1822 2148 2141 2223 clamore
2164 2152 2474 2247 Aquaria
2510 2174 2677 2249 pro-

539 2264 812 2333 vincia⁷
867 2272 1068 2331 sorte
1115 2258 1529 2356 obtigisset,
1586 2260 1941 2333 missusne
1976 2260 2073 2332 sis
2116 2286 2158 2331 a
2194 2259 2496 2333 consule
2548 2266 2679 2333 Pu-

535 2375 807 2459 teolos,
839 2385 926 2444 ut
961 2370 1136 2444 inde
1177 2394 1438 2442 aurum
1471 2372 1841 2470 exportari
1876 2387 2406 2470 argentumque
2438 2370 2683 2471 prohi-

538 2476 844 2556 beres3?
907 2484 986 2552 in
1037 2505 1129 2552 eo
1181 2483 1513 2579 negotio,
1544 2505 1775 2578 quum
1834 2496 1909 2554 te
1960 2505 2114 2559 non
2164 2480 2543 2554 custodem
2583 2482 2674 2554 ad

617 2663 699 2697 ιο.
731 2647 836 2694 Aue
875 2645 948 2692 ita
983 2643 1227 2693 dolenter.
1263 2646 1432 2707 Quum
1471 2647 1567 2693 ira-
1650 2647 1745 2697 sed
1788 2648 2010 2713 loquitur
2050 2645 2401 2719 ὑπιρὸοὶαῶς.
2440 2639 2491 2704 J:
2511 2651 2579 2699 V.
2622 2651 2678 2699 L.

537 2727 754 2777 eandm
781 2723 920 2772 Μαί
955 2739 1030 2770 res
1070 2723 1178 2786 ipsa
1212 2733 1379 2788 coget,
1411 2726 1567 2772 satius
1722 2727 1773 2778 ⁶.
1819 2723 2106 2776 laemnuem
2144 2727 2436 2778 adhaesisse.
2484 2729 2681 2778 Postre-

537 2809 685 2857 i'nisse
715 2803 838 2867 reip.
864 2818 941 2849 me
977 2802 1134 2849 civem
1170 2818 1316 2867 qnam
1341 2813 1387 2851 te
1409 2805 1566 2854 nasci.

616 2901 696 2934 ιι.
723 2883 1041 2948 Rumpaneur.
1067 2883 1276 2948 Propter
1298 2882 1398 2930 vim
1427 2882 1568 2932 dolo·

538 2965 623 3015 ris.
663 2963 849 3010 Festive
880 2971 1086 3008 strumas
1122 2959 1366 3030 significat
1395 2963 1569 3028 potius

539 3060 688 3110 quam
705 3040 944 3090 nominat.

610 3125 676 3172 V.
709 3137 756 3171 1.
795 3123 974 3184 Atque.
1003 3119 1079 3168 Al.
1109 3124 1192 3170 Ae.
1223 3121 1272 3170 J.
1291 3123 1355 3169 V.
1377 3123 1433 3170 L.
1462 3121 1473 3131 ‘

613 3219 663 3252 a.
704 3200 881 3252 Patiar
913 3199 1078 3248 latere.
1117 3201 1266 3264 Quod
1309 3205 1471 3249 tamen
1506 3200 1569 3249 ad

541 3285 702 3333 lucem
721 3277 966 3348 protrahit
980 3313 996 3336 .
1024 3277 1112 3328 sed
1129 3279 1361 3340 breviter,
1387 3292 1442 3329 ut
1457 3297 1571 3348 pos-

541 3365 607 3412 sit
654 3375 764 3426 quae
817 3357 1018 3426 publice
1059 3369 1192 3424 gesta
1244 3370 1360 3410 sunt
1406 3375 1569 3426 repre-

539 3440 774 3492 bendere.

613 3519 668 3569 3.
686 3515 917 3566 Sor-dibus
939 3513 1046 3565 em‘s.
1073 3515 1318 3578 obscuro,
1336 3533 1569 3584 paupere,

540 3613 590 3652 et
611 3597 782 3648 infami
807 3611 981 3662 genere
1000 3593 1216 3646 vivendi.

616 3688 670 3736 4.
720 3675 836 3723 Cum
879 3675 930 3722 Ρ.
977 3675 1160 3725 Sextio.
1205 3675 1434 3738 Quaestor
1485 3673 1569 3723 ille

545 3761 606 3810 C.
627 3753 836 3807 Antonii
855 3755 950 3802 fnit
967 3789 982 3812 ‚
1007 3753 1210 3818 eollegae
1235 3751 1487 3802 Ciceronis
1515 3755 1567 3802 in

545 3835 836 3893 consulatu3
879 3845 936 3883 ut
979 3834 1034 3882 in
1075 3833 1296 3881 oratione
1329 3851 1419 3900 pro
1453 3835 1567 3904 ipso

547 3919 734 3968 dictum
759 3926 852 3963 est.

615 4000 664 4048 5.
694 3997 886 4044 Eruest.
923 4001 1067 4058 putat
1109 3990 1368 4056 legendnm
1403 4007 1568 4062 peren.

541 4077 640 4136 dog
665 4089 770 4124 non
805 4073 932 4120 enim
973 4082 1077 4118 tum
1114 4068 1175 4117 de
1209 4071 1425 4135 gerendo
1453 4089 1566 4125 con.

545 4155 708 4204 sulam
754 4149 956 4202 stultum
1001 4146 1253 4200 bominem
1302 4151 1559 4220 cogitasse.

1652 2824 1786 2857 mum
1848 2809 2069 2860 omnium
2120 2809 2272 2858 fnisse
2320 2810 2673 2860 renuntiatum.

1650 2889 1803 2936 Erant
1823 2899 1983 2936 antem
2018 2888 2127 2952 lege
2148 2889 2295 2938 Sulla
2314 2900 2583 2952 quaestores
2601 2888 2676 2936 vi·

1651 2966 1777 3032 giuti
1798 3001 1815 3026 ,
1844 2983 1995 3034 quum
2018 2979 2137 3018 octo
2160 2979 2349 3018 tantum
2382 2980 2535 3016 antea.
2554 2967 2675 3016 fuis-

1652 3059 1775 3098 sent.
1805 3048 1990 3098 Consul
2009 3064 2128 3097 vero
2146 3065 2291 3116 quem
2314 3047 2539 3114 designat
2569 3062 2678 3096 ora-

1654 3137 1763 3186 tor,
1795 3129 1851 3176 L.
1876 3128 2041 3178 Julius
2078 3129 2241 3178 Coesar
2259 3162 2275 3188 ,
2301 3137 2387 3176 aut
2412 3127 2465 3176 C·
2491 3125 2679 3174 Marius

1653 3205 1858 3271 Figulus
1888 3209 2007 3269 fuit,
2046 3207 2133 3272 qui
2156 3206 2381 3256 consules
2400 3217 2514 3254 ante
2537 3204 2676 3254 Cice·

1656 3303 1823 3336 renem
1864 3287 2017 3341 fuere.
2046 3288 2221 3338 Obiter
2266 3285 2483 3345 declarat
2508 3295 2679 3336 orator

1656 3366 1863 3430 aliquam
1888 3383 1915 3415 a
1943 3367 2142 3416 consule
2170 3365 2391 3415 fraudem
2422 3355 2585 3416 fuisse¹
2604 3364 2676 3417 in·

1655 3455 1836 3494 textam
1853 3479 1869 3504 ‚
1897 3457 1952 3494 ut
1969 3447 2195 3494 Vatinius
2224 3444 2502 3510 eligeretur.

1729 3541 1778 3588 7.
1825 3524 2057 3592 Aquario
2115 3523 2393 3590 provincia.
2461 3521 2679 3573 Puteolis

1654 3615 1825 3668 portus
1865 3614 2002 3664 erat,
2039 3605 2102 3654 sd
2140 3621 2284 3669 quem
2324 3614 2617 3652 mercatores
2653 3618 2680 3648 e

1654 3684 1841 3732 Graecia
1869 3685 2116 3733 venientes
2145 3683 2389 3752 appellere
2426 3682 2681 3738 solebant3

1652 3763 1739 3828 qni
1762 3763 1928 3828 portui
1948 3761 2329 3832 preficiebatur‚
2358 3761 2402 3810 is
2434 3759 2679 3826 aquariam

1653 3838 1908 3892 dicebatur
1953 3857 2057 3890 esse
2105 3843 2307 3892 sortitus
2352 3839 2677 3906 provinciam.

1652 3919 1899 3974 Clamores
1938 3939 2055 3972 vero
2088 3923 2306 3990 populus
2349 3921 2416 3973 ob
2452 3920 2505 3968 id
2544 3918 2679 3973 tulit,

1650 4001 1789 4070 qnod
1816 4017 1972 4066 quum
1994 4013 2112 4052 nota
2132 4012 2256 4052 esset
2272 4000 2461 4052 Vatinii
2482 4009 2651 4048 natura
2666 4031 2681 4056 .

1652 4081 1935 4144 preclaram
1992 4081 2109 4130 inde
2160 4079 2344 4130 fraudi·
2400 4075 2681 4128 exercendae

1653 4161 1905 4210 materiam
1931 4159 2147 4208 baberet.
