2996 4694
533 373 664 467 ¹74
1149 371 1250 439 M.
1299 372 1374 439 T.
1429 372 2009 443 clcEnoms

514 506 838 565 versetur
886 487 965 561 in
1015 487 1290 585 judicio
1313 543 1334 577 ‚
1386 492 1725 588 requirat.
1778 494 2023 582 Quum
2072 489 2314 563 audiat
2352 492 2635 565 nullum

517 604 793 675 facinus
813 654 833 689 ‚
877 599 1146 671 nullam
1201 600 1604 689 audaciam‚
1654 602 1927 673 nullam
1974 603 2119 672 vim
2166 602 2245 673 in
2282 602 2635 697 judicium

514 713 792 801 vocari3
829 708 955 781 sed
993 708 1520 781 adolescentem
1559 712 1813 782 illustri
1848 712 2142 808 ingenio
2160 708 2216 800 ⁵,
2254 710 2635 800 industria,

515 823 774 920 gratia,
820 820 1136 890 accusari
1169 818 1262 891 ab
1307 820 1462 915 ejus
1497 818 1689 909 filio,
1732 844 1951 917 quem
1989 824 2144 921 ipse
2180 823 2255 891 in
2286 821 2637 915 judicium

515 946 590 1003 et
622 944 864 1017 vocet,
901 943 973 1000 et
1008 930 1318 1018 vocarit3
1350 934 1760 1029 oppugnari
1796 946 2035 1003 autem
2081 926 2334 1004 hunc⁶
2372 931 2635 1029 opibus

517 1042 1018 1127 meretriciis73
1073 1042 1377 1112 Atratini
1423 1041 1615 1111 illius
1664 1042 2002 1139 pietatem
2058 1066 2207 1112 non
2255 1040 2639 1139 reprehen-

520 1151 677 1241 dat,
715 1150 1145 1223 muliebrem
1176 1150 1551 1259 libidinem
1582 1150 2192 1249 comprimendam
2230 1166 2475 1250 putet;
2510 1176 2638 1224 vos

517 1256 966 1335 laboriosos⁸
1005 1261 1359 1332 existimet
1385 1314 1404 1348 ‚
1443 1260 1713 1360 quibus
1745 1264 1994 1338 otiosis
2029 1284 2123 1331 ne
2158 1264 2229 1331 in
2268 1264 2639 1332 communi

521 1372 817 1471 quidem
854 1372 1006 1441 otio
1039 1370 1251 1441 liceat
1287 1392 1456 1441 esse.
1489 1372 1777 1441 Etenim
1798 1424 1820 1457 ‚
1852 1370 1910 1440 si
1944 1371 2312 1442 attendere
2346 1368 2645 1464 diligen-

523 1497 655 1564 ter,
704 1495 920 1577 atque
958 1480 1358 1550 existimare
1394 1503 1562 1555 vere
1602 1479 1691 1551 de
1730 1480 1935 1551 omni
1977 1478 2112 1549 hac
2156 1501 2366 1549 causa
2398 1477 2642 1549 volue-

523 1592 706 1675 ritis,
745 1592 844 1660 sic
872 1589 1349 1673 constituetis,
1368 1586 1678 1683 judices,
1704 1614 1838 1661 nec
1859 1588 2368 1661 descensurum
2398 1612 2644 1685 quem-

522 1723 742 1798 quam
769 1698 857 1769 ad
881 1698 1070 1767 hanc
1091 1699 1659 1769 accusationem
1689 1698 1904 1769 fuisse
1921 1751 1941 1786 ‚
1966 1700 2083 1769 cui
2099 1751 2119 1786 ‚
2144 1712 2388 1768 utrum
2406 1697 2644 1785 vellet,

525 1810 814 1897 liceret3
852 1832 1025 1893 nec,
1067 1831 1296 1904 quum
1346 1805 1872 1897 descendisset,
1916 1808 2310 1904 quidquam
2356 1806 2643 1878 habitu-

443 1966 452 1986 ,
524 1943 688 1991 rum
731 1921 882 2016 spei
921 1915 1140 1989 fuisse
1165 1972 1186 2006 ‚
1229 1918 1367 1987 nisi
1397 1917 1785 2012 alicujus¹⁰
1829 1916 2265 1989 intolerabili
2304 1914 2642 2005 libidine,

527 2043 600 2099 et
655 2030 866 2097 nimis
929 2025 1190 2097 acerbo
1246 2026 1416 2096 odio
1481 2028 1853 2097 niteretur.
1910 2026 2047 2097 Sed
2096 2050 2231 2122 ego
2277 2028 2644 2113 Ati-atine,

525 2138 1044 2211 humanissimo
1087 2152 1306 2233 atque
1351 2138 1627 2233 optimo
1670 2136 2146 2221 adolescenti,
2188 2160 2353 2207 meo
2396 2160 2645 2207 neces-

521 2252 742 2337 sat-ic,
791 2252 1120 2345 ignosco,
1165 2248 1294 2345 qui
1331 2246 1549 2321 habet
1577 2248 2121 2319 excusationem
2163 2246 2277 2315 vel
2319 2245 2643 2344 pietatiS,

523 2361 641 2433 vel
676 2361 1150 2446 necessitatis,
1187 2358 1305 2429 vel
1339 2361 1582 2430 aetatis.
1634 2357 1708 2427 si
1747 2357 1973 2428 voluit
2002 2379 2365 2442 accusare,
2394 2357 2644 2452 pietati

511 2468 768 2540 tribuo
789 2478 845 2513 ¹¹
871 2495 892 2556 3
921 2469 979 2540 si
999 2468 1242 2562 jussus
1269 2481 1376 2538 est
1394 2519 1419 2556 ,
1443 2465 1887 2554 necessitati3
1923 2468 1983 2538 si
2008 2466 2316 2563 speravit
2342 2463 2646 2562 aliquid,

523 2661 722 2710 videbat
736 2695 750 2720 ,
773 2661 812 2708 si
839 2657 1248 2708 extraordinarius
1265 2676 1409 2707 nemo
1432 2677 1544 2710 reus

523 2740 798 2789 accessisset
815 2773 832 2801 ,
857 2735 952 2784 sibi
975 2753 1038 2785 eo
1067 2753 1197 2786 anno
1223 2751 1415 2786 cansam
1441 2755 1543 2787 esse

525 2817 798 2868 dicandam.

598 2898 651 2946 ὅ.
687 2891 872 2943 mustra·
898 2892 1116 2958 ingenio.
1164 2895 1328 2957 Cujus.
1351 2895 1543 2960 cognita

519 2979 618 3039 inm
645 2973 918 3038 eloquentia
945 2983 1048 3020 erat
1078 2989 1140 3020 ex
1169 2975 1471 3022 accusatione
1496 2987 1549 3024 et

522 3052 931 3105 condemnatione
968 3053 1028 3100 C.
1069 3053 1304 3117 Antonii,
1349 3053 1547 3118 collega

524 3132 774 3184 Ciceronis
793 3132 848 3180 in
874 3131 1142 3180 consulatu.

597 3215 647 3261 6.
669 3214 748 3261 Al.
775 3211 956 3258 habent
972 3209 1063 3258 boc
1079 3229 1100 3268 ‚·
1125 3209 1188 3258 nl.
1214 3227 1372 3274 neque
1392 3211 1545 3269 hane,

524 3309 680 3357 neque
701 3291 834 3340 illam
853 3307 1022 3339 vocem
1043 3303 1329 3354 agnoscunt.
1354 3293 1386 3340 J
1391 3293 1470 3339 Ν.
1487 3295 1543 3340 L.

526 3399 598 3410 —
617 3371 794 3420 Maluit
816 3371 942 3418 lumc
968 3371 1084 3417 Ern.
1105 3387 1169 3418 ex
1191 3371 1302 3420 edd.
1325 3371 1539 3434 Angeffi,

527 3451 689 3512 Naug.
707 3450 904 3498 Canum
943 3450 996 3500 P.
1021 3451 1215 3498 Manat.
1253 3466 1293 3497 s.
1332 3450 1545 3513 Gryphii

533 3529 758 3578 retinere.

601 3625 650 3669 7.
675 3606 858 3670 Opibus
883 3606 1182 3656 meretriciis.
1207 3606 1428 3656 Clodiam
1457 3607 1545 3656 ‹le-

527 3687 704 3750 signat,
717 3687 776 3735 P.
791 3685 1182 3754 Clodiisororem
1203 3697 1254 3736 et
1271 3688 1336 3748 Q.
1355 3687 1547 3738 Metelli

525 3763 706 3815 Celeris
731 3764 928 3814 viduam
945 3801 962 3825 ,
991 3765 1250 3828 quae'hanc
1277 3764 1433 3814 Coelio
1457 3781 1544 3814 nc·

525 3846 822 3894 cusationem
852 3844 1112 3902 conflaret,
1139 3853 1196 3890 ut
1223 3859 1360 3890 sunm
1383 3843 1547 3897 vindi-

527 3936 656 3973 caret
673 3924 915 3985 injuriam.
939 3922 1143 3972 coelium
1161 3922 1288 3970 enim
1305 3922 1546 3974 illecebris

529 4014 745 4068 ceperam
775 4003 860 4051 sed
885 4019 1006 4050 mox.
1035 4001 1180 4062 hujus
1203 4001 1338 4050 inum
1367 4003 1545 4068 puduit

525 4081 736 4130 infamio
749 4113 766 4138 ,
783 4093 834 4130 et
849 4080 1006 4142 palam
1025 4095 1131 4128 eam
1151 4080 1352 4147 respuit.

1702 2664 1749 2712 8.
1790 2663 1886 2710 Vos
1921 2659 2198 2710 laboriosos.
2244 2661 2305 2710 Id
2338 2673 2441 2723 est,
2484 2662 2647 2711 multis

1628 2742 1861 2790 molestiis
1880 2741 2117 2790 exercitos
2134 2751 2185 2788 et
2198 2751 2417 2810 matos.

1698 2839 1751 2887 9.
1781 2825 2157 2872 Dese-erasurum.
2176 2856 2193 2871 .
2213 2855 2226 2869 .
2262 2821 2336 2870 ad
2354 2821 2483 2872 haec
2506 2837 2650 2870 aceu-

1630 2902 1888 2950 cace'onem.
1932 2903 2143 2949 Romani
2176 2902 2477 2950 honestiores
2518 2901 2651 2949 sole-

1630 2977 1750 3027 bant
1778 2983 1829 3027 iu
1856 2980 2106 3028 montibus
2124 2979 2345 3028 habitare
2360 3015 2377 3038 ‚
2412 2979 2543 3028 unde
2567 2979 2650 3027 de·

1632 3059 1923 3108 scendehnnt
1935 3060 1989 3106 in
2002 3059 2183 3117 forum,
2196 3061 2396 3118 cutiam,
2408 3073 2649 3122 campum,

1632 3153 1743 3204 qnae
1788 3137 1895 3186 loca
1944 3137 1997 3187 in
2039 3137 2245 3186 vallibus
2286 3139 2413 3188 inter
2460 3147 2651 3186 montes

1634 3215 1877 3278 patebant.
1921 3213 2000 3262 sio
2044 3215 2275 3264 usitatum
2318 3213 2411 3262 fuit
2454 3213 2611 3261 dicere
2632 3225 2645 3259 ε

1634 3293 1923 3342 descendere
1958 3293 2011 3340 in
2052 3293 2239 3355 forum,
2268 3293 2322 3339 in
2356 3303 2543 3351 rostra,
2574 3293 2651 3339 vel

1631 3375 1684 3420 in
1710 3371 1814 3419 aliis
1843 3373 2071 3430 urbibus,
2098 3372 2181 3420 ubi
2208 3372 2376 3419 similis
2398 3373 2522 3418 ratio
2549 3386 2650 3418 non

1628 3450 1839 3500 suberat.
1856 3451 1984 3500 Hinc
2002 3452 2148 3506 etiam
2162 3450 2305 3500 ducta
2316 3451 2439 3510 haec,
2456 3450 2652 3503 descen-

1632 3529 1745 3578 dere
1766 3529 1831 3578 ad
1848 3530 2220 3581 accusationem.

1708 3624 1790 3656 ιο.
1853 3608 1963 3656 Nisa·
2016 3607 2244 3672 alicujus.
2294 3608 2379 3664 Ad
2430 3606 2649 3659 Clodiam

1630 3696 1851 3751 spectat.
1878 3703 1987 3750 quae
2010 3689 2177 3738 furens
2199 3699 2254 3735 et
2284 3687 2480 3748 rabida,
2513 3703 2563 3736 se
2587 3685 2651 3732 nd

1632 3765 1883 3813 libidinem
1890 3781 2035 3819 -sunm
2044 3766 2229 3828 judicia
2250 3768 2493 3818 moderari
2508 3781 2651 3830 posse

1634 3843 1952 3894 existimabat.

1710 3939 1789 3972 n.
1810 3924 1993 3974 pietati
2008 3923 2183 3975 tribuo.
2206 3926 2304 3988 Quj
2313 3934 2509 3988 petrem
2530 3923 2653 3988 peti·

1631 4003 1744 4050 culo
1768 4005 1975 4052 eximere
2006 4004 2175 4054 voluit.
2202 4030 2275 4042 —
2304 4003 2357 4052 Si
2372 4004 2534 4068 jussus
2562 4014 2647 4062 est.

1632 4081 1745 4132 Seu.
1766 4098 1793 4128 a
1812 4093 1961 4144 patre.
