2996 4694
834 437 1220 508 ORATIO
1263 438 1465 505 PRO
1515 437 1596 506 L.
1640 438 1719 504 C.
1770 435 2128 504 BALBO.
2410 427 2550 502 315

419 562 610 654 bene
636 559 729 632 de
758 559 1129 658 republica
1166 558 1495 645 meritos,
1534 555 1852 653 persaepe
1894 552 2263 639 libertate,
2302 550 2380 622 id
2409 565 2550 637 est,

418 674 699 744 civitate
722 727 743 758 ,
768 669 1058 769 publice
1096 668 1355 740 donari
1387 666 1720 738 videmus
1739 663 1794 734 ⁵.

516 789 609 854 X.
666 788 867 852 Hanc
908 797 987 852 tu
1022 781 1243 877 igitur
1266 789 1318 866 ¹,
1368 794 1674 877 patrone
1717 773 2078 848 foederum
2125 798 2208 846 ac
2243 770 2549 846 foedera·

436 907 703 977 torum,
744 891 1237 970 conditionem
1287 892 1539 960 statuis
1583 887 1984 974 Gaditanis,
2021 885 2212 957 tuis²
2241 882 2549 968 civibus,

424 1015 507 1073 ut
541 999 744 1099 quod
774 1002 859 1073 iis
879 1055 899 1089 ,
965 1024 1157 1098 quos
1192 997 1564 1071 Gaditanis
1597 993 2052 1092 adjutoribus
2093 995 2308 1068 armis
2347 992 2552 1066 sube-

420 1117 658 1211 gimus
679 1166 701 1196 ‚
737 1126 959 1210 atque
991 1115 1069 1182 in
1113 1109 1461 1182 ditionem
1490 1123 1812 1180 nostram
1841 1106 2286 1204 redegimus,
2315 1105 2554 1188 liceat,

423 1223 484 1290 si
522 1220 843 1320 populus
880 1245 1223 1291 romanus
1248 1220 1686 1318 permiserit,
1721 1233 1808 1289 ut
1841 1216 1934 1290 ab
1967 1231 2222 1288 senatu
2245 1271 2266 1305 ,
2303 1213 2398 1285 ab
2425 1216 2556 1286 im-

422 1329 879 1428 peratoribus
922 1333 1189 1402 nostris
1214 1385 1233 1416 ‚
1277 1332 1562 1402 civitate
1603 1327 2016 1417 donentur3
2071 1325 2146 1398 id
2200 1349 2298 1398 ne
2345 1325 2558 1396 liceat

427 1441 650 1538 ipsis?
682 1441 831 1531 Qui
880 1441 941 1512 si
980 1443 1129 1512 suis
1182 1441 1489 1516 decretis
1529 1437 1907 1537 legibusve
1946 1440 2352 1509 sanxi-ssent
2376 1489 2398 1524 ,
2462 1459 2554 1506 ne

423 1551 587 1648 quis
630 1575 936 1622 suorum
984 1551 1251 1622 civium
1297 1563 1528 1622 castra
1570 1551 2092 1676 imperatorum
2131 1545 2388 1645 populi
2431 1569 2554 1616 ro-

328 1683 333 1689 ·
424 1661 619 1731 mani
668 1661 934 1749 iniret3
979 1684 1072 1732 ne
1120 1664 1285 1758 quis
1318 1683 1393 1733 se
1438 1685 1575 1758 pro
1613 1674 1866 1732 nostro
1907 1660 2213 1780 imperio
2253 1657 2330 1726 in
2373 1656 2560 1753 peri-

422 1775 669 1846 culum
708 1777 1003 1874 capitis,
1042 1790 1261 1875 atque
1305 1777 1387 1846 in
1429 1777 1594 1847 vitae
1627 1775 2015 1846 discrimen
2047 1753 2377 1856 in'ferret3
2415 1772 2558 1842 Ga-

424 1884 841 1956 ditanorum
882 1885 1203 1976 auxiliis,
1242 1911 1475 1984 quum
1537 1885 1934 1970 vellemus,
1981 1885 2092 1954 uti
2141 1879 2354 1953 nobis
2399 1905 2554 1952 non
2607 1923 2615 1933 ·

422 1992 711 2083 liceret3
747 1995 1079 2093 privatim
1114 2019 1320 2084 vero,
1362 2021 1459 2066 ne
1495 1991 1708 2092 quis³
1739 1995 1848 2064 vir
1880 2008 1954 2065 et
1979 1995 2262 2091 animo,
2300 2005 2376 2063 et
2409 1991 2557 2064 vir-

425 2115 583 2173 tute
621 2105 1037 2201 praecellens
1082 2130 1216 2204 pro
1258 2118 1516 2186 nostro
1555 2105 1864 2204 imperio
1904 2102 2232 2203 periculo
2275 2125 2410 2174 suo
2447 2101 2557 2172 di-

424 2215 719 2285 micaret
738 2243 758 2304 ;
778 2217 1089 2312 graviter
1114 2216 1281 2310 jure
1306 2213 1662 2288 ferremus
1673 2212 1730 2301 4,
1755 2214 1990 2284 minui
2017 2211 2278 2284 auxilia
2301 2209 2560 2310 populi

420 2325 743 2414 romani,
805 2325 1168 2399 debilitari
1234 2327 1514 2397 animos
1575 2323 2134 2397 fortissimorum
2182 2323 2510 2395 virorum
2538 2376 2560 2411 ,

420 2433 985 2533 alienigenarum
1046 2462 1183 2511 nos
1234 2437 1620 2511 hominum
1675 2436 1965 2524 studiis,
2003 2450 2222 2534 atque
2260 2448 2560 2506 externa

419 2548 685 2619 virtute
721 2549 1007 2646 privari.
1060 2552 1281 2646 Atqui
1330 2548 1518 2619 nihil
1562 2548 1900 2635 interest,
1933 2544 2249 2642 judiceS,
2305 2558 2558 2615 utrum

416 2656 573 2730 haec
606 2656 935 2730 foederati
956 2659 1120 2754 jura
1156 2662 1642 2747 constituant,
1669 2672 1754 2729 ut
1785 2682 1886 2729 ne
1918 2660 2036 2728 cui
2060 2655 2272 2727 liceat
2309 2680 2402 2727 ex:
2441 2654 2557 2726 his

1536 2890 1632 2951 uti,
1647 2890 1828 2955 quihus
1849 2888 2018 2938 hostes
2044 2898 2095 2937 st
2119 2903 2287 2938 servos
2305 2889 2452 2937 etiam
2468 2904 2562 2953 po-

1535 2970 1684 3037 pulus
1703 2970 1774 3018 ob
1797 2968 1989 3033 egregia
2007 2969 2064 3017 in
2080 2967 2434 3033 mpublicsm
2455 2984 2563 3017 me-

418 2900 587 2939 rentur
624 2894 879 2942 ».1nmo
930 2908 1245 2958 quocumque
1294 2891 1447 2943 modo

416 2966 691 3019 libertatem
752 2981 1163 3035 assequerentur,
1219 2970 1449 3021 videntur

418 3046 584 3113 adepti
608 3050 759 3100 finisse
782 3050 1195 3099 civitatem.1ude
1212 3061 1289 3101 est
1311 3050 1450 3115 quod

417 3126 588 3177 Cicero
614 3128 837 3178 servilem
865 3130 1201 3179 conditionem
1220 3134 1448 3179 externo-

418 3221 529 3255 rum
588 3208 893 3272 populorum
955 3210 1155 3259 fortuna
1202 3209 1447 3339 potiooem

417 3284 526 3335 sore
549 3287 811 3351 prodient.

488 3364 647 3415 5.A1.
669 3364 976 3415 videbamus.
1004 3369 1053 3416 J.
1071 3370 1135 3415 V.
1160 3368 1216 3414 1..

486 3446 557 3492 X.
584 3459 630 3491 1.
655 3446 801 3493 Hane
826 3457 878 3493 tu
902 3443 1065 3511 igitur.
1091 3448 1443 3495 Accua-torem

414 3522 575 3571 multo
610 3524 803 3586 gnavius
831 3526 1045 3589 exagitat
1083 3535 1251 3572 orator
1288 3539 1442 3587 quum

416 3600 655 3661 ostendit,
676 3618 785 3667 qnae
802 3615 1069 3667 sequutura
1080 3604 1306 3651 insanum
1324 3619 1443 3651 con-

412 3680 577 3729 silium
604 3680 803 3731 fuerint.
838 3682 1040 3731 Iudices
1069 3682 1216 3733 simul
1249 3682 1304 3730 in
1328 3700 1441 3731 eum

412 3760 570 3819 acuit,
611 3760 855 3824 μηνίει-ἰὴ
892 3762 1034 3811 Balbi
1074 3778 1214 3811 cama
1236 3797 1253 3819 ,
1287 3778 1441 3826 quum
1475 3780 1479 3783 ·

412 3838 599 3887 indicat
630 3838 871 3903 populum
898 3856 1151 3889 romanum
1178 3841 1340 3888 orbari
1364 3842 1441 3891 his

411 3918 533 3981 ipsis
582 3917 783 3983 populis
836 3918 1177 3981 adjutoribus,
1230 3935 1440 3983 quorum

412 3994 597 4045 auxilio
622 4012 847 4060 maguam
874 3994 1008 4045 orbis
1032 4005 1217 4058 partem
1239 3998 1441 4061 subege-

416 4074 495 4121 rit.
527 4074 778 4138 Simulque
814 4074 1061 4128 ostendit,
1096 4084 1333 4134 quantum
1374 4077 1441 4125 sit

416 4152 595 4201 huss-me
609 4187 624 4212 ,
668 4152 935 4203 redemtos
977 4150 1194 4217 populos
1236 4168 1341 4203 uon
1382 4156 1443 4202 iis

1537 3050 1628 3099 rita
1652 3046 1933 3097 don-verit.

1610 3144 1660 3177 a.
1695 3127 1808 3175 Tuis
1831 3124 2032 3173 civibus.
2055 3125 2196 3173 Patet
2221 3123 2336 3173 inde
2363 3141 2562 3173 accuss-

1535 3219 1694 3257 tonem
1735 3206 2036 3256 Gaditanum
2075 3206 2254 3266 fuisse,
2290 3205 2378 3255 sed
2403 3206 2561 3255 civem

1535 3302 1736 3351 quoque
1759 3287 2055 3335 Romanum.

1605 3368 1658 3415 3.
1690 3364 1928 3414 Privatim
1949 3380 2075 3412 vero
2093 3400 2110 3427 ,
2135 3380 2198 3412 ne
2226 3363 2352 3429 qui&
2387 3363 2560 3415 anb.

1533 3468 1560 3490 a
1581 3446 1810 3512 privatim
1828 3460 1947 3494 vero
1963 3444 2004 3492 si
2020 3478 2036 3504 ,
2051 3460 2114 3492 ue
2131 3444 2246 3509 quis
2259 3466 2304 3495 τι.
2332 3444 2436 3495 cm-
2453 3446 2524 3495 ita
2537 3448 2563 3495 Ξ)

1531 3538 1608 3575 est
1628 3527 1758 3575 enim
1779 3524 2070 3587 absurdum,
2095 3546 2122 3566 ι
2137 3525 2180 3572 si
2203 3525 2430 3587 privatin
2449 3542 2564 3575 sau·

1529 3606 1721 3655 xisseut
1739 3626 1762 3649 ι
1793 3620 1806 3655 :
1833 3616 1892 3653 ut
1917 3614 2076 3653 sutem
2094 3603 2328 3671 privatim
2354 3607 2571 3667 conjun-

1529 3702 1616 3750 gas
1663 3702 1776 3734 cum
1817 3684 2075 3734 dimicaret
2091 3720 2108 3742 ,
2161 3701 2268 3733 nou
2312 3696 2384 3734 est
2431 3700 2562 3749 opus

1531 3767 1771 3829 particula
1803 3765 1906 3815 ulla
1934 3766 2241 3829 interposita.
2280 3764 2559 3829 Legendum

1530 3856 1606 3893 est
1650 3848 1911 3907 conjuncte
1933 3882 1951 3907 ,
2000 3867 2026 3887 ιι
2059 3843 2290 3908 privatim
2331 3858 2450 3890 vero
2497 3858 2562 3891 uo

1529 3923 1642 3987 quis
1675 3947 1700 3967 a
1727 3940 1741 3975 ς
1789 3926 2040 3989 superiora
2077 3923 2205 3971 enim
2246 3921 2307 3970 de
2342 3920 2556 3986 publicis

1528 4003 1723 4051 auxiliis
1743 4003 1954 4051 civitatis
1974 4001 2214 4065 intelligo,
2235 4000 2340 4049 haec
2360 4016 2476 4049 vero
2496 4001 2560 4051 de

1531 4081 1850 4146 singularium
1875 4080 2056 4129 civium
2079 4079 2352 4127 voluntaria
2371 4078 2559 4129 militia.

1605 4168 1656 4217 4.
1687 4162 1774 4210 Al.
1799 4161 1856 4209 id
1867 4159 2040 4225 jures.
2059 4160 2108 4207 J.
2123 4160 2189 4207 V.
2209 4160 2264 4209 1..
