2996 4694
828 416 1227 487 ORATIO
1274 417 1387 486 IN
1440 417 1983 488 VATINIUM.
2339 419 2473 516 ¹39

426 543 557 612 Ill.
609 541 789 613 Nam
842 535 1045 636 quod
1088 535 1269 610 mihi
1310 535 1704 610 discessum
1727 549 1748 584 ⁸
1805 536 2138 634 objecisti
2179 559 2422 613 meum
2445 597 2466 628 ,

333 663 405 720 et
439 648 639 748 quod
686 649 947 720 horum
970 659 1027 736 ²,
1070 647 1341 746 quibus
1384 647 1506 720 ille
1549 648 1706 721 dies
1749 649 2252 722 acerbissimus
2289 652 2428 723 fuit
2445 707 2466 742 ,

329 759 458 857 qui
502 758 695 831 idem
732 757 859 830 tibi
909 758 1307 832 laetissimus
1338 811 1356 846 ,
1412 758 1692 832 luctum
1736 774 1812 831 et
1855 763 2206 858 gemitum
2251 783 2466 833 reno·

332 891 497 942 vare
535 868 825 941 voluisti
852 898 869 940 :
896 883 1183 942 tantum
1220 867 1354 942 tibi
1395 870 1846 968 respondeo,
1885 893 2036 957 me,
2065 894 2302 967 quum
2341 885 2422 942 tu
2445 925 2466 960 ‚

330 993 733 1076 ceteraeque
767 981 1181 1080 reipublicae
1214 977 1525 1080 pestes-²¹,
1557 1003 1926 1052 armorum
1961 1004 2246 1052 causam
2279 1005 2472 1078 quae·

328 1091 619 1178 reretiS,
660 1105 737 1163 et
780 1111 1012 1190 quum
1048 1115 1182 1192 per
1230 1113 1475 1164 meum
1519 1099 1793 1163 nomen
1819 1096 1852 1143 ⁴
1901 1089 2232 1162 fortunas
2265 1091 2470 1162 locu·

329 1199 635 1298 pletium
676 1201 1027 1302 diripere,
1070 1205 1493 1302 sanguinem
1539 1204 1954 1303 principum
1997 1204 2304 1274 civitatis
2342 1227 2466 1274 ex-

327 1309 623 1385 sorbere
642 1367 663 1402 ,
690 1313 1188 1388 crudelitatem
1224 1331 1538 1388 vesu-am
1573 1313 1974 1412 odiumque
2002 1313 2468 1404 diuturnum,

326 1421 529 1520 quod
566 1423 640 1494 in
680 1421 917 1497 bonos
952 1425 1099 1522 jam
1146 1428 1625 1499 inveteratum
1675 1422 2050 1496 habebatis
2067 1473 2088 1512 ,
2143 1437 2465 1496 saturare

326 1533 687 1630 cuperetis
707 1586 728 1621 ‚
782 1534 1017 1608 scelus
1068 1547 1145 1608 et
1194 1534 1520 1608 furorem
1569 1549 1886 1607 vestrum
1931 1533 2264 1606 cedendo
2315 1557 2470 1606 ma-

326 1641 542 1713 luisse
574 1640 940 1742 frangere,
968 1669 1191 1745 quam
1222 1645 1654 1719 resistendo.
1685 1646 1932 1735 Quare
1965 1659 2140 1742 peto
2171 1666 2212 1715 a
2247 1655 2358 1731 te,
2387 1658 2472 1715 ut

328 1751 505 1824 mihi
570 1755 968 1851 ignoscas⁶,
1031 1759 1313 1846 Vatini,
1378 1781 1612 1856 quum
1667 1755 1916 1854 patriae
1984 1755 2473 1853 pepercerim,

325 1885 545 1959 quam
571 1887 966 1956 servaram3
994 1883 1100 1956 et,
1136 1869 1197 1940 si
1218 1891 1357 1966 ego
1384 1882 1458 1938 te
1485 1865 1930 1967 perditorem
1953 1879 2026 1935 et
2050 1879 2464 1936 vexatorem

327 1972 737 2070 reipublicae
782 1973 977 2066 fero,
1025 1994 1109 2050 tu
1156 2001 1277 2052 me
1321 1973 1906 2050 conservatorem
1959 1989 2034 2047 et
2089 1974 2464 2048 custodem

325 2077 531 2155 seras.
571 2085 853 2158 Deinde
889 2088 1044 2184 ejus
1082 2088 1217 2160 viri
1262 2087 1654 2161 discessum
1689 2090 2055 2184 inerepaS,
2103 2110 2322 2183 quem
2355 2088 2465 2157 vi-

325 2189 453 2264 des
473 2243 495 2282 ‚
524 2197 849 2266 omnium
886 2199 1151 2268 civium
1178 2195 1575 2287 desiderio,
1611 2197 1840 2295 ipsius
1877 2193 2192 2292 denique
2225 2196 2466 2294 reipu-

288 2301 531 2376 ‚blicae
596 2304 801 2378 luctu
852 2332 1006 2380 esse
1060 2308 1524 2383 revocatum?
1585 2311 1678 2381 At
1732 2307 1922 2379 enim
1975 2304 2258 2391 dixisti,
2313 2331 2466 2379 non

322 2436 513 2501 mea,
576 2416 703 2489 sed
742 2418 1157 2518 reipublicae
1206 2444 1417 2493 causa
1462 2419 1796 2491 homines
1857 2416 1952 2489 de
2003 2440 2172 2489 meo
2221 2417 2464 2491 reditu

328 2522 706 2600 laborasse.
732 2530 959 2621 Quasi
992 2554 1169 2603 vero
1204 2532 1592 2629 quisquam
1627 2531 1771 2617 vir,
1800 2526 2186 2599 excellenti
2217 2532 2464 2600 animo

322 2636 396 2705 in
432 2636 957 2736 rempublicam
984 2642 1347 2739 ingressus
1367 2694 1387 2727 ‚
1414 2636 1810 2737 optabilius
1839 2637 2242 2736 quidquam
2280 2638 2466 2711 arbi-

324 2758 579 2835 uetur,
606 2772 823 2845 quam
854 2774 929 2822 se
953 2775 992 2821 a
1022 2753 1168 2823 suis
1196 2748 1473 2822 civibus
1498 2746 1918 2846 reipublicae
1951 2744 2212 2820 causas>
2236 2746 2460 2847 diligi.

1429 2955 1506 2993 trs
1527 2961 1604 2991 me
1623 2954 1928 3009 caperentur,
1956 2953 2006 2991 et
2033 2942 2147 2991 ideo
2175 2955 2348 2993 contra
2378 2960 2458 2995 ee-

1430 3034 1561 3071 teros
1597 3038 1766 3070 omnes
1796 3022 1883 3086 qui
1910 3038 2067 3069 causae
2093 3038 2214 3071 meo
2245 3026 2460 3088 patroci-

324 2942 527 3006 frsgium
560 2942 757 3007 quidem
791 2962 854 2993 ex
886 2962 972 2993 sua
1001 2946 1132 2994 tribu
1158 2946 1340 2995 tulerit.

321 3021 545 3070 Ceterum
564 3034 731 3086 postes
752 3024 929 3073 consul
955 3041 982 3073 a
1012 3026 1199 3075 Caesare
1228 3041 1341 3075 cum

324 3098 463 3161 {fufio
487 3101 677 3151 Caleno
701 3103 859 3153 fectus
885 3114 989 3163 ειη
1018 3116 1075 3153 ut
1097 3105 1235 3169 quod
1259 3120 1343 3153 sn-

324 3190 512 3243 peteret
566 3180 712 3230 breve
756 3182 873 3229 enni
930 3184 1141 3248 spatium
1192 3183 1342 3232 adim·

392 3338 483 3385 111.
522 3352 569 3385 1.
609 3337 893 3389 Diaconum.
931 3341 1098 3404 Quum
1139 3342 1344 3407 iniquis—

322 3412 443 3463 sima
466 3412 631 3465 Clodii
665 3415 773 3483 lege
805 3418 871 3467 ab
902 3418 1025 3467 urbe
1047 3420 1219 3484 pulsus
1245 3420 1345 3471 dis-

322 3494 483 3543 cessit.

394 3588 448 3622 a.
475 3574 681 3623 Horam.
722 3576 993 3639 Judieum,
1032 3591 1083 3628 et
1121 3580 1345 3629 omnium

319 3652 406 3716 qni
431 3650 557 3701 bene
584 3652 647 3699 de
671 3653 919 3718 republica
940 3659 1233 3709 sentiebant.

392 3732 446 3780 3.
476 3730 661 3779 θεων-ω
686 3742 867 3797 pestes.
889 3736 1059 3798 Qualis
1078 3736 1339 3799 Gabinius,

318 3808 463 3874 Piso,
496 3808 728 3869 Clodius,
766 3814 1009 3877 ceterique
1046 3832 1219 3865 omnes
1258 3819 1345 3881 qui

317 3886 619 3951 plebeculam
634 3886 701 3937 sd
724 3888 989 3940 seditiones
1012 3893 1344 3947 concitabant.

389 3976 442 4023 4.
458 3966 550 4015 Per
576 3982 737 4015 meum
761 3984 959 4017 nomen.
988 3972 1109 4020 Meo
1144 3974 1345 4025 nomine

318 4054 572 4108 praetento.
590 4044 815 4109 Namque
839 4047 1106 4111 sperabatis
1122 4050 1255 4113 fore,
1282 4062 1337 4101 ut

320 4124 359 4168 si
387 4122 481 4187 legi
505 4140 609 4173 non
635 4124 1045 4189 obtemperarem,
1075 4144 1203 4177 arms
1222 4146 1336 4179 eou-

1428 3104 1566 3151 nium
1615 3102 1978 3165 suscepissent:
2017 3100 2134 3149 inde
2173 3101 2348 3151 fuisset
2393 3105 2460 3151 ss·

1430 3193 1566 3231 ctum
1583 3214 1602 3242 ‚
1639 3192 1696 3229 ut
1723 3196 1893 3228 omnes
1927 3180 2247 3229 miscerentur
2277 3186 2457 3249 gravis·

1430 3262 1556 3309 simo
1591 3260 1722 3309 bello
1752 3258 2032 3324 reipublicae
2065 3258 2264 3310 ordines
2277 3296 2296 3320 ,
2329 3274 2378 3311 et
2403 3262 2460 3313 in

1430 3340 1596 3388 medio
1622 3354 1782 3389 rerum
1809 3354 2088 3387 eversarum
2113 3342 2356 3400 tumultu,
2398 3342 2458 3391 li-

1433 3418 1611 3467 cuisset
1655 3417 1748 3466 tibi
1799 3418 2070 3482 ceterisque
2111 3418 2314 3485 collegis
2367 3425 2464 3473 tuis

1431 3514 1544 3563 qun
1568 3497 1777 3549 Catilina
1797 3498 1998 3563 perabat
2015 3498 2231 3547 facinora
2247 3502 2467 3567 exsequi.

1505 3580 1554 3627 5.
1573 3578 1636 3625 Ue
1649 3576 1772 3626 mila
1783 3576 2034 3643 ignoscas.
2054 3579 2241 3644 Argute
2257 3580 2461 3631 dictum.

1430 3658 1636 3707 Veniam
1653 3658 1718 3707 ab
1735 3674 1796 3707 eo
1821 3662 1974 3722 petit,
2009 3660 2146 3723 quod
2162 3694 2177 3719 ‚
2213 3679 2364 3726 quum
2385 3680 2464 3711 res

1430 3740 1600 3805 peregi
1645 3742 1905 3805 potuisset,
1928 3741 2024 3789 nisi
2059 3742 2310 3807 profectus
2343 3742 2463 3793 suis·

1431 3830 1505 3867 set
1523 3853 1540 3878 ,
1564 3816 1779 3869 discessu
1815 3836 1908 3869 sno
1937 3836 2050 3887 spes
2086 3837 2256 3871 omnes
2289 3838 2458 3871 eornm

1432 3898 1835 3962 pessumdederit.

1505 3978 1558 4027 6.
1607 3976 1902 4041 Respublica
1943 3994 2096 4027 causa
2141 3978 2297 4044 diligi.
2351 3979 2460 4027 Fuit

1424 4058 1558 4105 enim
1575 4056 1752 4106 Cicero
1772 4058 2056 4121 reipublice
2083 4072 2228 4105 csuss
2256 4074 2456 4107 revoca-

1424 4146 1538 4183 tus:
1577 4150 1686 4185 nem
1717 4152 1870 4199 quum
1911 4138 1965 4183 P.
1990 4134 2200 4186 Clodius
2219 4138 2456 4201 Pompeio
