<?xml version="1.0" encoding="UTF-8"?>
<!DOCTYPE html PUBLIC "-//W3C//DTD XHTML 1.0 Transitional//EN"
    "http://www.w3.org/TR/xhtml1/DTD/xhtml1-transitional.dtd">
<html xmlns="http://www.w3.org/1999/xhtml" xml:lang="en" lang="en">
 <head>
  <title>
</title>
<meta http-equiv="Content-Type" content="text/html;charset=utf-8" />
  <meta name='ocr-system' content='tesseract 3.04.00' />
  <meta name='ocr-capabilities' content='ocr_page ocr_carea ocr_par ocr_line ocrx_word'/>
</head>
<body>
  <div class='ocr_page' id='page_1' title='image "./mtciceronisquae08lemagoog/mtciceronisquae08lemagoog_0568.png"; bbox 0 0 2996 4694; ppageno 0'>
   <div class='ocr_carea' id='block_1_1' title="bbox 469 382 1967 469">
    <p class='ocr_par' dir='ltr' id='par_1_1' title="bbox 469 382 1967 469">
     <span class='ocr_line' id='line_1_1' title="bbox 469 382 1967 469; baseline -0.003 -14"><span class='ocrx_word' id='word_1_1' title='bbox 469 382 606 469; x_wconf 68' lang='lat'><strong>564</strong></span> <span class='ocrx_word' id='word_1_2' title='bbox 1037 446 1044 453; x_wconf 83' lang='grc'><em>,</em></span> <span class='ocrx_word' id='word_1_3' title='bbox 1121 382 1216 449; x_wconf 89' lang='grc' dir='ltr'><strong>Μ.</strong></span> <span class='ocrx_word' id='word_1_4' title='bbox 1261 383 1340 450; x_wconf 92' lang='grc' dir='ltr'><strong>Τ.</strong></span> <span class='ocrx_word' id='word_1_5' title='bbox 1393 382 1967 451; x_wconf 86' lang='lat' dir='ltr'>CICERONIS</span> 
     </span>
    </p>
   </div>
   <div class='ocr_carea' id='block_1_2' title="bbox 458 500 2615 2904">
    <p class='ocr_par' dir='ltr' id='par_1_2' title="bbox 458 500 2601 1483">
     <span class='ocr_line' id='line_1_2' title="bbox 464 500 2597 593; baseline -0.002 -14"><span class='ocrx_word' id='word_1_6' title='bbox 464 508 678 579; x_wconf 88' lang='lat' dir='ltr'><strong>nimis</strong></span> <span class='ocrx_word' id='word_1_7' title='bbox 741 502 1158 576; x_wconf 84' lang='lat' dir='ltr'>iracundam</span> <span class='ocrx_word' id='word_1_8' title='bbox 1203 500 1520 573; x_wconf 83' lang='lat' dir='ltr'><strong>futuram</strong></span> <span class='ocrx_word' id='word_1_9' title='bbox 1574 502 1791 574; x_wconf 85' lang='lat' dir='ltr'><strong>fuisse</strong></span> <span class='ocrx_word' id='word_1_10' title='bbox 1834 502 2231 575; x_wconf 86' lang='lat' dir='ltr'><strong>victoriam.</strong></span> <span class='ocrx_word' id='word_1_11' title='bbox 2286 502 2597 593; x_wconf 86' lang='lat' dir='ltr'><strong>Quidam</strong></span> 
     </span>
     <span class='ocr_line' id='line_1_3' title="bbox 465 611 2601 700; baseline -0.001 -12"><span class='ocrx_word' id='word_1_12' title='bbox 465 620 654 689; x_wconf 86' lang='lat' dir='ltr'><strong>enim</strong></span> <span class='ocrx_word' id='word_1_13' title='bbox 699 641 850 685; x_wconf 90' lang='lat' dir='ltr'><strong>non</strong></span> <span class='ocrx_word' id='word_1_14' title='bbox 889 612 1107 685; x_wconf 87' lang='lat' dir='ltr'><strong>modo</strong></span> <span class='ocrx_word' id='word_1_15' title='bbox 1153 616 1480 700; x_wconf 61' lang='lat' dir='ltr'><strong>armam,</strong></span> <span class='ocrx_word' id='word_1_16' title='bbox 1518 614 1643 686; x_wconf 90' lang='lat' dir='ltr'><strong>sed</strong></span> <span class='ocrx_word' id='word_1_17' title='bbox 1681 611 2051 685; x_wconf 90' lang='lat' dir='ltr'><strong>interdum</strong></span> <span class='ocrx_word' id='word_1_18' title='bbox 2098 614 2315 685; x_wconf 88' lang='lat' dir='ltr'><strong>etiam</strong></span> <span class='ocrx_word' id='word_1_19' title='bbox 2350 616 2601 685; x_wconf 85' lang='lat' dir='ltr'><strong>otiosis</strong></span> 
     </span>
     <span class='ocr_line' id='line_1_4' title="bbox 461 721 2601 823; baseline -0.001 -26"><span class='ocrx_word' id='word_1_20' title='bbox 461 721 1006 809; x_wconf 86' lang='lat' dir='ltr'><strong>minabantur⁵;</strong></span> <span class='ocrx_word' id='word_1_21' title='bbox 1055 748 1228 812; x_wconf 86' lang='lat' dir='ltr'><strong>nec,</strong></span> <span class='ocrx_word' id='word_1_22' title='bbox 1277 724 1454 823; x_wconf 88' lang='lat' dir='ltr'><strong>quid</strong></span> <span class='ocrx_word' id='word_1_23' title='bbox 1510 725 1821 821; x_wconf 89' lang='lat' dir='ltr'><strong>quisque</strong></span> <span class='ocrx_word' id='word_1_24' title='bbox 1874 724 2249 810; x_wconf 84' lang='lat' dir='ltr'><strong>sensisset,</strong></span> <span class='ocrx_word' id='word_1_25' title='bbox 2300 723 2425 796; x_wconf 91' lang='lat' dir='ltr'><strong>sed</strong></span> <span class='ocrx_word' id='word_1_26' title='bbox 2472 724 2601 796; x_wconf 90' lang='lat' dir='ltr'><strong>ubi</strong></span> 
     </span>
     <span class='ocr_line' id='line_1_5' title="bbox 461 833 2599 934; baseline -0.001 -26"><span class='ocrx_word' id='word_1_27' title='bbox 461 836 746 923; x_wconf 82' lang='lat' dir='ltr'><strong>fuisset,</strong></span> <span class='ocrx_word' id='word_1_28' title='bbox 798 834 1262 931; x_wconf 86' lang='lat' dir='ltr'><strong>cogitandum</strong></span> <span class='ocrx_word' id='word_1_29' title='bbox 1301 858 1460 905; x_wconf 88' lang='lat' dir='ltr'><strong>esse</strong></span> <span class='ocrx_word' id='word_1_30' title='bbox 1510 833 1851 907; x_wconf 89' lang='lat' dir='ltr'><strong>dicebant</strong></span> <span class='ocrx_word' id='word_1_31' title='bbox 1897 860 1915 904; x_wconf 73' lang='grc' dir='ltr'><strong>ε</strong></span> <span class='ocrx_word' id='word_1_32' title='bbox 1960 850 2041 905; x_wconf 86' lang='lat' dir='ltr'><strong>ut</strong></span> <span class='ocrx_word' id='word_1_33' title='bbox 2080 835 2262 905; x_wconf 88' lang='lat' dir='ltr'><strong>mihi</strong></span> <span class='ocrx_word' id='word_1_34' title='bbox 2300 834 2599 934; x_wconf 91' lang='lat' dir='ltr'><strong>quidem</strong></span> 
     </span>
     <span class='ocr_line' id='line_1_6' title="bbox 461 943 2599 1043; baseline -0.001 -25"><span class='ocrx_word' id='word_1_35' title='bbox 461 948 851 1033; x_wconf 34' lang='lat' dir='ltr'><strong>videantur.</strong></span> <span class='ocrx_word' id='word_1_36' title='bbox 881 943 982 1016; x_wconf 88' lang='lat' dir='ltr'><strong>dii</strong></span> <span class='ocrx_word' id='word_1_37' title='bbox 1043 944 1485 1016; x_wconf 88' lang='lat' dir='ltr'><strong>immortales</strong></span> <span class='ocrx_word' id='word_1_38' title='bbox 1507 998 1527 1032; x_wconf 92' lang='lat'><strong>‚</strong></span> <span class='ocrx_word' id='word_1_39' title='bbox 1588 946 1863 1016; x_wconf 88' lang='lat' dir='ltr'><strong>etiamsi</strong></span> <span class='ocrx_word' id='word_1_40' title='bbox 1920 968 2178 1042; x_wconf 85' lang='lat' dir='ltr'><strong>poenas</strong></span> <span class='ocrx_word' id='word_1_41' title='bbox 2224 970 2265 1016; x_wconf 91' lang='lat' dir='ltr'><strong>a</strong></span> <span class='ocrx_word' id='word_1_42' title='bbox 2322 944 2599 1043; x_wconf 89' lang='lat' dir='ltr'><strong>populo</strong></span> 
     </span>
     <span class='ocr_line' id='line_1_7' title="bbox 458 1051 2601 1153; baseline -0.001 -24"><span class='ocrx_word' id='word_1_43' title='bbox 458 1083 761 1129; x_wconf 88' lang='lat' dir='ltr'><strong>romano</strong></span> <span class='ocrx_word' id='word_1_44' title='bbox 801 1056 902 1129; x_wconf 93' lang='lat' dir='ltr'><strong>ob</strong></span> <span class='ocrx_word' id='word_1_45' title='bbox 940 1055 1234 1153; x_wconf 86' lang='lat' dir='ltr'>aliquod</span> <span class='ocrx_word' id='word_1_46' title='bbox 1273 1054 1617 1126; x_wconf 90' lang='lat' dir='ltr'><strong>delictum</strong></span> <span class='ocrx_word' id='word_1_47' title='bbox 1646 1055 2128 1153; x_wconf 84' lang='lat' dir='ltr'><strong>expetiverint</strong></span> <span class='ocrx_word' id='word_1_48' title='bbox 2142 1051 2199 1142; x_wconf 79' lang='lat'><strong>⁶,</strong></span> <span class='ocrx_word' id='word_1_49' title='bbox 2234 1058 2364 1152; x_wconf 88' lang='lat' dir='ltr'><strong>qui</strong></span> <span class='ocrx_word' id='word_1_50' title='bbox 2392 1056 2601 1128; x_wconf 89' lang='lat' dir='ltr'><strong>civile</strong></span> 
     </span>
     <span class='ocr_line' id='line_1_8' title="bbox 461 1164 2601 1259; baseline -0.002 -18"><span class='ocrx_word' id='word_1_51' title='bbox 461 1170 736 1259; x_wconf 84' lang='lat' dir='ltr'><strong>bellum</strong></span> <span class='ocrx_word' id='word_1_52' title='bbox 801 1182 1084 1237; x_wconf 81' lang='lat' dir='ltr'><strong>tantum</strong></span> <span class='ocrx_word' id='word_1_53' title='bbox 1129 1181 1205 1236; x_wconf 85' lang='lat' dir='ltr'><strong>et</strong></span> <span class='ocrx_word' id='word_1_54' title='bbox 1250 1180 1398 1236; x_wconf 88' lang='lat' dir='ltr'><strong>tam</strong></span> <span class='ocrx_word' id='word_1_55' title='bbox 1449 1164 1866 1236; x_wconf 89' lang='lat' dir='ltr'><strong>luctuosum</strong></span> <span class='ocrx_word' id='word_1_56' title='bbox 1925 1166 2431 1249; x_wconf 83' lang='lat' dir='ltr'><strong>excitaverint,</strong></span> <span class='ocrx_word' id='word_1_57' title='bbox 2485 1166 2601 1237; x_wconf 84' lang='lat' dir='ltr'><strong>vel</strong></span> 
     </span>
     <span class='ocr_line' id='line_1_9' title="bbox 461 1273 2601 1377; baseline -0.002 -27"><span class='ocrx_word' id='word_1_58' title='bbox 461 1280 718 1377; x_wconf 89' lang='lat' dir='ltr'><strong>placati</strong></span> <span class='ocrx_word' id='word_1_59' title='bbox 758 1277 940 1373; x_wconf 86' lang='lat' dir='ltr'><strong>jam,</strong></span> <span class='ocrx_word' id='word_1_60' title='bbox 977 1275 1088 1347; x_wconf 84' lang='lat' dir='ltr'><strong>vel</strong></span> <span class='ocrx_word' id='word_1_61' title='bbox 1133 1276 1410 1346; x_wconf 87' lang='lat' dir='ltr'><strong>satiati7</strong></span> <span class='ocrx_word' id='word_1_62' title='bbox 1449 1273 1877 1371; x_wconf 82' lang='lat' dir='ltr'><strong>aliquando,</strong></span> <span class='ocrx_word' id='word_1_63' title='bbox 1920 1298 2217 1347; x_wconf 87' lang='lat' dir='ltr'><strong>omnem</strong></span> <span class='ocrx_word' id='word_1_64' title='bbox 2252 1298 2459 1372; x_wconf 90' lang='lat' dir='ltr'><strong>spem</strong></span> <span class='ocrx_word' id='word_1_65' title='bbox 2498 1300 2601 1346; x_wconf 86' lang='lat' dir='ltr'><strong>sa-</strong></span> 
     </span>
     <span class='ocr_line' id='line_1_10' title="bbox 463 1385 2597 1483; baseline -0.002 -24"><span class='ocrx_word' id='word_1_66' title='bbox 463 1392 630 1461; x_wconf 87' lang='lat' dir='ltr'><strong>lutis</strong></span> <span class='ocrx_word' id='word_1_67' title='bbox 657 1387 748 1461; x_wconf 91' lang='lat' dir='ltr'><strong>ad</strong></span> <span class='ocrx_word' id='word_1_68' title='bbox 793 1387 1250 1458; x_wconf 87' lang='lat' dir='ltr'><strong>clementiam</strong></span> <span class='ocrx_word' id='word_1_69' title='bbox 1290 1388 1582 1457; x_wconf 81' lang='lat' dir='ltr'><strong>victoris</strong></span> <span class='ocrx_word' id='word_1_70' title='bbox 1612 1400 1685 1457; x_wconf 91' lang='lat' dir='ltr'><strong>et</strong></span> <span class='ocrx_word' id='word_1_71' title='bbox 1720 1387 2141 1483; x_wconf 83' lang='lat' dir='ltr'><strong>sapientiam</strong></span> <span class='ocrx_word' id='word_1_72' title='bbox 2182 1385 2597 1459; x_wconf 83' lang='lat' dir='ltr'><strong>contulisse.</strong></span> 
     </span>
    </p>

    <p class='ocr_par' dir='ltr' id='par_1_3' title="bbox 463 1494 2615 2904">
     <span class='ocr_line' id='line_1_11' title="bbox 559 1494 2603 1601; baseline -0.001 -32"><span class='ocrx_word' id='word_1_73' title='bbox 559 1502 802 1601; x_wconf 82' lang='lat' dir='ltr'><strong>Quare</strong></span> <span class='ocrx_word' id='word_1_74' title='bbox 827 1494 1060 1593; x_wconf 86' lang='lat' dir='ltr'><strong>gaude</strong></span> <span class='ocrx_word' id='word_1_75' title='bbox 1089 1510 1218 1566; x_wconf 86' lang='lat' dir='ltr'><strong>tuo</strong></span> <span class='ocrx_word' id='word_1_76' title='bbox 1246 1498 1384 1567; x_wconf 87' lang='lat' dir='ltr'><strong>isto</strong></span> <span class='ocrx_word' id='word_1_77' title='bbox 1415 1510 1562 1565; x_wconf 87' lang='lat' dir='ltr'><strong>tam</strong></span> <span class='ocrx_word' id='word_1_78' title='bbox 1594 1496 1978 1569; x_wconf 77' lang='lat' dir='ltr'><strong>excellenti</strong></span> <span class='ocrx_word' id='word_1_79' title='bbox 2006 1495 2231 1580; x_wconf 86' lang='lat' dir='ltr'><strong>bono,</strong></span> <span class='ocrx_word' id='word_1_80' title='bbox 2262 1512 2337 1567; x_wconf 90' lang='lat' dir='ltr'><strong>et</strong></span> <span class='ocrx_word' id='word_1_81' title='bbox 2363 1496 2603 1569; x_wconf 82' lang='lat' dir='ltr'><strong>fruere</strong></span> 
     </span>
     <span class='ocr_line' id='line_1_12' title="bbox 463 1605 2603 1705; baseline -0.001 -26"><span class='ocrx_word' id='word_1_82' title='bbox 463 1632 692 1705; x_wconf 89' lang='lat' dir='ltr'><strong>quum</strong></span> <span class='ocrx_word' id='word_1_83' title='bbox 739 1606 1032 1678; x_wconf 85' lang='lat' dir='ltr'><strong>fortuna</strong></span> <span class='ocrx_word' id='word_1_84' title='bbox 1087 1620 1161 1676; x_wconf 88' lang='lat' dir='ltr'><strong>et</strong></span> <span class='ocrx_word' id='word_1_85' title='bbox 1205 1605 1466 1703; x_wconf 87' lang='lat' dir='ltr'><strong>gloria,</strong></span> <span class='ocrx_word' id='word_1_86' title='bbox 1516 1620 1673 1677; x_wconf 92' lang='lat' dir='ltr'><strong>tum</strong></span> <span class='ocrx_word' id='word_1_87' title='bbox 1720 1608 1937 1677; x_wconf 88' lang='lat' dir='ltr'><strong>etiam</strong></span> <span class='ocrx_word' id='word_1_88' title='bbox 1978 1621 2231 1678; x_wconf 88' lang='lat' dir='ltr'><strong>natura</strong></span> <span class='ocrx_word' id='word_1_89' title='bbox 2268 1621 2341 1677; x_wconf 87' lang='lat' dir='ltr'><strong>et</strong></span> <span class='ocrx_word' id='word_1_90' title='bbox 2386 1608 2603 1679; x_wconf 89' lang='lat' dir='ltr'><strong>mori-</strong></span> 
     </span>
     <span class='ocr_line' id='line_1_13' title="bbox 466 1715 2603 1815; baseline 0 -28"><span class='ocrx_word' id='word_1_91' title='bbox 466 1718 606 1788; x_wconf 90' lang='lat' dir='ltr'><strong>bus</strong></span> <span class='ocrx_word' id='word_1_92' title='bbox 661 1718 846 1802; x_wconf 79' lang='lat' dir='ltr'><strong>tuis3</strong></span> <span class='ocrx_word' id='word_1_93' title='bbox 901 1739 988 1785; x_wconf 79' lang='lat' dir='ltr'><strong>ex</strong></span> <span class='ocrx_word' id='word_1_94' title='bbox 1044 1740 1194 1811; x_wconf 92' lang='lat' dir='ltr'><strong>quo</strong></span> <span class='ocrx_word' id='word_1_95' title='bbox 1245 1715 1543 1814; x_wconf 88' lang='lat' dir='ltr'><strong>quidem</strong></span> <span class='ocrx_word' id='word_1_96' title='bbox 1586 1718 1945 1788; x_wconf 83' lang='lat' dir='ltr'><strong>maximus</strong></span> <span class='ocrx_word' id='word_1_97' title='bbox 1986 1732 2099 1788; x_wconf 87' lang='lat' dir='ltr'><strong>est</strong></span> <span class='ocrx_word' id='word_1_98' title='bbox 2154 1715 2433 1789; x_wconf 80' lang='lat' dir='ltr'><strong>fructus</strong></span> <span class='ocrx_word' id='word_1_99' title='bbox 2484 1720 2603 1815; x_wconf 87' lang='lat' dir='ltr'><strong>ju-</strong></span> 
     </span>
     <span class='ocr_line' id='line_1_14' title="bbox 468 1823 2603 1925; baseline 0 -27"><span class='ocrx_word' id='word_1_100' title='bbox 468 1825 943 1922; x_wconf 89' lang='lat' dir='ltr'><strong>cunditasque</strong></span> <span class='ocrx_word' id='word_1_101' title='bbox 971 1828 1296 1923; x_wconf 82' lang='lat' dir='ltr'><strong>sapienti.</strong></span> <span class='ocrx_word' id='word_1_102' title='bbox 1343 1823 1641 1899; x_wconf 83' lang='lat' dir='ltr'><strong>Cetera⁸</strong></span> <span class='ocrx_word' id='word_1_103' title='bbox 1680 1851 1909 1925; x_wconf 87' lang='lat' dir='ltr'><strong>quum</strong></span> <span class='ocrx_word' id='word_1_104' title='bbox 1947 1841 2072 1897; x_wconf 90' lang='lat' dir='ltr'><strong>tua</strong></span> <span class='ocrx_word' id='word_1_105' title='bbox 2103 1826 2603 1915; x_wconf 87' lang='lat' dir='ltr'><strong>recordabere‚</strong></span> 
     </span>
     <span class='ocr_line' id='line_1_15' title="bbox 469 1934 2605 2035; baseline -0 -26"><span class='ocrx_word' id='word_1_106' title='bbox 469 1940 599 2009; x_wconf 87' lang='lat' dir='ltr'><strong>etsi</strong></span> <span class='ocrx_word' id='word_1_107' title='bbox 641 1960 954 2033; x_wconf 83' lang='lat' dir='ltr'><strong>persaepe</strong></span> <span class='ocrx_word' id='word_1_108' title='bbox 993 1936 1284 2019; x_wconf 87' lang='lat' dir='ltr'><strong>virtuti,</strong></span> <span class='ocrx_word' id='word_1_109' title='bbox 1330 1952 1571 2007; x_wconf 87' lang='lat' dir='ltr'><strong>tamen</strong></span> <span class='ocrx_word' id='word_1_110' title='bbox 1623 1935 2060 2035; x_wconf 87' lang='lat' dir='ltr'><strong>plerumque</strong></span> <span class='ocrx_word' id='word_1_111' title='bbox 2104 1934 2425 2009; x_wconf 85' lang='lat' dir='ltr'><strong>felicitati</strong></span> <span class='ocrx_word' id='word_1_112' title='bbox 2465 1953 2605 2009; x_wconf 83' lang='lat' dir='ltr'><strong>tuae</strong></span> 
     </span>
     <span class='ocr_line' id='line_1_16' title="bbox 468 2044 2604 2145; baseline 0 -26"><span class='ocrx_word' id='word_1_113' title='bbox 468 2044 1063 2145; x_wconf 83' lang='lat' dir='ltr'><strong>congratulabere</strong></span> <span class='ocrx_word' id='word_1_114' title='bbox 1105 2072 1120 2115; x_wconf 91' lang='lat'><strong>:</strong></span> <span class='ocrx_word' id='word_1_115' title='bbox 1164 2045 1254 2115; x_wconf 91' lang='lat' dir='ltr'><strong>de</strong></span> <span class='ocrx_word' id='word_1_116' title='bbox 1301 2045 1557 2131; x_wconf 84' lang='lat' dir='ltr'><strong>nobis,</strong></span> <span class='ocrx_word' id='word_1_117' title='bbox 1608 2070 1795 2143; x_wconf 91' lang='lat' dir='ltr'><strong>quos</strong></span> <span class='ocrx_word' id='word_1_118' title='bbox 1838 2049 1915 2116; x_wconf 90' lang='lat' dir='ltr'><strong>in</strong></span> <span class='ocrx_word' id='word_1_119' title='bbox 1956 2046 2331 2145; x_wconf 82' lang='lat' dir='ltr'><strong>republica</strong></span> <span class='ocrx_word' id='word_1_120' title='bbox 2366 2064 2604 2119; x_wconf 85' lang='lat' dir='ltr'><strong>tecum</strong></span> 
     </span>
     <span class='ocr_line' id='line_1_17' title="bbox 469 2156 2609 2254; baseline 0 -25"><span class='ocrx_word' id='word_1_121' title='bbox 469 2158 684 2229; x_wconf 89' lang='lat' dir='ltr'><strong>simul</strong></span> <span class='ocrx_word' id='word_1_122' title='bbox 729 2156 960 2228; x_wconf 87' lang='lat' dir='ltr'><strong>salvos</strong></span> <span class='ocrx_word' id='word_1_123' title='bbox 1013 2178 1170 2227; x_wconf 90' lang='lat' dir='ltr'><strong>esse</strong></span> <span class='ocrx_word' id='word_1_124' title='bbox 1224 2156 1557 2244; x_wconf 87' lang='lat' dir='ltr'><strong>voluisti,</strong></span> <span class='ocrx_word' id='word_1_125' title='bbox 1616 2158 1904 2253; x_wconf 89' lang='lat' dir='ltr'><strong>quoties</strong></span> <span class='ocrx_word' id='word_1_126' title='bbox 1955 2156 2339 2254; x_wconf 80' lang='lat' dir='ltr'><strong>cogitabis,</strong></span> <span class='ocrx_word' id='word_1_127' title='bbox 2396 2160 2609 2230; x_wconf 86' lang='lat' dir='ltr'><strong>toties</strong></span> 
     </span>
     <span class='ocr_line' id='line_1_18' title="bbox 471 2263 2608 2354; baseline 0.002 -17"><span class='ocrx_word' id='word_1_128' title='bbox 471 2266 566 2339; x_wconf 89' lang='lat' dir='ltr'><strong>de</strong></span> <span class='ocrx_word' id='word_1_129' title='bbox 605 2267 934 2338; x_wconf 86' lang='lat' dir='ltr'><strong>maximis</strong></span> <span class='ocrx_word' id='word_1_130' title='bbox 967 2270 1111 2337; x_wconf 92' lang='lat' dir='ltr'><strong>tuis</strong></span> <span class='ocrx_word' id='word_1_131' title='bbox 1154 2263 1563 2354; x_wconf 81' lang='lat' dir='ltr'><strong>beneficiis,</strong></span> <span class='ocrx_word' id='word_1_132' title='bbox 1605 2267 1820 2337; x_wconf 90' lang='lat' dir='ltr'><strong>toties</strong></span> <span class='ocrx_word' id='word_1_133' title='bbox 1852 2265 1946 2337; x_wconf 93' lang='lat' dir='ltr'><strong>de</strong></span> <span class='ocrx_word' id='word_1_134' title='bbox 1979 2266 2387 2341; x_wconf 86' lang='lat' dir='ltr'><strong>incredibili</strong></span> <span class='ocrx_word' id='word_1_135' title='bbox 2428 2268 2608 2341; x_wconf 89' lang='lat' dir='ltr'><strong>libe-</strong></span> 
     </span>
     <span class='ocr_line' id='line_1_19' title="bbox 473 2375 2607 2478; baseline 0.001 -30"><span class='ocrx_word' id='word_1_136' title='bbox 473 2379 789 2464; x_wconf 85' lang='lat' dir='ltr'><strong>ralitate,</strong></span> <span class='ocrx_word' id='word_1_137' title='bbox 845 2377 1062 2448; x_wconf 88' lang='lat' dir='ltr'><strong>toties</strong></span> <span class='ocrx_word' id='word_1_138' title='bbox 1109 2375 1201 2446; x_wconf 90' lang='lat' dir='ltr'><strong>de</strong></span> <span class='ocrx_word' id='word_1_139' title='bbox 1251 2376 1589 2473; x_wconf 82' lang='lat' dir='ltr'><strong>singulari</strong></span> <span class='ocrx_word' id='word_1_140' title='bbox 1640 2379 1989 2476; x_wconf 87' lang='lat' dir='ltr'><strong>sapientia</strong></span> <span class='ocrx_word' id='word_1_141' title='bbox 2048 2392 2171 2450; x_wconf 92' lang='lat' dir='ltr'><strong>tua</strong></span> <span class='ocrx_word' id='word_1_142' title='bbox 2224 2379 2607 2478; x_wconf 84' lang='lat' dir='ltr'><strong>cogitabis;</strong></span> 
     </span>
     <span class='ocr_line' id='line_1_20' title="bbox 473 2485 2609 2585; baseline 0.002 -28"><span class='ocrx_word' id='word_1_143' title='bbox 473 2513 636 2585; x_wconf 81' lang='lat' dir='ltr'><strong>quae</strong></span> <span class='ocrx_word' id='word_1_144' title='bbox 693 2511 846 2556; x_wconf 88' lang='lat' dir='ltr'><strong>non</strong></span> <span class='ocrx_word' id='word_1_145' title='bbox 885 2485 1108 2556; x_wconf 88' lang='lat' dir='ltr'><strong>modo</strong></span> <span class='ocrx_word' id='word_1_146' title='bbox 1152 2510 1430 2558; x_wconf 87' lang='lat' dir='ltr'><strong>summa</strong></span> <span class='ocrx_word' id='word_1_147' title='bbox 1467 2485 1703 2575; x_wconf 88' lang='lat' dir='ltr'><strong>bona,</strong></span> <span class='ocrx_word' id='word_1_148' title='bbox 1754 2485 1881 2558; x_wconf 89' lang='lat' dir='ltr'><strong>sed</strong></span> <span class='ocrx_word' id='word_1_149' title='bbox 1933 2489 2271 2560; x_wconf 84' lang='lat' dir='ltr'><strong>nimirum</strong></span> <span class='ocrx_word' id='word_1_150' title='bbox 2322 2489 2609 2562; x_wconf 86' lang='lat' dir='ltr'><strong>audebo</strong></span> 
     </span>
     <span class='ocr_line' id='line_1_21' title="bbox 474 2593 2609 2696; baseline 0.002 -29"><span class='ocrx_word' id='word_1_151' title='bbox 474 2598 588 2668; x_wconf 85' lang='lat' dir='ltr'><strong>vel</strong></span> <span class='ocrx_word' id='word_1_152' title='bbox 632 2593 782 2668; x_wconf 87' lang='lat' dir='ltr'><strong>sola</strong></span> <span class='ocrx_word' id='word_1_153' title='bbox 837 2594 1097 2667; x_wconf 89' lang='lat' dir='ltr'><strong>dicere.</strong></span> <span class='ocrx_word' id='word_1_154' title='bbox 1153 2599 1424 2666; x_wconf 90' lang='lat' dir='ltr'><strong>Tantus</strong></span> <span class='ocrx_word' id='word_1_155' title='bbox 1478 2611 1585 2668; x_wconf 89' lang='lat' dir='ltr'><strong>est</strong></span> <span class='ocrx_word' id='word_1_156' title='bbox 1639 2599 1833 2668; x_wconf 88' lang='lat' dir='ltr'><strong>enim</strong></span> <span class='ocrx_word' id='word_1_157' title='bbox 1882 2596 2231 2696; x_wconf 85' lang='lat' dir='ltr'><strong>splendor</strong></span> <span class='ocrx_word' id='word_1_158' title='bbox 2269 2600 2344 2670; x_wconf 89' lang='lat' dir='ltr'><strong>in</strong></span> <span class='ocrx_word' id='word_1_159' title='bbox 2398 2598 2609 2672; x_wconf 87' lang='lat' dir='ltr'><strong>laude</strong></span> 
     </span>
     <span class='ocr_line' id='line_1_22' title="bbox 474 2703 2606 2808; baseline 0.001 -31"><span class='ocrx_word' id='word_1_160' title='bbox 474 2731 680 2787; x_wconf 81' lang='lat' dir='ltr'><strong>vera,</strong></span> <span class='ocrx_word' id='word_1_161' title='bbox 709 2719 908 2776; x_wconf 89' lang='lat' dir='ltr'><strong>tanta</strong></span> <span class='ocrx_word' id='word_1_162' title='bbox 944 2704 1017 2774; x_wconf 90' lang='lat' dir='ltr'><strong>in</strong></span> <span class='ocrx_word' id='word_1_163' title='bbox 1051 2703 1539 2800; x_wconf 82' lang='lat' dir='ltr'><strong>magnitudine</strong></span> <span class='ocrx_word' id='word_1_164' title='bbox 1580 2707 1799 2776; x_wconf 89' lang='lat' dir='ltr'><strong>animi</strong></span> <span class='ocrx_word' id='word_1_165' title='bbox 1842 2721 1917 2780; x_wconf 86' lang='lat' dir='ltr'><strong>et</strong></span> <span class='ocrx_word' id='word_1_166' title='bbox 1952 2710 2232 2780; x_wconf 87' lang='lat' dir='ltr'><strong>consilii</strong></span> <span class='ocrx_word' id='word_1_167' title='bbox 2265 2708 2606 2808; x_wconf 85' lang='lat' dir='ltr'><strong>dignitas,</strong></span> 
     </span>
     <span class='ocr_line' id='line_1_23' title="bbox 477 2814 2615 2904; baseline 0.002 -17"><span class='ocrx_word' id='word_1_168' title='bbox 477 2831 560 2887; x_wconf 89' lang='lat' dir='ltr'><strong>ut</strong></span> <span class='ocrx_word' id='word_1_169' title='bbox 585 2815 735 2886; x_wconf 84' lang='lat' dir='ltr'><strong>baec</strong></span> <span class='ocrx_word' id='word_1_170' title='bbox 767 2839 810 2884; x_wconf 88' lang='lat' dir='ltr'><strong>a</strong></span> <span class='ocrx_word' id='word_1_171' title='bbox 842 2817 1106 2886; x_wconf 84' lang='lat' dir='ltr'><strong>virtute</strong></span> <span class='ocrx_word' id='word_1_172' title='bbox 1135 2814 1402 2886; x_wconf 84' lang='lat' dir='ltr'><strong>donata</strong></span> <span class='ocrx_word' id='word_1_173' title='bbox 1415 2827 1474 2904; x_wconf 85' lang='lat'><strong>9,</strong></span> <span class='ocrx_word' id='word_1_174' title='bbox 1513 2832 1749 2889; x_wconf 83' lang='lat' dir='ltr'><strong>cetera</strong></span> <span class='ocrx_word' id='word_1_175' title='bbox 1774 2842 1817 2888; x_wconf 87' lang='lat' dir='ltr'><strong>a</strong></span> <span class='ocrx_word' id='word_1_176' title='bbox 1844 2815 2134 2891; x_wconf 87' lang='lat' dir='ltr'><strong>fortuna</strong></span> <span class='ocrx_word' id='word_1_177' title='bbox 2158 2821 2615 2892; x_wconf 88' lang='lat' dir='ltr'><strong>commodata</strong></span> 
     </span>
    </p>
   </div>
   <div class='ocr_carea' id='block_1_3' title="bbox 479 3082 1511 4166">
    <p class='ocr_par' dir='ltr' id='par_1_4' title="bbox 479 3082 1511 4166">
     <span class='ocr_line' id='line_1_24' title="bbox 551 3082 1501 3148; baseline -0.002 -16"><span class='ocrx_word' id='word_1_178' title='bbox 551 3085 603 3134; x_wconf 85' lang='grc'><strong>5.</strong></span> <span class='ocrx_word' id='word_1_179' title='bbox 621 3084 786 3132; x_wconf 70' lang='lat' dir='ltr'><strong>Eeae&#39;ans</strong></span> <span class='ocrx_word' id='word_1_180' title='bbox 812 3082 976 3131; x_wconf 76' lang='lat' dir='ltr'><strong>otiosis</strong></span> <span class='ocrx_word' id='word_1_181' title='bbox 999 3082 1325 3133; x_wconf 72' lang='lat' dir='ltr'><strong>minabantur.</strong></span> <span class='ocrx_word' id='word_1_182' title='bbox 1345 3083 1501 3148; x_wconf 79' lang='lat' dir='ltr'><strong>Epist.</strong></span> 
     </span>
     <span class='ocr_line' id='line_1_25' title="bbox 481 3161 1503 3231; baseline -0.003 -19"><span class='ocrx_word' id='word_1_183' title='bbox 481 3180 514 3231; x_wconf 87' lang='lat'><strong>7</strong></span> <span class='ocrx_word' id='word_1_184' title='bbox 542 3164 604 3212; x_wconf 79' lang='lat' dir='ltr'><strong>ad</strong></span> <span class='ocrx_word' id='word_1_185' title='bbox 627 3166 733 3212; x_wconf 70' lang='lat' dir='ltr'><strong>Ait.</strong></span> <span class='ocrx_word' id='word_1_186' title='bbox 751 3161 837 3211; x_wconf 79' lang='lat' dir='ltr'><strong>lib.</strong></span> <span class='ocrx_word' id='word_1_187' title='bbox 855 3164 930 3209; x_wconf 77' lang='lat' dir='ltr'><strong>xl</strong></span> <span class='ocrx_word' id='word_1_188' title='bbox 953 3175 968 3210; x_wconf 90' lang='lat'>:</span> <span class='ocrx_word' id='word_1_189' title='bbox 1001 3183 1023 3205; x_wconf 78' lang='grc' dir='ltr'>ι</span> <span class='ocrx_word' id='word_1_190' title='bbox 1037 3163 1120 3210; x_wconf 79' lang='lat' dir='ltr'><strong>Me</strong></span> <span class='ocrx_word' id='word_1_191' title='bbox 1146 3161 1420 3211; x_wconf 72' lang='lat' dir='ltr'><strong>discessisse</strong></span> <span class='ocrx_word' id='word_1_192' title='bbox 1438 3162 1503 3210; x_wconf 80' lang='lat' dir='ltr'><strong>sb</strong></span> 
     </span>
     <span class='ocr_line' id='line_1_26' title="bbox 479 3243 1504 3305; baseline 0.001 -17"><span class='ocrx_word' id='word_1_193' title='bbox 479 3243 625 3290; x_wconf 74' lang='lat' dir='ltr'><strong>armis</strong></span> <span class='ocrx_word' id='word_1_194' title='bbox 655 3255 918 3304; x_wconf 69' lang='lat' dir='ltr'><strong>numquam</strong></span> <span class='ocrx_word' id='word_1_195' title='bbox 953 3243 1214 3305; x_wconf 78' lang='lat' dir='ltr'><strong>poenituit3</strong></span> <span class='ocrx_word' id='word_1_196' title='bbox 1243 3252 1380 3291; x_wconf 70' lang='lat' dir='ltr'><strong>tants</strong></span> <span class='ocrx_word' id='word_1_197' title='bbox 1400 3251 1504 3289; x_wconf 74' lang='lat' dir='ltr'><strong>erat</strong></span> 
     </span>
     <span class='ocr_line' id='line_1_27' title="bbox 481 3319 1504 3383; baseline -0.003 -14"><span class='ocrx_word' id='word_1_198' title='bbox 481 3323 535 3370; x_wconf 81' lang='lat' dir='ltr'><strong>in</strong></span> <span class='ocrx_word' id='word_1_199' title='bbox 561 3321 654 3369; x_wconf 90' lang='lat' dir='ltr'><strong>illis</strong></span> <span class='ocrx_word' id='word_1_200' title='bbox 681 3320 967 3383; x_wconf 71' lang='lat' dir='ltr'><strong>crudelius,</strong></span> <span class='ocrx_word' id='word_1_201' title='bbox 993 3330 1124 3367; x_wconf 71' lang='lat' dir='ltr'><strong>tauta</strong></span> <span class='ocrx_word' id='word_1_202' title='bbox 1147 3335 1257 3367; x_wconf 85' lang='lat' dir='ltr'><strong>cum</strong></span> <span class='ocrx_word' id='word_1_203' title='bbox 1285 3319 1504 3368; x_wconf 72' lang='lat' dir='ltr'><strong>barbaris</strong></span> 
     </span>
     <span class='ocr_line' id='line_1_28' title="bbox 483 3398 1503 3466; baseline -0.004 -17"><span class='ocrx_word' id='word_1_204' title='bbox 483 3399 710 3466; x_wconf 72' lang='lat' dir='ltr'><strong>gentibus</strong></span> <span class='ocrx_word' id='word_1_205' title='bbox 735 3399 1051 3464; x_wconf 83' lang='lat' dir='ltr'><strong>conjunctio,</strong></span> <span class='ocrx_word' id='word_1_206' title='bbox 1078 3411 1132 3446; x_wconf 88' lang='lat' dir='ltr'><strong>ut</strong></span> <span class='ocrx_word' id='word_1_207' title='bbox 1153 3413 1256 3446; x_wconf 85' lang='lat' dir='ltr'><strong>non</strong></span> <span class='ocrx_word' id='word_1_208' title='bbox 1283 3398 1503 3446; x_wconf 71' lang='lat' dir='ltr'><strong>nomina-</strong></span> 
     </span>
     <span class='ocr_line' id='line_1_29' title="bbox 480 3478 1506 3544; baseline -0.004 -16"><span class='ocrx_word' id='word_1_209' title='bbox 480 3481 597 3538; x_wconf 80' lang='lat' dir='ltr'><strong>tim,</strong></span> <span class='ocrx_word' id='word_1_210' title='bbox 631 3479 717 3527; x_wconf 87' lang='lat' dir='ltr'><strong>sed</strong></span> <span class='ocrx_word' id='word_1_211' title='bbox 743 3479 1008 3544; x_wconf 74' lang='lat' dir='ltr'><strong>generatim</strong></span> <span class='ocrx_word' id='word_1_212' title='bbox 1045 3478 1345 3542; x_wconf 78' lang='lat' dir='ltr'><strong>proscriptio</strong></span> <span class='ocrx_word' id='word_1_213' title='bbox 1381 3487 1506 3525; x_wconf 84' lang='lat' dir='ltr'><strong>esset</strong></span> 
     </span>
     <span class='ocr_line' id='line_1_30' title="bbox 481 3555 1505 3618; baseline -0.005 -11"><span class='ocrx_word' id='word_1_214' title='bbox 481 3559 767 3615; x_wconf 74' lang='lat' dir='ltr'><strong>informsts5</strong></span> <span class='ocrx_word' id='word_1_215' title='bbox 805 3567 860 3604; x_wconf 84' lang='lat' dir='ltr'><strong>ut</strong></span> <span class='ocrx_word' id='word_1_216' title='bbox 897 3557 1002 3618; x_wconf 70' lang='lat' dir='ltr'><strong>jum</strong></span> <span class='ocrx_word' id='word_1_217' title='bbox 1053 3557 1272 3605; x_wconf 80' lang='lat' dir='ltr'><strong>omnium</strong></span> <span class='ocrx_word' id='word_1_218' title='bbox 1316 3555 1505 3616; x_wconf 83' lang='lat' dir='ltr'><strong>jndicio</strong></span> 
     </span>
     <span class='ocr_line' id='line_1_31' title="bbox 483 3635 1507 3696; baseline -0.007 -9"><span class='ocrx_word' id='word_1_219' title='bbox 483 3638 806 3687; x_wconf 83' lang='lat' dir='ltr'><strong>constitutum</strong></span> <span class='ocrx_word' id='word_1_220' title='bbox 843 3646 994 3696; x_wconf 68' lang='lat' dir='ltr'><strong>esset,</strong></span> <span class='ocrx_word' id='word_1_221' title='bbox 1037 3635 1254 3682; x_wconf 82' lang='lat' dir='ltr'><strong>omnium</strong></span> <span class='ocrx_word' id='word_1_222' title='bbox 1293 3643 1507 3682; x_wconf 80' lang='lat' dir='ltr'><strong>vestrum</strong></span> 
     </span>
     <span class='ocr_line' id='line_1_32' title="bbox 483 3714 1507 3780; baseline -0.003 -16"><span class='ocrx_word' id='word_1_223' title='bbox 483 3717 612 3766; x_wconf 76' lang='lat' dir='ltr'><strong>bons</strong></span> <span class='ocrx_word' id='word_1_224' title='bbox 661 3714 875 3780; x_wconf 65' lang='lat' dir='ltr'><strong>pradum</strong></span> <span class='ocrx_word' id='word_1_225' title='bbox 926 3731 1033 3762; x_wconf 82' lang='lat' dir='ltr'><strong>esse</strong></span> <span class='ocrx_word' id='word_1_226' title='bbox 1079 3714 1212 3761; x_wconf 78' lang='lat' dir='ltr'><strong>illius</strong></span> <span class='ocrx_word' id='word_1_227' title='bbox 1251 3714 1468 3762; x_wconf 62' lang='lat' dir='ltr'><strong>victoria</strong></span> <span class='ocrx_word' id='word_1_228' title='bbox 1489 3747 1507 3774; x_wconf 90' lang='lat'>‚</span> 
     </span>
     <span class='ocr_line' id='line_1_33' title="bbox 481 3793 1508 3856; baseline -0.007 -12"><span class='ocrx_word' id='word_1_229' title='bbox 481 3809 576 3845; x_wconf 81' lang='lat' dir='ltr'><strong>etc.</strong></span> <span class='ocrx_word' id='word_1_230' title='bbox 597 3818 622 3838; x_wconf 77' lang='lat'><strong>.</strong></span> <span class='ocrx_word' id='word_1_231' title='bbox 665 3793 926 3842; x_wconf 83' lang='lat' dir='ltr'><strong>Suetonius</strong></span> <span class='ocrx_word' id='word_1_232' title='bbox 953 3793 1006 3840; x_wconf 86' lang='lat' dir='ltr'><strong>in</strong></span> <span class='ocrx_word' id='word_1_233' title='bbox 1037 3793 1257 3850; x_wconf 81' lang='lat' dir='ltr'><strong>Nerone,</strong></span> <span class='ocrx_word' id='word_1_234' title='bbox 1302 3807 1410 3856; x_wconf 77' lang='lat' dir='ltr'><strong>cap.</strong></span> <span class='ocrx_word' id='word_1_235' title='bbox 1446 3807 1508 3850; x_wconf 80' lang='lat'><strong>2,</strong></span> 
     </span>
     <span class='ocr_line' id='line_1_34' title="bbox 483 3871 1510 3924; baseline -0.007 0"><span class='ocrx_word' id='word_1_236' title='bbox 483 3875 545 3924; x_wconf 83' lang='lat' dir='ltr'><strong>de</strong></span> <span class='ocrx_word' id='word_1_237' title='bbox 573 3873 827 3923; x_wconf 86' lang='lat' dir='ltr'><strong>Domitio:</strong></span> <span class='ocrx_word' id='word_1_238' title='bbox 861 3871 1222 3921; x_wconf 80' lang='lat' dir='ltr'><strong>-Consnltsnte</strong></span> <span class='ocrx_word' id='word_1_239' title='bbox 1249 3871 1339 3918; x_wconf 86' lang='lat' dir='ltr'><strong>Cn.</strong></span> <span class='ocrx_word' id='word_1_240' title='bbox 1360 3873 1510 3919; x_wconf 79' lang='lat' dir='ltr'><strong>Pom-</strong></span> 
     </span>
     <span class='ocr_line' id='line_1_35' title="bbox 484 3949 1511 4019; baseline -0.004 -17"><span class='ocrx_word' id='word_1_241' title='bbox 484 3957 599 4019; x_wconf 81' lang='lat' dir='ltr'><strong>peio</strong></span> <span class='ocrx_word' id='word_1_242' title='bbox 631 3954 695 4000; x_wconf 87' lang='lat' dir='ltr'><strong>de</strong></span> <span class='ocrx_word' id='word_1_243' title='bbox 729 3949 931 4010; x_wconf 82' lang='lat' dir='ltr'><strong>mediis,</strong></span> <span class='ocrx_word' id='word_1_244' title='bbox 971 3965 1028 3998; x_wconf 81' lang='lat' dir='ltr'><strong>ac</strong></span> <span class='ocrx_word' id='word_1_245' title='bbox 1067 3959 1284 3998; x_wconf 74' lang='lat' dir='ltr'><strong>neutram</strong></span> <span class='ocrx_word' id='word_1_246' title='bbox 1322 3961 1511 4014; x_wconf 81' lang='lat' dir='ltr'><strong>partem</strong></span> 
     </span>
     <span class='ocr_line' id='line_1_36' title="bbox 485 4027 1509 4096; baseline -0.001 -17"><span class='ocrx_word' id='word_1_247' title='bbox 485 4030 798 4096; x_wconf 76' lang='lat' dir='ltr'><strong>sequentibus</strong></span> <span class='ocrx_word' id='word_1_248' title='bbox 812 4063 826 4088; x_wconf 84' lang='lat'>,</span> <span class='ocrx_word' id='word_1_249' title='bbox 858 4029 1047 4078; x_wconf 86' lang='lat' dir='ltr'><strong>censuit</strong></span> <span class='ocrx_word' id='word_1_250' title='bbox 1065 4027 1284 4078; x_wconf 80' lang='lat' dir='ltr'><strong>bostium</strong></span> <span class='ocrx_word' id='word_1_251' title='bbox 1305 4045 1509 4078; x_wconf 83' lang='lat' dir='ltr'><strong>numero</strong></span> 
     </span>
     <span class='ocr_line' id='line_1_37' title="bbox 485 4105 1507 4166; baseline -0.001 -7"><span class='ocrx_word' id='word_1_252' title='bbox 485 4109 737 4166; x_wconf 71' lang='lat' dir='ltr'><strong>habendos</strong></span> <span class='ocrx_word' id='word_1_253' title='bbox 757 4131 799 4157; x_wconf 69' lang='lat' dir='ltr'><strong>a.</strong></span> <span class='ocrx_word' id='word_1_254' title='bbox 839 4112 899 4156; x_wconf 85' lang='lat' dir='ltr'><strong>In</strong></span> <span class='ocrx_word' id='word_1_255' title='bbox 951 4105 1168 4157; x_wconf 80' lang='lat' dir='ltr'><strong>eamdem</strong></span> <span class='ocrx_word' id='word_1_256' title='bbox 1221 4109 1507 4158; x_wconf 82' lang='lat' dir='ltr'><strong>sententiam</strong></span> 
     </span>
    </p>
   </div>
   <div class='ocr_carea' id='block_1_4' title="bbox 1592 3077 2616 3371">
    <p class='ocr_par' dir='ltr' id='par_1_5' title="bbox 1592 3077 2613 3227">
     <span class='ocr_line' id='line_1_38' title="bbox 1592 3077 2613 3146; baseline 0.005 -16"><span class='ocrx_word' id='word_1_257' title='bbox 1592 3083 1833 3132; x_wconf 74' lang='lat' dir='ltr'><strong>Plumch.</strong></span> <span class='ocrx_word' id='word_1_258' title='bbox 1858 3077 1913 3132; x_wconf 70' lang='lat' dir='ltr'><strong>in</strong></span> <span class='ocrx_word' id='word_1_259' title='bbox 1938 3085 2042 3146; x_wconf 79' lang='lat' dir='ltr'><strong>eius</strong></span> <span class='ocrx_word' id='word_1_260' title='bbox 2061 3085 2189 3146; x_wconf 63' lang='grc' dir='ltr'><strong>νίας</strong></span> <span class='ocrx_word' id='word_1_261' title='bbox 2223 3085 2346 3135; x_wconf 73' lang='lat' dir='ltr'><strong>Coes.</strong></span> <span class='ocrx_word' id='word_1_262' title='bbox 2363 3085 2484 3135; x_wconf 82' lang='lat' dir='ltr'><strong>Bell.</strong></span> <span class='ocrx_word' id='word_1_263' title='bbox 2504 3085 2613 3136; x_wconf 76' lang='lat' dir='ltr'><strong>civ.</strong></span> 
     </span>
     <span class='ocr_line' id='line_1_39' title="bbox 1592 3165 2469 3227; baseline 0.001 -16"><span class='ocrx_word' id='word_1_264' title='bbox 1592 3167 1640 3222; x_wconf 88' lang='lat'><strong>1,</strong></span> <span class='ocrx_word' id='word_1_265' title='bbox 1673 3165 1770 3223; x_wconf 74' lang='lat'><strong>333</strong></span> <span class='ocrx_word' id='word_1_266' title='bbox 1796 3166 1999 3212; x_wconf 80' lang='lat' dir='ltr'><strong>Sueten.</strong></span> <span class='ocrx_word' id='word_1_267' title='bbox 2016 3165 2145 3214; x_wconf 76' lang='lat' dir='ltr'><strong>Caes.</strong></span> <span class='ocrx_word' id='word_1_268' title='bbox 2168 3166 2254 3227; x_wconf 82' lang='lat'><strong>75.</strong></span> <span class='ocrx_word' id='word_1_269' title='bbox 2460 3167 2469 3178; x_wconf 74' lang='lat'><strong>⁴</strong></span> 
     </span>
    </p>

    <p class='ocr_par' dir='ltr' id='par_1_6' title="bbox 1592 3241 2616 3371">
     <span class='ocr_line' id='line_1_40' title="bbox 1661 3241 2616 3306; baseline 0 -16"><span class='ocrx_word' id='word_1_270' title='bbox 1661 3242 1711 3290; x_wconf 82' lang='lat'><strong>6.</strong></span> <span class='ocrx_word' id='word_1_271' title='bbox 1744 3241 1825 3290; x_wconf 81' lang='lat' dir='ltr'><strong>sio</strong></span> <span class='ocrx_word' id='word_1_272' title='bbox 1860 3241 2037 3306; x_wconf 81' lang='lat' dir='ltr'><strong>optimi</strong></span> <span class='ocrx_word' id='word_1_273' title='bbox 2066 3243 2191 3292; x_wconf 78' lang='lat' dir='ltr'><strong>MSS</strong></span> <span class='ocrx_word' id='word_1_274' title='bbox 2208 3276 2224 3303; x_wconf 84' lang='lat'><strong>,</strong></span> <span class='ocrx_word' id='word_1_275' title='bbox 2251 3254 2301 3291; x_wconf 84' lang='lat' dir='ltr'><strong>et</strong></span> <span class='ocrx_word' id='word_1_276' title='bbox 2322 3253 2463 3306; x_wconf 83' lang='lat' dir='ltr'><strong>post,</strong></span> <span class='ocrx_word' id='word_1_277' title='bbox 2484 3242 2616 3290; x_wconf 64' lang='lat' dir='ltr'><strong>arci·</strong></span> 
     </span>
     <span class='ocr_line' id='line_1_41' title="bbox 1592 3321 2615 3371; baseline 0.002 -3"><span class='ocrx_word' id='word_1_278' title='bbox 1592 3321 1813 3370; x_wconf 70' lang='lat' dir='ltr'><strong>caverint.</strong></span> <span class='ocrx_word' id='word_1_279' title='bbox 1842 3321 2038 3369; x_wconf 78' lang='lat' dir='ltr'><strong>lelem.</strong></span> <span class='ocrx_word' id='word_1_280' title='bbox 2075 3322 2277 3371; x_wconf 81' lang='lat' dir='ltr'><strong>retinuit</strong></span> <span class='ocrx_word' id='word_1_281' title='bbox 2310 3322 2507 3370; x_wconf 67' lang='lat' dir='ltr'><strong>alterum</strong></span> <span class='ocrx_word' id='word_1_282' title='bbox 2543 3322 2615 3370; x_wconf 88' lang='lat' dir='ltr'><strong>le·</strong></span> 
     </span>
    </p>
   </div>
   <div class='ocr_carea' id='block_1_5' title="bbox 1590 3400 2615 3528">
    <p class='ocr_par' dir='ltr' id='par_1_7' title="bbox 1590 3400 2615 3528">
     <span class='ocr_line' id='line_1_42' title="bbox 1593 3400 2615 3465; baseline 0.003 -17"><span class='ocrx_word' id='word_1_283' title='bbox 1593 3400 1809 3449; x_wconf 80' lang='lat' dir='ltr'><strong>ctionem</strong></span> <span class='ocrx_word' id='word_1_284' title='bbox 1822 3437 1838 3462; x_wconf 87' lang='lat'>,</span> <span class='ocrx_word' id='word_1_285' title='bbox 1865 3400 2228 3465; x_wconf 67' lang='lat' dir='ltr'><strong>expetiverunt,</strong></span> <span class='ocrx_word' id='word_1_286' title='bbox 2262 3401 2615 3452; x_wconf 71' lang='lat' dir='ltr'><strong>excitaveram.</strong></span> 
     </span>
     <span class='ocr_line' id='line_1_43' title="bbox 1590 3477 1804 3528; baseline -0.009 0"><span class='ocrx_word' id='word_1_287' title='bbox 1590 3481 1642 3528; x_wconf 82' lang='lat' dir='ltr'><strong>J.</strong></span> <span class='ocrx_word' id='word_1_288' title='bbox 1660 3477 1723 3528; x_wconf 83' lang='lat' dir='ltr'><strong>V.</strong></span> <span class='ocrx_word' id='word_1_289' title='bbox 1748 3482 1804 3527; x_wconf 91' lang='lat' dir='ltr'><strong>L.</strong></span> 
     </span>
    </p>
   </div>
   <div class='ocr_carea' id='block_1_6' title="bbox 1596 3557 2627 4178">
    <p class='ocr_par' dir='ltr' id='par_1_8' title="bbox 1669 3557 2259 3619">
     <span class='ocr_line' id='line_1_44' title="bbox 1669 3557 2259 3619; baseline 0.002 -13"><span class='ocrx_word' id='word_1_290' title='bbox 1669 3574 1718 3619; x_wconf 84' lang='lat'><strong>7.</strong></span> <span class='ocrx_word' id='word_1_291' title='bbox 1736 3557 1819 3606; x_wconf 81' lang='lat' dir='ltr'><strong>Al.</strong></span> <span class='ocrx_word' id='word_1_292' title='bbox 1842 3559 2023 3606; x_wconf 74' lang='lat' dir='ltr'><strong>«etism</strong></span> <span class='ocrx_word' id='word_1_293' title='bbox 2044 3559 2259 3607; x_wconf 62' lang='lat' dir='ltr'><strong>ostiatim</strong></span> 
     </span>
    </p>

    <p class='ocr_par' dir='ltr' id='par_1_9' title="bbox 1596 3635 2623 4098">
     <span class='ocr_line' id='line_1_45' title="bbox 1668 3635 2621 3686; baseline 0.003 -3"><span class='ocrx_word' id='word_1_294' title='bbox 1668 3636 1721 3684; x_wconf 83' lang='lat'><strong>8.</strong></span> <span class='ocrx_word' id='word_1_295' title='bbox 1754 3635 1943 3684; x_wconf 82' lang='lat' dir='ltr'><strong>Cetera.</strong></span> <span class='ocrx_word' id='word_1_296' title='bbox 1970 3637 2160 3686; x_wconf 73' lang='lat' dir='ltr'><strong>Multus</strong></span> <span class='ocrx_word' id='word_1_297' title='bbox 2186 3647 2261 3685; x_wconf 84' lang='lat' dir='ltr'><strong>est</strong></span> <span class='ocrx_word' id='word_1_298' title='bbox 2297 3637 2355 3685; x_wconf 82' lang='grc' dir='ltr'><strong>Β.</strong></span> <span class='ocrx_word' id='word_1_299' title='bbox 2372 3637 2621 3686; x_wconf 77' lang='lat' dir='ltr'><strong>Weiskius</strong></span> 
     </span>
     <span class='ocr_line' id='line_1_46' title="bbox 1596 3714 2621 3780; baseline 0.004 -19"><span class='ocrx_word' id='word_1_300' title='bbox 1596 3715 1651 3762; x_wconf 84' lang='lat' dir='ltr'><strong>in</strong></span> <span class='ocrx_word' id='word_1_301' title='bbox 1685 3714 1931 3763; x_wconf 71' lang='lat' dir='ltr'><strong>laudando</strong></span> <span class='ocrx_word' id='word_1_302' title='bbox 1966 3731 2157 3766; x_wconf 80' lang='lat' dir='ltr'><strong>summo</strong></span> <span class='ocrx_word' id='word_1_303' title='bbox 2195 3716 2399 3778; x_wconf 75' lang='lat' dir='ltr'><strong>huiusce</strong></span> <span class='ocrx_word' id='word_1_304' title='bbox 2428 3717 2621 3780; x_wconf 81' lang='lat' dir='ltr'><strong>periodi</strong></span> 
     </span>
     <span class='ocr_line' id='line_1_47' title="bbox 1597 3791 2621 3859; baseline 0.002 -17"><span class='ocrx_word' id='word_1_305' title='bbox 1597 3791 1807 3842; x_wconf 68' lang='lat' dir='ltr'><strong>artifieio</strong></span> <span class='ocrx_word' id='word_1_306' title='bbox 1824 3827 1842 3854; x_wconf 87' lang='lat'>,</span> <span class='ocrx_word' id='word_1_307' title='bbox 1872 3805 1923 3843; x_wconf 84' lang='lat' dir='ltr'><strong>et</strong></span> <span class='ocrx_word' id='word_1_308' title='bbox 1954 3797 2063 3856; x_wconf 74' lang='lat' dir='ltr'><strong>iure</strong></span> <span class='ocrx_word' id='word_1_309' title='bbox 2102 3795 2303 3859; x_wconf 84' lang='lat' dir='ltr'><strong>quidem</strong></span> <span class='ocrx_word' id='word_1_310' title='bbox 2320 3827 2338 3856; x_wconf 86' lang='lat'><strong>‚</strong></span> <span class='ocrx_word' id='word_1_311' title='bbox 2378 3811 2534 3858; x_wconf 84' lang='lat' dir='ltr'><strong>quum</strong></span> <span class='ocrx_word' id='word_1_312' title='bbox 2568 3796 2621 3844; x_wconf 86' lang='lat' dir='ltr'><strong>in</strong></span> 
     </span>
     <span class='ocr_line' id='line_1_48' title="bbox 1600 3873 2623 3933; baseline 0.003 -14"><span class='ocrx_word' id='word_1_313' title='bbox 1600 3874 1813 3922; x_wconf 72' lang='lat' dir='ltr'><strong>animum</strong></span> <span class='ocrx_word' id='word_1_314' title='bbox 1848 3874 2029 3922; x_wconf 84' lang='lat' dir='ltr'><strong>sensim</strong></span> <span class='ocrx_word' id='word_1_315' title='bbox 2056 3873 2229 3924; x_wconf 80' lang='lat' dir='ltr'><strong>influat</strong></span> <span class='ocrx_word' id='word_1_316' title='bbox 2245 3909 2261 3933; x_wconf 90' lang='lat'>‚</span> <span class='ocrx_word' id='word_1_317' title='bbox 2294 3884 2346 3922; x_wconf 80' lang='lat' dir='ltr'><strong>et</strong></span> <span class='ocrx_word' id='word_1_318' title='bbox 2374 3875 2623 3923; x_wconf 72' lang='lat' dir='ltr'><strong>verissima</strong></span> 
     </span>
     <span class='ocr_line' id='line_1_49' title="bbox 1598 3952 2623 4017; baseline 0 -17"><span class='ocrx_word' id='word_1_319' title='bbox 1598 3967 1657 4000; x_wconf 74' lang='lat' dir='ltr'><strong>se</strong></span> <span class='ocrx_word' id='word_1_320' title='bbox 1679 3954 1957 4016; x_wconf 71' lang='lat' dir='ltr'><strong>gravissima</strong></span> <span class='ocrx_word' id='word_1_321' title='bbox 1983 3955 2245 4002; x_wconf 80' lang='lat' dir='ltr'><strong>verborum</strong></span> <span class='ocrx_word' id='word_1_322' title='bbox 2266 3952 2467 4002; x_wconf 72' lang='lat' dir='ltr'><strong>lenitate</strong></span> <span class='ocrx_word' id='word_1_323' title='bbox 2484 3953 2623 4017; x_wconf 80' lang='lat' dir='ltr'><strong>qussi</strong></span> 
     </span>
     <span class='ocr_line' id='line_1_50' title="bbox 1600 4031 2226 4098; baseline 0.006 -20"><span class='ocrx_word' id='word_1_324' title='bbox 1600 4031 1828 4080; x_wconf 85' lang='lat' dir='ltr'><strong>modesto</strong></span> <span class='ocrx_word' id='word_1_325' title='bbox 1855 4031 1995 4081; x_wconf 82' lang='lat' dir='ltr'><strong>vultu</strong></span> <span class='ocrx_word' id='word_1_326' title='bbox 2021 4033 2226 4098; x_wconf 83' lang='lat' dir='ltr'><strong>plseest.</strong></span> 
     </span>
    </p>

    <p class='ocr_par' dir='ltr' id='par_1_10' title="bbox 1672 4111 2627 4178">
     <span class='ocr_line' id='line_1_51' title="bbox 1672 4111 2627 4178; baseline 0 -20"><span class='ocrx_word' id='word_1_327' title='bbox 1672 4127 1723 4173; x_wconf 87' lang='lat'><strong>9.</strong></span> <span class='ocrx_word' id='word_1_328' title='bbox 1758 4113 1807 4158; x_wconf 79' lang='lat' dir='ltr'><em>A</em></span> <span class='ocrx_word' id='word_1_329' title='bbox 1846 4111 2028 4160; x_wconf 74' lang='lat' dir='ltr'><strong>virtute</strong></span> <span class='ocrx_word' id='word_1_330' title='bbox 2068 4113 2273 4162; x_wconf 80' lang='lat' dir='ltr'><strong>donata.</strong></span> <span class='ocrx_word' id='word_1_331' title='bbox 2320 4113 2442 4175; x_wconf 74' lang='lat' dir='ltr'><strong>Quoe</strong></span> <span class='ocrx_word' id='word_1_332' title='bbox 2490 4111 2627 4178; x_wconf 81' lang='lat' dir='ltr'><strong>qussi</strong></span> 
     </span>
    </p>
   </div>
  </div>
 </body>
</html>
