2996 4694
1357 251 1368 280 Ι

481 399 624 484 384
1105 400 1204 468 Μ.
1253 401 1331 468 Τ.
1390 389 1961 470 CICERONIS

479 525 644 594 Non
672 517 938 592 ferrem
969 519 1274 592 omnino
1303 521 1605 592 moleste
1620 517 1673 605 ⁵,
1710 521 1771 590 si
1806 521 1907 590 ita
1941 517 2347 606 accidisset3
2366 517 2493 590 sed
2524 513 2603 589 id

480 646 724 704 tamen
755 643 941 702 esset
983 627 1410 701 humanum.
1447 634 1547 702 M.
1586 629 1965 701 Marcellus
1985 682 2005 716 ,
2043 632 2172 726 qui
2211 643 2323 699 ter
2358 628 2617 699 consul

477 740 652 826 fuit,
692 764 974 812 summa
1005 739 1302 818 virtute,
1338 742 1603 838 pietate
1626 793 1645 828 ,
1676 738 1903 836 gloria
1936 736 2264 826 militari,
2298 737 2511 834 periit
2536 739 2613 806 in

477 853 694 934 mari3
732 851 862 947 qui
915 863 1159 921 tamen
1201 848 1300 920 ob
1353 851 1695 922 virtutem
1751 849 1995 946 gloriae
2030 847 2245 919 laude
2295 846 2489 918 vivit.
2526 851 2615 916 In

477 960 768 1034 fortuna
805 958 1116 1058 quadam
1144 975 1253 1032 est
1279 960 1402 1032 illa
1420 985 1619 1032 mors
1638 1011 1658 1046 ,
1688 983 1841 1032 non
1873 964 1949 1030 in
1980 983 2236 1057 poena,
2270 954 2613 1055 putanda,

479 1076 656 1163 Quae
694 1085 802 1142 est
854 1071 1070 1167 igitur
1121 1094 1336 1169 poena
1365 1070 1396 1140 Ρ
1431 1070 1633 1168 quod
1681 1070 2167 1168 supplicium?
2201 1093 2365 1166 quae
2408 1065 2617 1138 saxa?

478 1207 642 1281 quae
677 1176 1026 1253 crucesss?
1083 1184 1304 1266 Ecce,
1341 1179 1492 1252 duo
1536 1179 1757 1252 duces
1806 1182 1881 1250 in
1934 1180 2319 1278 provinciis
2361 1175 2617 1275 populi
2678 1227 2685 1234 ·

475 1293 758 1367 romani
803 1288 1074 1360 habere
1109 1292 1466 1362 exercitus
1486 1345 1508 1378 ‚
1546 1291 1893 1390 appellari
1929 1292 2439 1388 imperatores3
2474 1287 2613 1358 ho·-

475 1425 641 1474 rum
680 1401 992 1472 alterum
1031 1403 1134 1470 sic
1172 1397 1392 1471 fuisse
1427 1399 1878 1472 infirmatum
1917 1401 2358 1471 conscientia
2390 1397 2613 1468 scele-

477 1537 638 1583 rum
685 1527 760 1584 et
812 1508 1152 1582 fraudum
1203 1534 1537 1598 suarum,
1570 1523 1653 1582 ut
1711 1536 1803 1582 ex
1850 1533 1935 1582 ea
1987 1510 2394 1607 provincia,
2456 1531 2617 1604 quae

476 1621 696 1694 fuerit
747 1647 837 1693 ex
887 1618 1226 1693 omnibus
1286 1645 1430 1692 una
1483 1619 1793 1691 maxime
1846 1617 2342 1717 triumphalis,
2387 1616 2619 1688 nullas

475 1735 564 1805 sit
589 1731 680 1804 ad
724 1745 1056 1804 senatum
1096 1731 1336 1802 literas
1379 1733 1664 1804 mittere
1700 1753 1940 1802 ausus,
1981 1731 2088 1798 Ex
2130 1753 2277 1826 qua
2317 1727 2614 1824 provin-

475 1844 582 1914 cia
633 1839 856 1912 modo
910 1843 1018 1911 vir
1065 1841 1267 1914 omni
1327 1837 1678 1938 dignitate
1730 1840 2221 1911 ornatissimus
2244 1887 2266 1926 ,
2306 1841 2385 1908 L.
2436 1842 2617 1908 Tor-

478 1967 778 2051 quatus,
829 1955 1109 2048 magnis
1153 1949 1374 2023 rebus
1409 1954 1666 2048 gestis,
1708 1975 1827 2021 me
1862 1947 2223 2021 referente
2244 1960 2300 2034 ⁷,
2353 1946 2444 2019 ab
2503 1972 2615 2020 sea

476 2078 648 2136 natu
679 2064 1074 2160 imperator
1107 2075 1216 2134 est
1239 2057 1725 2159 appellatus⁸;
1764 2058 1961 2132 unde
1994 2059 2107 2129 his
2134 2057 2381 2155 paucis
2410 2059 2617 2129 annis

479 2177 608 2244 Cn.
655 2170 1114 2256 Dolabellaev,
1157 2173 1234 2240 C.
1279 2172 1620 2244 Curionis
1646 2225 1665 2257 ,
1708 2175 1807 2241 M.
1852 2167 2133 2240 Luculli
2185 2169 2617 2264 justissimos

477 2282 888 2383 triumphos
914 2281 1270 2353 vidimus:
1309 2303 1400 2353 ex
1427 2304 1547 2371 ea,
1584 2293 1657 2353 te
1688 2280 2162 2378 imperatore,
2202 2276 2614 2349 nuntiusad

477 2408 807 2467 senatum
862 2391 1116 2465 allatus
1159 2402 1269 2462 est
1309 2390 1577 2463 nullus.
1650 2389 1761 2461 Ab
1812 2389 2039 2461 altero
2084 2390 2309 2460 allatae
2352 2388 2573 2461 literae
2593 2439 2615 2477 ‚

557 2628 612 2674 5.
647 2621 858 2673 omnino
893 2623 1107 2673 moleste.
1135 2625 1254 2675 Non
1291 2623 1509 2673 dolerem
1600 2624 1695 2673 bns
1708 2622 1890 2672 abhinc
1907 2622 2049 2671 annis
2070 2622 2402 2687 triumphavit.
2420 2622 2617 2671 C.Scn'·

476 2706 519 2753 si
544 2705 608 2751 its
631 2703 917 2765 contigisset
932 2736 946 2761 ,
979 2713 1036 2751 ut
1060 2713 1264 2766 uterque
1285 2714 1503 2751 vestrum
1594 2702 1773 2751 bonius
1800 2702 1975 2761 Curio,
2000 2703 2173 2751 consul
2198 2717 2330 2750 anno
2358 2702 2479 2764 677,
2504 2703 2615 2749 Ms-

474 2780 728 2845 mnfragio
745 2780 967 2845 periisset
981 2797 996 2840 3
1021 2780 1108 2828 sed
1131 2790 1292 2829 tamen
1313 2782 1506 2829 naufra-
1595 2781 1849 2829 cedoniam
1890 2781 2193 2846 provinciam
2226 2782 2528 2845 impetravit,
2567 2792 2619 2829 et

475 2863 610 2927 giam
635 2875 741 2909 non
773 2872 868 2908 tam
894 2871 1100 2927 propter
1125 2859 1301 2908 scelera
1318 2895 1332 2920 ,
1361 2876 1505 2924 qnam

474 2952 678 3006 propter
711 2936 968 2987 humanam
1013 2938 1352 2988 conditionem
1387 2958 1504 2989 eve·

473 3022 602 3069 nisse
637 3020 898 3069 videretur.
940 3020 1103 3083 Atque
1153 3034 1256 3067 nou
1297 3021 1503 3069 omnino

475 3098 734 3165 gauderem
750 3134 765 3159 ,
789 3100 832 3147 si
867 3098 992 3147 illud
1012 3098 1308 3163 supplicium
1333 3100 1503 3149 suisset

476 3180 619 3229 vobis
636 3196 663 3227 s
688 3181 781 3229 diis
807 3177 1165 3227 immortalibus
1191 3179 1472 3244 irrogatum.

547 3262 599 3309 6.
633 3261 759 3324 Qnoe
786 3262 954 3307 saxa?
981 3274 1094 3321 quoe
1118 3264 1318 3307 cruces?
1345 3262 1501 3308 Saxo-

475 3354 582 3387 rum
601 3350 652 3385 et
676 3338 834 3385 crucis
857 3336 1154 3384 mentionem
1183 3336 1302 3385 facit
1322 3371 1338 3397 ,
1362 3336 1500 3401 quod

476 3416 554 3464 his
576 3414 831 3480 suppliciis
854 3415 1066 3463 damnati
1087 3416 1295 3463 maxinne
1314 3416 1501 3479 plecte·

481 3507 668 3543 rentur.

553 3591 602 3635 7.
649 3574 730 3621 Me
765 3573 1016 3635 referente.
1068 3572 1154 3619 Me
1200 3570 1401 3620 consule
1439 3572 1504 3621 ad

487 3664 708 3703 senatum
734 3652 986 3701 referente.
1021 3655 1196 3701 Fuerat
1229 3664 1391 3700 autem
1426 3652 1509 3701 ci-

492 3749 607 3781 cero
643 3743 762 3781 octo
798 3731 936 3779 anuis
974 3731 1170 3790 consul,
1201 3742 1313 3781 ante
1339 3748 1512 3780 secun-

487 3812 604 3861 dum
637 3810 856 3874 Pompeii
885 3807 944 3857 'et
981 3811 1139 3860 Crassi
1175 3811 1479 3859 consulatum
1493 3846 1509 3871 ,

484 3894 666 3959 quibus
683 3906 809 3939 coss.
820 3888 926 3938 haee
951 3888 1113 3937 habita
1130 3900 1204 3938 est
1225 3890 1400 3939 oratio.

561 3976 611 4022 8.
633 3971 757 4031 Alii,
777 3992 800 4011 οι
815 3969 989 4017 absens
1013 3970 1131 4033 imp.
1157 3968 1220 4017 sit
1241 3985 1356 4033 app.
1375 3992 1402 4011 n

561 4070 612 4115 9.
659 4052 746 4100 Cn.
791 4048 1074 4098 Dolabellae.
1124 4050 1220 4098 Cn.
1255 4047 1506 4096 Dolabella

491 4132 662 4179 consul
682 4146 813 4180 anno
839 4132 940 4191 672
957 4163 971 4189 ,
999 4144 1026 4176 a
1059 4126 1354 4196 Macedonia*
1379 4126 1507 4176 duo·

1594 2876 1621 2908 a
1639 2860 1878 2909 Dardanis
1892 2860 2192 2926 triumphum
2214 2861 2480 2926 reportavit
2500 2876 2616 2908 ann.

1598 2942 1719 2989 682.
1756 2942 1830 2988 M.
1867 2939 2123 2988 Terentius
2156 2944 2313 2989 Varro
2356 2939 2614 2997 Lucullus,

1588 3021 1737 3069 frater
1756 3020 1813 3069 L.
1836 3020 2056 3079 Luculli,
2091 3037 2120 3068 s
2138 3020 2367 3068 Terentio
2394 3018 2611 3083 quodam

1588 3097 1880 3163 adoptatus,
1914 3114 2043 3146 suno
2078 3100 2183 3147 680
2223 3099 2314 3146 fuit
2338 3097 2535 3156 consul,
2558 3106 2609 3145 et

1589 3178 1651 3227 de
1693 3178 1864 3226 iisdem
1906 3178 2103 3243 populis
2150 3179 2251 3241 egit
2290 3176 2610 3239 triumphum.

1589 3257 1671 3306 Sic
1686 3273 1857 3314 omnes
1872 3256 2189 3321 proconsules
2203 3257 2255 3303 in
2272 3252 2610 3305 Macedoniam

1587 3337 1744 3396 missi,
1788 3334 2084 3399 triumphum
2120 3346 2354 3399 egerunt,
2399 3344 2607 3399 excepto

1587 3416 1645 3465 L.
1662 3416 1939 3477 Torquato,
1974 3416 2195 3479 quamvis
2218 3414 2435 3463 eamdem
2463 3424 2613 3478 pote-

1590 3504 1759 3543 statem
1790 3493 1960 3541 fuisset
1990 3494 2222 3552 sortitus,
2257 3504 2308 3541 et
2340 3492 2611 3557 appellatus

1592 3571 1761 3620 fnisset
1788 3570 2068 3635 imperator.
2094 3572 2205 3618 Hoc
2234 3570 2515 3620 Schiitzium
2533 3570 2621 3619 sd·-

1598 3650 1767 3707 duxit‚
1798 3660 1854 3697 ut
1882 3650 2143 3714 legendum
2177 3651 2269 3699 inf.
2291 3661 2617 3715 proponeret,

1599 3750 1623 3773 ιι
1638 3744 1783 3776 nemo
1804 3729 1901 3777 fere
1918 3728 2117 3779 rediit».
2139 3729 2235 3777 Sed
2260 3729 2359 3777 hoc
2384 3744 2484 3775 non
2504 3728 2625 3776 huic

1598 3808 1713 3857 loco
1739 3824 2006 3872 congruere
2026 3809 2145 3857 mihi
2168 3809 2372 3865 videtur,
2392 3818 2439 3855 et
2464 3806 2623 3855 multo

1596 3888 1773 3937 rectius
1794 3899 1866 3936 est
1884 3889 2126 3950 conjicere
2148 3887 2434 3938 Ciceronem
2461 3886 2623 3950 primo

1598 3976 1839 4030 tamquam
1866 3979 2111 4016 oratorem
2130 3966 2414 4030 loquutum,
2446 3963 2625 4013 deinde

1596 4044 1657 4094 nd
1678 4048 1927 4095 veritatem
1948 4048 2094 4095 fuisse
2112 4060 2355 4096 reversum
2373 4078 2387 4104 ,
2414 4054 2470 4092 ut
2496 4058 2622 4107 saepe

1596 4126 1705 4174 aliis
1730 4128 1785 4175 in
1809 4126 1947 4174 locis.
1986 4146 1989 4149 ⁴
