2996 4694
559 350 687 421 162
1177 348 1272 415 M.
1324 348 1400 413 T.
1451 345 2023 415 CICERONIS

544 473 822 541 minum
857 468 1384 537 rusticanorum
1418 492 1432 535 :
1466 464 1651 562 quid
1674 480 1779 536 est
1796 518 1816 551 ,
1845 488 2065 561 quam
2092 456 2189 536 *ob
2218 492 2373 539 rem
2401 484 2657 567 praetu-

541 604 693 652 ram
727 580 965 676 potius
987 572 1351 673 exoptesss,
1379 600 1596 672 quam
1622 576 1982 645 mortem?
2012 578 2401 672 praesertim
2426 604 2657 676 quum

541 688 962 790 popularem
999 700 1068 756 te
1095 683 1268 754 velis
1293 708 1444 755 esse
1471 734 1491 769 ,
1528 708 1767 780 neque
1802 682 1945 755 ulla
1981 686 2053 755 in
2086 709 2166 757 re
2195 686 2467 785 populo
2504 712 2658 785 gra-

543 801 686 869 tius
723 796 991 867 facet-0⁷
1031 794 1278 891 possiS.

633 905 810 993 Sed,
871 920 953 977 ut
999 902 1382 1000 aliquando
1424 901 1839 989 audiamus,
1884 926 2103 998 quam
2140 906 2433 1002 copiose
2470 908 2651 981 mihi

531 1018 622 1090 ad
650 1030 892 1113 rogata
915 1011 1378 1107 respondeas,
1410 1012 1835 1083 concludam
1854 1011 1995 1107 jam
2018 1013 2653 1111 interrogationem

535 1150 793 1213 meam,
810 1140 1028 1219 teque
1063 1124 1138 1192 in
1163 1136 1485 1191 extremo
1510 1122 1841 1218 paneade
1860 1123 2011 1219 ipsa
2034 1118 2291 1193 causa⁸
2314 1124 2611 1222 rogabo,

628 1239 850 1308 XVII.
886 1235 1178 1324 Quaem,
1198 1254 1358 1325 quae
1387 1244 1583 1300 tanta
1618 1231 1697 1300 in
1732 1244 1803 1300 te
1838 1232 2151 1316 vanitas,
2180 1246 2379 1303 tanta
2413 1234 2657 1307 levitas

465 1330 478 1337 ’
533 1344 784 1428 fuerit,
833 1355 918 1410 ut
961 1341 1038 1409 in
1089 1338 1228 1409 hoc
1259 1337 1532 1431 judicio
1578 1342 1652 1408 T.
1690 1340 2049 1411 Annium¹
2112 1338 2365 1413 iisdem
2416 1342 2656 1415 verbis

535 1453 858 1524 laudares
883 1502 904 1537 ,
961 1446 1230 1545 quibus
1266 1472 1434 1519 eum
1469 1446 1761 1519 laudare
1814 1461 1887 1519 et
1926 1447 2103 1520 boni
2137 1451 2307 1537 viri,
2356 1466 2429 1523 et
2474 1451 2657 1523 boni

535 1564 724 1633 cives
779 1572 1352 1644 consueverunt,
1425 1581 1651 1653 quum
1706 1558 1779 1627 in
1838 1556 2171 1631 eumdem
2224 1585 2492 1657 nuper,
2562 1560 2655 1633 ab

531 1670 778 1741 eadem
824 1668 942 1739 illa
987 1670 1345 1738 teterrima
1395 1664 1621 1736 suria²
1682 1665 2078 1764 productus
2126 1668 2220 1741 ad
2262 1672 2652 1769 populum,

531 1776 988 1876 cupidissime
1013 1774 1267 1847 falsum
1295 1776 1786 1847 testimonium
1808 1774 2070 1847 dixeris
2092 1775 2118 1820 ³
2140 1778 2169 1849 Ξ)
2192 1783 2309 1851 An
2338 1785 2476 1851 erit
2500 1779 2654 1853 haec

529 1892 731 1986 optio
764 1903 836 1959 et
871 1900 1184 1984 potestas
1228 1900 1382 1973 tua,
1415 1899 1530 1969 ut,
1569 1910 1799 1981 quum
1836 1886 2213 1959 Clodianas
2248 1912 2542 1986 operas,
2580 1907 2655 1961 et

528 1996 1100 2069 facinorosorum
1139 1995 1517 2067 hominum
1550 2010 1623 2067 et
1653 1994 2099 2092 perditorum
2136 2023 2431 2071 manum
2460 1998 2654 2071 vide-

533 2108 1038 2197 ris‚Milonem
1082 2104 1309 2189 dicas,
1348 2104 1420 2211 id
1450 2105 1649 2202 quod
1686 2107 1761 2175 in
1800 2108 2151 2179 concione
2190 2106 2467 2197 dixisti,
2498 2110 2652 2207 gla-

525 2216 923 2291 diatoribus
959 2231 1030 2287 et
1049 2214 1397 2287 bestiariis
1429 2214 1793 2286 obsedisse
1814 2216 2339 2314 rempublicam
2368 2245 2389 2307 ;
2416 2244 2645 2317 quum

525 2344 766 2401 autem
803 2325 895 2399 ad
947 2325 1120 2396 tales
1151 2329 1340 2395 viros
1386 2326 1696 2411 veneris,
1742 2352 1895 2398 non
1928 2326 2193 2399 audeas
2230 2332 2459 2401 civem
2496 2330 2647 2402 sin·

525 2439 755 2537 gulari
806 2438 1107 2521 virtute,
1182 2432 1325 2504 fide
1353 2487 1373 2520 ,
1437 2436 1839 2505 constantia
1864 2487 1884 2524 ,
1940 2438 2402 2534 vituperare?
2464 2437 2599 2510 Sed
2630 2491 2651 2527 ,

529 2572 758 2645 quum
783 2550 860 2616 T.
881 2546 1194 2614 Annium
1223 2556 1602 2639 tantopere
1636 2543 1919 2632 iaudeS,
1958 2560 2031 2615 et
2063 2546 2456 2617 clarissimo
2492 2549 2678 2619 viro.

529 2649 954 2756 nonnullam
997 2650 1408 2722 laudatione
1461 2665 1587 2722 tua
1650 2651 2043 2724 labeculam
2100 2655 2477 2754 adspergas
2532 2658 2649 2752 (in

526 2763 866 2837 illorum‘*
907 2761 1096 2832 enim
1133 2785 1441 2832 numero
1474 2763 1745 2834 mavult
1774 2760 1849 2834 T.
1886 2765 2163 2836 Annius
2206 2789 2358 2838 esse
2380 2820 2399 2855 ,
2442 2767 2573 2866 qui
2608 2793 2650 2839 a

1628 2970 1733 3002 rum
1757 2955 2069 3004 tribunorum
2092 2973 2251 3006 σιω
2266 2959 2393 3006 inter
2410 2971 2465 3008 se
2486 2959 2649 3008 omni-

1630 3049 1695 3080 no
1714 3031 1883 3082 affines
1904 3046 2057 3084 erant.

599 2957 655 3006 6.
694 2953 862 3002 Potius
885 2963 1096 3018 exoptes.
1125 2951 1242 3001 Non
1269 2952 1362 3000 hae
1395 2955 1450 3000 in
1489 2969 1543 3001 re

527 3051 710 3086 motem
731 3033 911 3080 oratori
929 3031 1074 3094 gessit
1090 3030 1334 3079 Vatinius.
1357 3031 1542 3078 Praetu-

527 3133 630 3166 ram
644 3113 811 3163 ambiit
823 3145 842 3173 ,
865 3111 1096 3173 brevique
1114 3111 1311 3159 Crassus
1331 3121 1381 3158 et
1403 3112 1545 3158 Pom·
1698 3115 1863 3164 xvn.
1896 3128 1939 3160 1.
1968 3115 2023 3164 T.
2056 3113 2295 3181 Annium.
2334 3117 2393 3164 In
2420 3116 2642 3166 oratione

527 3196 666 3260 peina
683 3209 806 3242 coa.
820 3207 930 3240 eum
943 3189 1118 3240 catoni
1141 3188 1541 3252 anteponendum

526 3291 626 3324 ene
654 3270 843 3338 populo
868 3283 1170 3334 persuasere,
1196 3266 1334 3331 quod
1357 3267 1544 3328 isesset

525 3351 792 3402 triumviri·
813 3347 1168 3398 infestissimus.

598 3447 653 3490 7.
691 3428 889 3478 Gratius
912 3426 1107 3492 facere.
1148 3429 1272 3474 Eum
1309 3426 1536 3490 jocatur,

524 3508 688 3573 quod,
712 3523 864 3572 quum
901 3507 1077 3571 populi
1113 3506 1312 3570 gratiam
1357 3505 1539 3568 ubique

523 3598 765 3652 captaret,
807 3601 954 3648 seque
973 3585 1175 3645 jactaret
1199 3583 1406 3630 maxime
1442 3599 1535 3645 po-

519 3667 738 3731 pularem
752 3699 766 3723 ,
785 3673 988 3712 mortem
1011 3663 1146 3710 obire
1173 3663 1386 3720 deberet,
1399 3661 1537 3723 quod

519 3747 634 3794 inde
653 3743 840 3809 populo
857 3753 982 3792 esset
997 3742 1308 3804 gratissimus,
1328 3739 1412 3802 qui
1430 3755 1535 3806 eam

518 3825 650 3873 votis
677 3821 903 3870 omnibus
929 3833 1092 3870 vocat.

591 3905 638 3951 8.
661 3905 735 3950 De
760 3901 868 3964 ipsa
891 3915 1066 3948 causa.
1089 3900 1164 3946 De
1185 3897 1338 3946 Sextii
1373 3913 1531 3946 cam.

423 3985 440 3992 ’
517 3982 754 4044 Quamvis
793 3978 960 4042 paullo
993 3977 1198 4024 inferius
1233 3975 1296 4024 de
1341 3975 1533 4024 Milone

512 4059 759 4122 loquatur,
787 4051 886 4104 hoc
912 4055 1041 4103 idem
1064 4064 1204 4102 sonat
1221 4087 1238 4112 ‚
1263 4055 1376 4118 qnia
1403 4053 1531 4102 duo·

1630 3207 1724 3257 pro
1772 3193 1939 3242 Sextio
1970 3193 2181 3242 narravit
2210 3193 2447 3242 Milonem
2470 3195 2647 3250 Clodio

1630 3273 1835 3320 maxime
1862 3271 2112 3320 Ciceronis
2146 3272 2326 3320 reditui
2352 3275 2645 3337 repugnanti

1627 3349 1895 3410 obstitisse,
1933 3367 2141 3414 eumque
2161 3351 2327 3416 copias
2342 3364 2510 3401 contra
2530 3352 2643 3403 clo-

1628 3429 1697 3476 dii
1715 3429 2004 3491 gladiatores
2022 3431 2260 3479 eduxisse.

1698 3523 1745 3555 2.
1772 3507 2211 3570 Teoerrimafieria.
2238 3507 2416 3558 Clodio
2446 3509 2648 3570 scilicet,

1626 3585 1902 3634 odilitatem
1941 3585 2037 3634 hoc
2062 3601 2193 3635 anno
2223 3597 2432 3650 gerente.

1696 3665 1745 3712 3.
1786 3663 2127 3712 Testimonium
2171 3663 2376 3714 dixeris.
2422 3667 2643 3712 Testatus

1624 3757 1732 3789 enm
1779 3742 2019 3790 bestiariis
2062 3753 2111 3790 et
2164 3743 2509 3807 gladiatoribus
2552 3741 2642 3790 irn-

1624 3819 1812 3880 missis,
1858 3821 2150 3868 distat-basse
2194 3821 2385 3868 comitia
2404 3853 2419 3874 ‚
2462 3817 2642 3882 quibus

1622 3900 1703 3948 lex
1720 3899 1780 3946 de
1800 3899 1955 3948 reditu
1980 3917 2089 3948 meo
2112 3899 2371 3946 serebatur.

1692 3986 1741 4032 4.
1790 3981 1849 4026 1η
1898 3977 2109 4027 illorum.
2164 3979 2329 4038 Quum
2380 3987 2428 4024 te
2470 3976 2639 4024 videat

1619 4055 1811 4120 flagitiis
1840 4057 2067 4108 omnibus
2104 4056 2508 4118 coinquinatum,
2540 4071 2641 4102 ma·
