2996 4694
789 381 1180 451 ossA‘rio
1231 383 1336 451 IN
1388 384 1466 452 L.
1512 385 1597 452 c.
1648 383 2139 452 PISONEM.
2393 383 2532 456 365
2590 358 2595 366 ’

387 502 762 603 cupiebat,
807 517 888 573 ut
925 517 1250 589 semitm,
1291 520 1579 587 contra,
1630 529 1847 601 quam
1892 504 2047 601 ipse
2088 507 2483 578 censuisset
2512 560 2530 593 ‚

387 615 475 684 ad
519 617 856 684 vestitum
881 611 1175 684 rediret.
1207 615 1384 704 Quis
1424 615 1567 684 hoc
1605 612 1773 685 fecit
1804 615 1949 684 ulla
1984 616 2059 683 in
2096 614 2384 712 Scythia
2423 631 2532 714 ty-

385 749 697 810 rannus,
736 738 818 794 ut
853 748 1011 808 e03,
1050 747 1234 820 quos
1266 725 1462 796 luctu
1502 723 1856 812 afficeret,
1897 725 2142 820 lugere
2172 751 2319 796 non
2352 728 2537 799 sine·

388 837 544 905 ret?
603 838 991 906 Moerorem
1045 832 1488 931 relinquis³x
1529 836 1863 906 moeroris
1914 834 2152 906 aufers
2207 837 2532 934 insignia.

389 947 620 1043 Eripis
649 944 1025 1043 lacrymas,
1059 967 1208 1014 non
1241 944 1686 1015 consolando
1710 1000 1729 1031 ,
1750 945 1883 1018 sed
1924 945 2289 1018 minando.
2318 951 2535 1038 Quod

390 1059 450 1127 si
492 1071 762 1126 vestem
803 1079 952 1126 non
995 1053 1290 1152 publico
1327 1056 1633 1126 consilio
1672 1071 1909 1154 patres
1938 1061 2361 1156 conscripti,
2408 1061 2533 1132 sed

390 1169 668 1266 privato
708 1161 991 1253 officio,
1025 1179 1150 1235 aut
1187 1165 1677 1236 misericordia
1714 1168 2221 1256 mutavissent,
2259 1183 2537 1260 tamen,

392 1277 463 1346 id
507 1278 590 1344 iis
633 1301 784 1346 non
832 1275 1044 1346 licere
1087 1297 1218 1371 per
1262 1273 1645 1346 interdicta
1689 1275 2127 1348 crudelitatis
2174 1293 2347 1367 tuae,
2404 1307 2537 1380 po-

393 1390 662 1459 testatis
698 1400 852 1458 erat
888 1411 1038 1457 nou
1075 1385 1392 1457 ferendae
1429 1389 1717 1484 :'quum
1756 1409 1932 1458 vero
1966 1387 2040 1457 id
2081 1405 2371 1462 senatus
2406 1390 2540 1463 sre-

393 1521 626 1595 quens
669 1500 1103 1584 censuisset,
1140 1496 1434 1568 ordines
1467 1498 1731 1595 reliqui
1762 1499 1909 1594 jam
1960 1515 2127 1592 ante
2156 1498 2536 1593 fecissent3

391 1624 473 1678 tu
512 1633 601 1678 ex
645 1604 1101 1677 tenebricosa
1143 1609 1420 1704 popina
1458 1609 1717 1680 consul
1762 1623 2154 1699 extractu5‚
2211 1637 2377 1683 cum
2420 1615 2539 1686 illa

393 1719 750 1790 saltatrice
814 1734 1024 1789 tonsa
1044 1716 1100 1806 4,
1151 1733 1483 1789 senatum
1544 1719 1799 1816 populi
1856 1723 2143 1791 romani
2204 1747 2539 1798 occasum

395 1844 612 1927 atque
647 1832 1022 1900 interitum
1071 1827 1484 1926 reipublicae
1524 1828 1769 1925 lugere
1810 1829 2121 1903 vetuisti.

497 1945 616 2010 IX.
661 1943 754 2009 At
787 1938 1160 2037 quaerebat
1183 1939 1397 2008 etiam
1427 1939 1673 2036 paullo
1708 1954 1875 2009 ante
1899 1939 1990 2012 de
2018 1965 2137 2012 me
2158 1996 2177 2027 ‚
2200 1945 2377 2039 quid
2408 1971 2542 2018 suo

399 2048 570 2118 mihi
609 2073 795 2147 opus
823 2047 1072 2119 fuisset
1101 2048 1404 2134 auxili03
1443 2073 1577 2120 cur
1614 2073 1763 2119 non
1790 2051 1971 2119 meis
1997 2052 2336 2140 inimicis,
2368 2061 2545 2129 meis

400 2162 627 2258 copiis
685 2161 1127 2231 restitissem.
1193 2161 1418 2250 Quasi
1485 2183 1661 2228 vero
1714 2184 1863 2229 nou
1919 2159 2140 2230 modo
2196 2189 2368 2261 egn,
2416 2170 2543 2265 qui

399 2269 644 2340 multis
683 2293 868 2368 saepe
906 2269 1174 2339 auxilio
1209 2265 1536 2355 fuissem,
1570 2268 1695 2340 sed
1737 2270 2121 2367 quisquam
2156 2286 2301 2343 tam
2330 2276 2545 2381 inops

399 2380 616 2453 fuerit
658 2404 1046 2479 umquam,
1107 2380 1274 2477 qui,
1326 2380 1463 2449 isto
1504 2404 1653 2450 non
1698 2380 1916 2451 modo
1967 2402 2547 2480 propugnatore,

399 2494 740 2563 tutiorem
785 2516 862 2562 se
894 2545 914 2578 ,
966 2489 1094 2561 sed
1134 2490 1525 2578 advocato,
1571 2505 1695 2562 aut
1732 2491 2289 2589 adstipulatore,
2334 2523 2541 2596 para-

397 2604 658 2673 tiorem
712 2598 868 2673 fore
913 2616 1223 2699 putaret.
1289 2606 1442 2697 Ego
1484 2601 1691 2673 istius
1742 2603 2084 2701 pecudis¹
2133 2630 2215 2677 ac
2276 2610 2543 2705 putidae

401 2714 635 2783 carnis
677 2710 974 2782 consilio
1011 2712 1279 2782 scilicet
1299 2766 1317 2799 ‚
1352 2728 1478 2783 aut
1510 2713 1835 2809 praesidio
1868 2716 2004 2785 niti
2040 2716 2422 2792 volebam?
2449 2724 2540 2796 ab

403 2821 545 2894 hoc
575 2822 808 2917 ejecto
848 2822 1191 2893 cadavere
1218 2821 1618 2921 quidquam
1651 2824 1826 2911 mihi
1856 2840 1980 2896 aut
2018 2831 2177 2926 opis
2206 2883 2225 2917 ‚
2262 2847 2387 2903 aut
2423 2861 2542 2910 or·

477 3010 524 3057 3.
549 3012 806 3057 Moerorem
825 3004 1071 3072 relinquis.
1089 3008 1174 3054 Me
1201 3006 1423 3055 exsulare
1511 3007 1801 3055 nominavit.
1832 3006 1911 3055 Sic
1930 3010 2209 3073 Torquatus
2228 3012 2540 3069 Hortensium

405 3100 457 3137 et
479 3104 504 3135 a
532 3088 713 3136 Clodio
742 3086 910 3133 venri
935 3085 1175 3151 permittis
1195 3121 1210 3146 ,
1238 3101 1300 3133 ex
1326 3101 1426 3148 quo
1512 3086 1795 3150 ignominiae
1823 3103 1967 3134 causa
1988 3089 2354 3151 gesticulariam
2377 3100 2544 3162 appel.

407 3167 626 3216 dolorem
660 3178 854 3215 senatus
879 3164 1167 3214 hauriebat:
1205 3180 1424 3213 «moero-
1514 3166 1601 3215 lat.
1646 3192 1713 3202 -·-
1752 3166 1965 3213 'sonum
2004 3166 2243 3231 appellat,
2276 3173 2389 3235 quia
2434 3175 2541 3227 bre.

408 3248 475 3294 ris
500 3249 658 3295 aufem
691 3243 896 3309 insignia
918 3267 970 3301 ο,
1011 3245 1159 3293 vestis
1197 3246 1429 3293 mutatio·
1518 3244 1645 3290 viori
1662 3260 1801 3291 coma
1819 3258 1962 3307 quam
1983 3246 2131 3293 ceteri
2157 3258 2387 3310 uteretur,
2410 3254 2545 3305 lasci-

408 3342 516 3374 nem
560 3342 656 3390 qua
693 3336 890 3372 senatus
932 3340 1076 3371 suum
1119 3321 1343 3372 dolorem
1380 3334 1430 3371 et

405 3405 594 3454 luctum
623 3404 906 3453 testabatur.

477 3492 533 3540 4.
559 3482 676 3531 Cum
711 3482 798 3531 fua
833 3482 1088 3530 saltatrice
1125 3492 1268 3528 tonsa
1285 3516 1301 3540 ‚
1331 3491 1424 3529 ete.

405 3566 532 3615 Cum
559 3565 771 3613 Gabinio
799 3563 1006 3626 collega,
1037 3562 1125 3625 qui
1151 3572 1200 3609 et
1217 3559 1425 3609 saltandi

406 3656 554 3693 artem
579 3662 680 3711 prm
708 3662 759 3691 se
785 3645 905 3698 fert,
925 3652 974 3689 et
995 3652 1111 3705 post
1137 3656 1298 3687 meum
1327 3639 1428 3687 dis·

406 3742 594 3773 cessum
633 3724 782 3772 domo
820 3733 868 3769 et
905 3730 1084 3777 cantu,
1116 3730 1164 3767 et
1191 3718 1429 3783 cymbalis

404 3814 697 3869 personante
716 3802 878 3850 nudus
896 3800 947 3847 in
969 3798 1201 3847 convivio
1218 3798 1428 3846 saltavit.

407 3885 704 3933 saltatricem
730 3891 872 3929 vocat
901 3893 1074 3943 genere
1102 3876 1357 3933 feminino,
1374 3887 1431 3924 ut

406 3965 509 4024 ejus
543 3963 851 4009 esseuninaton
891 3972 1052 4004 mores
1086 3966 1135 4001 et
1173 3955 1432 4019 impudici-

409 4044 524 4090 tiam
553 4050 719 4105 carpat
739 4074 752 4097 ,
788 4032 1198 4100 quemadmodum
1231 4034 1292 4080 de
1319 4049 1433 4097 pro-

411 4122 584 4167 vinciis
602 4118 798 4166 consula
805 4114 936 4163 ribus
949 4130 1059 4161 eum
1070 4112 1430 4161 Semiramidem

1518 3322 1613 3369 vioe
1656 3338 1825 3381 causa3
1874 3338 1975 3370 non
2020 3328 2148 3371 enim
2192 3342 2302 3377 eum
2348 3337 2543 3386 tonderi

1516 3402 1662 3466 plane
1714 3418 1975 3467 possumus
2034 3406 2305 3471 intelligere
2322 3448 2335 3470 ‚
2389 3432 2541 3479 quum

1514 3484 1750 3547 scriptum
1778 3482 1842 3531 sit
1868 3484 1917 3530 in
1947 3500 2001 3532 ea
2028 3501 2120 3549 pro
2158 3486 2359 3545 Sextio:
2402 3518 2429 3538 «ι
2454 3516 2543 3548 uu.

1516 3563 1705 3626 guentis
1731 3560 1965 3621 affluens,
1993 3563 2309 3618 calamistrata
2334 3590 2472 3625 coma
2494 3601 2536 3628 ιο.

1588 3642 1680 3690 11.
1730 3656 1774 3690 ι.
1808 3643 1920 3707 Ego
1968 3643 2101 3692 e‘see'm
2134 3650 2354 3710 pecudis.
2392 3656 2541 3706 Gravi

1518 3730 1623 3767 tum
1644 3719 1823 3779 animi,
1846 3732 1948 3769 tum
1973 3726 2198 3787 corporis
2217 3729 2446 3780 vitiorum
2461 3753 2546 3784 ex-

1518 3800 1837 3863 probratione
1858 3802 2079 3851 Pisonem
2100 3806 2341 3856 insectans
2356 3846 2369 3868 ,
2392 3829 2417 3859 a
2437 3826 2544 3864 sto-

1518 3878 1706 3927 liditate
1731 3880 1966 3943 pecudem
1987 3916 2001 3940 ,
2031 3899 2056 3930 a
2078 3885 2346 3935 valitudine
2368 3903 2415 3938 et
2447 3892 2544 3940 for-

1518 3974 1597 4006 ma
1628 3958 1851 4022 putidam
1878 3976 2071 4009 carnem
2096 3962 2340 4025 appellat,
2372 3978 2423 4014 ut
2447 3970 2543 4020 hoc

1521 4048 1811 4101 contemptu
1828 4040 2069 4097 ostendat,
2082 4056 2133 4087 se
2160 4058 2317 4105 neque
2338 4048 2545 4101 consilio

1524 4133 1683 4179 neque
1711 4117 1941 4180 praesidio
1973 4119 2160 4165 Pisonis
2187 4122 2257 4167 uti
2284 4124 2509 4179 voluisse.
