2996 4694
524 357 659 404 ιω
1148 327 1247 398 Μ.
1299 330 1378 399 Τ.
1430 329 2010 427 memmius

514 471 665 528 tem
694 449 999 539 solebat,
1036 465 1165 524 aut
1200 475 1524 524 errorem
1555 469 1845 526 senatus
1875 483 1892 525 ε
1937 459 2056 526 «0
2093 457 2480 554 ingratifici
2510 462 2639 534 Ar·

516 568 689 662 givi,
736 565 986 634 inanes
1030 561 1265 650 Graii,
1301 563 1760 635 immemores
1801 562 2169 638 beneficii!
2207 599 2242 634 n
2281 573 2446 642 Non
2481 585 2638 642 erat

516 674 694 747 illud<
730 671 1025 770 quidem
1068 695 1321 743 verum
1354 698 1371 740 ε
1414 696 1566 743 non
1611 675 1806 744 enim
1845 675 2140 772 ingrati,
2182 676 2306 748 sed
2347 680 2588 749 miseri
2613 733 2636 766 ,

510 783 779 883 quibus
818 779 1119 854 reddere
1158 781 1461 852 salutem
1488 835 1508 868 ,
1556 806 1600 852 a
1643 807 1793 879 quo
1839 801 2262 882 acceperant
2290 841 2310 876 ,
2357 811 2508 858 non
2551 788 2635 858 li-

509 910 731 980 ceret3
762 915 895 962 nec
924 915 1111 962 unus
1140 892 1219 960 in
1251 915 1694 988 quemquam
1723 917 2069 990 umquam
2094 897 2384 991 gratior,
2413 919 2637 994 quam

506 1007 581 1076 in
616 1027 735 1074 me
772 1001 1127 1072 universi:
1164 999 1289 1071 sed
1332 1014 1572 1072 tamen
1605 1001 1786 1072 illud
1813 1003 2096 1100 scripsit
2131 1003 2636 1078 disertissimus

510 1113 726 1216 poeta
768 1129 917 1212 ‘pro
972 1109 1176 1200 me⁵;
1236 1113 1382 1210 egit
1437 1110 1908 1184 fortissimus⁶
1945 1129 2168 1202 actor,
2211 1141 2358 1186 non
2395 1116 2636 1188 solum

512 1228 867 1327 optimus,
900 1223 991 1294 de
1017 1245 1130 1292 me
1152 1276 1173 1309 ‚
1208 1246 1441 1319 quum
1473 1246 1727 1294 omnes
1753 1221 2046 1294 ordines
2077 1225 2635 1313 demonstrarem

510 1351 838 1411 senatum
857 1386 876 1422 ,
921 1333 1201 1428 equites
1242 1353 1580 1403 romanos
1603 1386 1623 1417 ‚
1659 1336 2077 1405 universum
2121 1337 2482 1432 populum
2515 1361 2637 1407 ro·

513 1469 842 1529 manum,
874 1455 1255 1534 ‘accusaret
1300 1469 1317 1510 :
1362 1471 1395 1507 α
1418 1443 1758 1514 Exsulare
1799 1445 2064 1534 sinitis,
2114 1447 2370 1516 sivistis
2411 1447 2585 1543 pelli
2617 1497 2640 1534 ‚

511 1556 810 1656 pulsum
856 1553 1263 1648 patimini».
1319 1552 1500 1641 Quae
1545 1567 1700 1622 tum
1750 1553 2173 1651 significatio
2211 1553 2430 1626 fuerit
2470 1579 2631 1625 otn-

514 1666 753 1749 nimn,
811 1669 977 1758 quise
1010 1659 1393 1730 declaratio
1432 1661 1824 1734 voluntatis
1856 1662 1946 1734 ab
1985 1666 2324 1736 universo
2357 1663 2642 1762 populo

514 1793 819 1846 romano
858 1773 931 1838 in
984 1791 1195 1840 causa
1249 1768 1564 1840 hominis
1607 1795 1760 1841 non
1799 1773 2250 1870 popularis7,
2301 1773 2640 1872 equidem

518 1878 985 1955 audiebamus
1033 1903 1051 1947 z
1109 1880 1516 1952 existimare
1545 1873 1846 1952 'facilius
1919 1898 2220 1980 possunt
2246 1935 2266 1970 ‚
2325 1885 2454 1980 qui
2515 1881 2642 1953 ad·-

518 1991 835 2064 fuerunt.

615 2103 861 2174 LVIII.
889 2103 1007 2186 Et,
1031 2101 1379 2195 quoniam
1406 2123 1524 2170 me
1551 2099 1696 2172 huc
1731 2102 2060 2198 provexit
2085 2103 2317 2172 oratio
2334 2154 2355 2185 ‚
2388 2099 2642 2172 histrio

518 2235 761 2284 casum
803 2233 1047 2281 meum
1092 2211 1346 2281 toties¹
1388 2210 1952 2307 collacrymavit‚
1995 2235 2229 2306 quum
2263 2214 2362 2280 ita
2391 2208 2647 2280 dolen-

516 2336 632 2397 ter
674 2335 915 2421 ageret
964 2344 1249 2393 causam
1288 2344 1566 2408 meam,
1625 2334 1713 2393 ut
1765 2345 1908 2392 vox
1951 2321 2108 2415 ejus
2148 2319 2270 2391 illa
2311 2317 2646 2418 praeclm

515 2434 844 2536 lacrymis
890 2431 1385 2528 impediretur.
1444 2436 1702 2528 Neque
1759 2444 1992 2529 poetae
2009 2442 2066 2518 ²,
2137 2451 2456 2527 quorum
2508 2454 2645 2527 ego

518 2566 809 2641 semper
834 2541 1125 2635 ingenia
1158 2539 1411 2627 dilexi,
1438 2543 1750 2637 tempori
1778 2564 1941 2611 meo
1963 2538 2389 2628 defuerunt3
2417 2564 2648 2636 eaque

522 2652 844 2751 populus
868 2672 1211 2719 romanus
1234 2674 1387 2719 non
1408 2648 1644 2719 solum
1671 2650 1955 2746 plnum,
1975 2649 2100 2723 sed
2129 2652 2340 2721 etiam
2373 2652 2649 2747 gemitu

520 2785 662 2833 suo
708 2754 1228 2854 comprobavit.
1278 2760 1542 2828 Utrum
1576 2760 1796 2856 igitur
1839 2758 1988 2831 haec
2029 2764 2371 2859 AEsopum
2408 2759 2648 2857 potius

523 2894 661 2967 pro
696 2890 853 2953 me,
906 2879 1030 2937 aut
1062 2868 1337 2937 Attium
1380 2865 1620 2940 dicere
1657 2874 2019 2967 oportuit,
2066 2872 2126 2941 si
2175 2870 2489 2968 populus
2525 2894 2648 2941 ro·-

522 3002 781 3053 manus
816 2974 1002 3047 liber
1038 2990 1255 3066 esset,
1294 3002 1387 3048 an
1424 2979 1786 3078 principes
1831 2978 2180 3050 civitatis?
2209 2979 2648 3050 Nominatim

523 3114 683 3162 sum
722 3086 1117 3189 appellatus
1158 3090 1233 3158 in
1290 3092 1512 3161 Bruto
1542 3085 1611 3177 3,
1665 3084 2024 3177 «Tullius,
2069 3090 2196 3186 qui
2238 3087 2649 3159 libertatem

596 3272 648 3327 5.
679 3280 775 3325 Pro
809 3290 899 3323 me.
934 3274 1005 3321 Ut
1032 3273 1086 3321 in
1119 3288 1197 3321 me
1235 3272 1400 3321 multis
1428 3283 1546 3338 post
1701 3274 1877 3322 Lvm.
1907 3290 1952 3323 r.
1986 3273 2154 3322 Toties.
2180 3276 2240 3321 In
2263 3272 2489 3322 omnibns
2507 3272 2652 3321 versi·

522 3356 663 3406 mnis
688 3354 1031 3413 convenirent,
1056 3360 1114 3398 ut
1140 3351 1193 3397 in
1216 3366 1327 3397 enm
1355 3362 1546 3415 tempu·

525 3434 698 3485 cadere
718 3442 939 3495 possent,
966 3428 1103 3492 quod
1123 3443 1228 3475 non
1244 3440 1407 3493 poetae
1428 3446 1546 3477 con·

520 3514 663 3571 silio,
686 3510 773 3558 sed
794 3524 907 3557 casu
926 3508 991 3554 it·
1012 3506 1192 3554 sactum
1211 3517 1297 3554 est.

597 3590 647 3638 6.
672 3585 995 3635 Fortissimus.
1032 3581 1157 3648 Quia
1183 3584 1333 3633 libere
1363 3586 1513 3651 egerit
1527 3620 1547 3648 ,

522 3682 764 3733 mumque
785 3652 882 3713 mei
906 3663 1222 3721 desiderium,
1248 3664 1386 3713 nullo
1411 3676 1546 3713 metu

524 3746 809 3817 perterritus
821 3776 835 3799 ‚
852 3754 1015 3807 aperte
1032 3744 1383 3795 demonstrarit.

596 3846 645 3892 ¹7.
670 3820 891 3875 Honainis
912 3838 1008 3871 non
1012 3823 1284 3888 popularis.
1302 3826 1364 3873 Se
1381 3824 1544 3888 ipsum

523 3904 754 3971 intelligit
779 3920 793 3949 τ
830 3902 917 3967 qui
952 3904 1041 3949 etsi
1072 3904 1269 3951 nomine
1293 3900 1546 3967 popularis

522 4006 625 4037 non
668 3994 771 4035 erat
786 4015 803 4042 ‚
846 3998 1077 4030 summam
1130 3992 1289 4030 tamen
1336 3995 1449 4043 erga
1492 3996 1545 4026 se

522 4064 697 4133 populi
714 4061 1013 4111 voluntatem
1031 4060 1318 4123 cognovisse
1338 4057 1477 4107 dicit.

1630 3350 1722 3399 bus
1764 3368 1873 3417 quae
1920 3353 1984 3400 nd
2024 3368 2186 3400 casum
2233 3368 2394 3399 meum
2438 3350 2654 3399 revocari

1629 3440 1878 3497 poterant.

1705 3526 1754 3559 a.
1768 3514 1947 3559 Poeta.
1967 3510 2066 3573 Qui
2082 3508 2313 3575 quadam,
2326 3518 2382 3557 nt
2399 3508 2464 3557 ita
2481 3508 2654 3566 dicam,

1629 3586 1817 3651 ingenii
1852 3586 2151 3636 invinatione
2168 3624 2187 3650 ,
2221 3586 2330 3635 haec
2367 3587 2527 3635 omnin
2561 3600 2653 3651 pro

1631 3682 1710 3713 me
1732 3666 2036 3731 scripserant.

1705 3745 1753 3793 3.
1773 3748 1832 3793 In
1856 3748 2020 3795 Bruto.
2044 3744 2184 3795 Accii
2203 3742 2461 3808 tragoedia,
2481 3742 2543 3790 de
2559 3758 2654 3805 qua

1631 3822 1760 3871 libro
1787 3824 1813 3870 1
1838 3823 1899 3871 de
1921 3823 2266 3881 Divinatione,
2298 3833 2347 3871 et
2379 3821 2512 3887 apud
2529 3822 2656 3868 Var-

1633 3918 1802 3950 ronem
1826 3902 1886 3951 de
1905 3903 2088 3967 Lingua
2115 3904 2282 3952 Latim
2305 3902 2340 3951 l.
2365 3902 2456 3962 IV,
2473 3898 2656 3949 mentio

1630 3979 1708 4041 fit.
1738 4008 1808 4017 —-
1851 3981 2054 4030 Tullius.
2094 3983 2260 4045 Quum
2296 3981 2424 4028 enim
2451 3982 2656 4028 Brutum

1633 4061 1841 4124 AEsopus
1879 4060 2129 4108 nominare
2173 4058 2368 4108 deberet
2387 4094 2403 4122 ,
2441 4054 2656 4107 Tullium
