2996 4694
486 357 630 446 468
1225 351 1987 426 ARGUMENTUM.

561 479 902 540 vulneribus
937 477 1302 546 confossum,
1341 475 1537 535 media
1574 477 1637 535 in
1670 477 1767 534 via
1798 474 2121 554 projectum
2154 475 2265 534 fuit
2290 491 2363 534 ac
2398 472 2627 532 dereli-

557 590 740 636 ctum.
768 579 856 634 ne
881 585 1246 652 perpetrata,
1267 571 1723 649 disturbatisqne
1743 571 1986 629 omnino
2019 569 2347 640 Clodianis,
2376 570 2439 628 in
2466 571 2627 629 viam

561 675 708 732 uilo
731 693 796 732 se
823 671 1076 749 conjicit.
1105 673 1337 729 Interea
1364 674 1523 730 Sext.
1546 669 1763 728 Tedius
1800 681 2063 738 senator,
2092 669 2195 745 qui
2223 689 2299 726 ex
2326 667 2471 726 villa
2496 671 2629 727 Ur·-

561 771 696 829 bem
725 767 1058 848 repetebat,
1075 767 1346 826 -cadaver
1383 768 1642 839 sustulit,
1668 765 1989 843 lecticaque
2011 765 2347 844 impositum
2372 770 2627 824 Romam

561 867 778 928 deferri
799 866 1046 926 curavit.
1071 863 1256 926 Simul
1281 883 1350 922 ac
1371 863 1545 923 caiis
1566 864 1721 922 fama
1748 863 1981 940 vulgata
2004 875 2121 934 est,
2148 863 2347 922 infima
2376 861 2545 941 plebs
2562 875 2629 920 et

565 963 980 1044 perditissimus
1003 962 1252 1040 quisque
1289 973 1424 1020 ante
1464 959 1657 1020 Clodii
1686 958 1839 1018 ades
1868 971 2311 1018 concurrerunt.
2354 963 2523 1032 Quos
2556 973 2629 1018 nt

561 1063 754 1121 aerius
789 1059 1136 1122 accenderet
1171 1079 1326 1117 uxor
1363 1057 1559 1117 clodii
1588 1057 1825 1130 Fulvia,
1866 1057 2059 1116 mariti
2096 1075 2315 1135 corpus
2348 1055 2625 1128 nudavit,

563 1162 925 1246 vulneraque
957 1156 1176 1234 objecit
1203 1157 1462 1214 onmium
1493 1156 1683 1214 oculis
1712 1153 2141 1213 contrectanda.
2172 1154 2459 1214 Postridie
2482 1175 2627 1213 vero

563 1275 870 1316 numerosa
919 1254 1098 1331 magis
1153 1251 1469 1312 multitudo
1518 1252 1801 1310 confluxit
1822 1293 1841 1321 ,
1894 1249 2383 1329 incitantibusque
2434 1251 2629 1310 aerius

563 1354 800 1424 Fulvia,
831 1351 1217 1427 Munatioque
1242 1349 1488 1420 Planco,
1512 1361 1575 1407 et
1598 1353 1673 1422 Q.
1701 1348 2015 1426 Pompeio,
2040 1365 2255 1426 corpus
2280 1367 2625 1427 suscepere,

561 1464 624 1508 et
649 1451 710 1508 in
735 1449 930 1506 forum
959 1445 1296 1504 detulerunt
1327 1442 1599 1502 omnibus
1628 1443 2037 1521 spectandum3
2068 1442 2151 1500 ibi
2174 1463 2319 1502 vero
2349 1448 2423 1517 Q.
2446 1449 2627 1502 Pom-

467 1577 476 1586 ·
563 1547 732 1626 peius
757 1555 976 1602 mentes
999 1540 1260 1598 omnium
1287 1540 1370 1597 ita
1395 1539 1583 1607 acuit,
1612 1552 1679 1596 ut
1709 1538 1891 1616 raptis
1912 1537 2199 1598 subselliis
2212 1537 2429 1616 quibus
2448 1540 2625 1618 vulgo

505 1665 514 1676 ·
561 1641 798 1700 stabant
845 1638 1106 1716 judices,
1153 1637 1450 1714 ingentem
1504 1655 1713 1714 pyram
1768 1634 2123 1706 struxerint,
2172 1635 2627 1714 impositumque

563 1735 950 1798 cremaverint
992 1753 1238 1812 corpus3
1285 1731 1392 1790 sed
1439 1731 1609 1790 brevi
1656 1745 1831 1790 vento
1877 1730 2293 1790 vehementiori
2334 1732 2628 1810 aspirante

568 1838 792 1896 curiam
821 1833 1152 1893 incendium
1175 1831 1496 1910 corripuit;
1520 1830 1777 1906 dumque
1802 1848 2003 1888 omnes
2022 1829 2213 1888 territi
2238 1827 2625 1908 diffugerent,

563 1935 852 2014 dejectum
881 1951 1026 2010 rogo
1053 1930 1246 1990 Clodii
1265 1949 1478 2008 corpus
1500 1928 1841 1988 semiustum
1860 1927 2053 1987 medio
2072 1928 2205 1988 foro
2222 1929 2491 1988 relictum
2518 1943 2626 1989 est.

646 2036 786 2092 Haec
825 2031 1020 2088 omnia
1053 2028 1279 2086 animos
1325 2026 1533 2104 optimi
1574 2023 1853 2102 cujusque
1896 2025 1957 2082 in
2007 2024 2317 2085 modianos
2364 2046 2629 2086 commo-

567 2149 736 2202 vere,
765 2146 1160 2205 conversaque
1187 2125 1245 2182 in
1269 2143 1334 2182 se
1355 2122 1549 2182 studia
1568 2137 1725 2180 ratus
1744 2120 1913 2194 Milo,
1934 2127 2179 2182 Romam
2206 2123 2439 2202 regredi
2456 2143 2630 2183 ausus

567 2241 684 2298 est3
731 2225 1018 2304 populum
1061 2222 1396 2298 alloquutus
1440 2213 1907 2295 est,'pecuniam
1950 2217 2221 2295 largitus3
2272 2217 2376 2278 sed
2416 2219 2633 2280 frustm

568 2325 692 2385 haec
719 2322 917 2383 omnia
947 2321 1140 2379 fuere:
1173 2315 1396 2377 tribuni
1421 2313 1653 2394 plebem
1675 2314 1915 2374 incitare
1934 2333 2055 2373 non
2082 2314 2447 2375 destiterunt.
2476 2316 2631 2391 Qui-

567 2422 679 2481 bus
725 2419 898 2479 rebus
928 2417 1168 2476 omnino
1203 2432 1486 2473 concussa
1530 2412 1759 2483 civitas,
1808 2412 2093 2490 veritique
2138 2426 2335 2491 patres
2378 2434 2455 2472 ne
2486 2414 2631 2492 quid

565 2518 799 2599 gravius
829 2514 1146 2583 accideret,
1173 2530 1354 2603 quum
1399 2524 1687 2588 perpetuo
1726 2528 1891 2567 arma
1933 2510 1997 2567 in
2036 2509 2167 2567 foro
2218 2522 2633 2580 mactarentur,

568 2613 910 2693 Pompeium
936 2610 1232 2667 consulem
1265 2606 1483 2684 absque
1512 2607 1735 2684 collega
1760 2624 2032 2663 creavere
2062 2605 2281 2679 edicto,
2304 2618 2373 2665 ut
2396 2608 2493 2666 ille
2526 2626 2633 2666 ca-

573 2722 764 2781 veret,
806 2728 882 2765 ne
909 2705 1054 2784 quid
1087 2704 1422 2763 detrimenti
1449 2714 1684 2779 caperet
1712 2700 2057 2779 respublica.
2081 2702 2197 2776 Qui
2230 2722 2375 2761 vero
2406 2705 2635 2763 animo-

571 2827 704 2867 rum
761 2802 1254 2881 exspectationem
1308 2798 1515 2858 fefellit
1543 2821 1561 2868 ς
1616 2818 1751 2856 nam
1806 2798 2081 2876 praesenti
2140 2799 2409 2877 periculo
2462 2801 2635 2861 nimis

571 2903 954 2969 conterritus,
997 2899 1268 2977 falsisque
1312 2894 1651 2954 rumoribus
1694 2894 1901 2974 populi
1940 2895 2217 2973 agitatus,
2264 2896 2477 2957 milites
2516 2918 2633 2957 un-

571 3002 751 3079 dique
786 2995 1132 3069 conscribit,
1175 2996 1236 3052 in
1272 2991 1575 3073 publicum
1623 2989 1863 3069 prodire
1902 3010 2023 3050 non
2058 2991 2336 3066 sustinet,
2388 2994 2451 3051 in
2488 2993 2637 3051 hor-

574 3100 762 3177 tisque
785 3097 902 3155 suis
923 3092 1270 3153 suburbanis
1299 3091 1469 3160 latet,
1498 3087 1729 3145 delectu
1766 3087 2013 3145 militum
2041 3088 2285 3148 cinctus.
2316 3091 2545 3149 Interea
2574 3090 2637 3149 in

563 3194 854 3273 judicium
887 3188 1183 3249 vocandus
1228 3200 1356 3246 erat
1403 3183 1484 3243 ob
1531 3182 1745 3242 caedem
1794 3183 1977 3255 Mi103
2036 3202 2257 3243 novum
2300 3186 2639 3264 questionis

573 3310 753 3369 genus
779 3290 906 3367 lege
931 3285 1242 3364 Pompeius
1269 3280 1606 3352 constituit,
1641 3298 1827 3339 novos
1850 3278 2081 3356 judices
2118 3281 2467 3357 conscribit,
2508 3288 2639 3343 Do-

573 3388 800 3447 mitium
828 3379 1288 3443 Ahenobarbum
1325 3378 1693 3455 quaesitorem
1726 3375 2004 3433 decernit.
2052 3375 2377 3439 obstiterat
2412 3380 2643 3459 legibus

575 3484 700 3545 istis
737 3488 818 3543 Μ.
847 3480 1095 3549 Coelius3
1136 3474 1238 3535 sed
1273 3493 1455 3552 quum
1495 3472 1850 3552 pertinacius
1890 3473 2073 3551 legem
2104 3473 2459 3555 vituperanti
2488 3478 2645 3537 indi-

575 3582 756 3639 xisset
790 3574 1098 3653 Pompeius
1117 3614 1136 3643 ,
1175 3590 1238 3629 se
1285 3568 1703 3647 rempublicam
1750 3568 1925 3627 armis
1974 3568 2383 3645 defensurum,
2432 3572 2645 3633 cedere

579 3688 813 3737 coactus
847 3686 950 3731 est.
982 3666 1250 3727 Trecenti
1269 3664 1497 3742 judices
1525 3665 1689 3723 fuere
1718 3664 2035 3742 propositi,
2070 3680 2131 3725 et
2154 3688 2228 3727 ex
2250 3669 2321 3728 iis
2344 3671 2649 3751 octoginta

579 3788 638 3831 et
659 3790 809 3831 unus
831 3764 1060 3827 delecti.
1091 3761 1206 3822 Sed
1233 3774 1545 3840 postquam
1572 3772 1875 3819 accusator
1896 3762 2107 3838 quinos
2142 3784 2217 3823 ex
2242 3766 2517 3829 omnibus
2548 3790 2653 3829 or-

576 3868 811 3929 dinibus
839 3862 1152 3939 rejecisset,
1185 3858 1549 3934 totidemque
1578 3877 1745 3928 reus,
1790 3877 1941 3917 unus
1990 3872 2213 3921 tantum
2254 3878 2315 3923 et
2356 3867 2651 3945 quinqua-

583 3968 742 4047 ginta
775 3964 970 4031 suere,
999 3974 1148 4034 quos
1187 3954 1338 4012 inter
1365 3952 1569 4014 decem
1595 3966 1655 4011 et
1684 3964 1819 4011 octo
1854 3968 2183 4035 senatores,
2228 3962 2653 4040 septemdecim

583 4061 806 4139 equites
833 4068 892 4113 et
919 4052 1208 4115 sexdecim
1231 4050 1422 4113 aerarii
1455 4049 1679 4109 tribuni
1712 4062 1894 4111 erant.
1936 4052 2265 4117 Adstabant
2300 4060 2511 4121 Miloni
2544 4060 2657 4123 de-
