2996 4694
801 416 1188 486 oRArlo
1235 418 1440 487 Pno
1488 420 1586 488 M.
1632 416 2026 488 coEmo.
2352 438 2481 515 197

347 539 522 612 bare
567 563 658 610 ex
712 541 1081 611 communi
1132 536 1424 611 infamia
1459 537 1907 637 juventutis⁶
1951 538 2264 638 aliquam
2304 542 2484 613 invi-

351 649 543 722 diam
591 646 822 721 Coelio
872 648 1056 720 velle
1107 647 1440 721 conflare.
1488 654 1741 747 Itaque
1784 674 2005 721 omne
2046 647 2225 720 illud
2268 650 2482 722 siien-

352 764 571 850 tium,
611 758 814 857 quod
868 772 977 830 est
1024 760 1334 830 orationi
1371 758 1730 831 tributum
1773 775 1949 848 tuae,
2000 757 2136 832 fuit
2182 759 2279 834 ob
2325 768 2489 832 eam'

353 895 638 942 causam
667 924 687 958 ‚
732 868 967 967 quod,
1012 894 1164 941 uuo
1199 894 1329 941 reo
1370 870 1781 969 proposito,
1818 868 1911 940 de
1946 867 2339 940 multorum
2380 873 2486 941 vi-

353 982 469 1053 tiis
506 978 996 1078 cogitabamus
1016 990 1068 1050 ⁷.
1108 981 1338 1052 Facile
1371 996 1477 1052 est
1512 1005 1843 1053 accusare
1877 980 2260 1051 luxuriem.
2309 981 2484 1052 Di‘es

343 1090 493 1185 jam
533 1115 652 1162 me
688 1088 1006 1180 deficiat,
1043 1092 1137 1179 si,
1176 1114 1338 1187 quae
1376 1090 1518 1163 dici
1552 1093 1629 1161 in
1666 1115 1819 1162 eam
1859 1090 2286 1161 sententiam
2319 1112 2487 1188 pos·

351 1216 557 1290 suut,
593 1225 814 1273 coner
835 1223 1294 1299 expromere:
1324 1199 1415 1271 de
1443 1201 1873 1299 corruptelis
1892 1195 1949 1287 ⁸,
1978 1197 2068 1270 de
2096 1197 2487 1286 adulteriis»,

353 1310 444 1382 de
482 1311 949 1408 protervitate
962 1321 1020 1397 9,
1070 1310 1161 1380 de
1207 1310 1617 1409 sumptibus
1638 1364 1657 1397 ,
1700 1312 2049 1381 immensa
2084 1310 2317 1380 oratio
2358 1323 2486 1381 est.

353 1426 451 1493 Ut
477 1418 610 1491 tibi
649 1444 856 1492 reum
900 1422 1266 1492 neminem
1289 1430 1379 1507 ¹⁰,
1417 1419 1543 1492 sed
1580 1421 1745 1492 vitia
1786 1444 2156 1518 proponas
2179 1473 2199 1506 ‚
2235 1444 2350 1491 res
2385 1435 2486 1491 ta-

353 1556 516 1603 men
560 1533 714 1630 ipsa
751 1547 826 1604 et
864 1534 1188 1629 copiose,
1231 1546 1305 1603 et
1340 1534 1652 1629 graviter
1684 1533 2002 1602 accusari
2044 1544 2305 1629 potest.
2343 1529 2484 1602 Sed

352 1655 602 1713 vestrae
657 1642 1018 1738 sapientiae
1072 1655 1218 1727 est,
1265 1640 1585 1735 judiceS,
1650 1665 1800 1712 non
1860 1639 2123 1713 abduci
2173 1638 2266 1711 ab
2319 1664 2483 1729 reo;

350 1774 488 1820 nec
505 1804 525 1830 ,
559 1774 746 1846 quos
779 1751 1065 1821 aculeos
1097 1749 1360 1823 habeat
1385 1752 1719 1831 severitas
1747 1752 2199 1849 gravitasque
2226 1764 2484 1837 vestra,

350 1884 579 1957 quum
650 1885 774 1933 eos
832 1875 1204 1933 accusator
1265 1863 1573 1933 erexerit
1629 1862 1706 1931 in
1766 1884 1919 1931 rem
1946 1915 1964 1946 ,
2023 1862 2095 1931 in
2154 1862 2357 1945 vitia,
2409 1863 2483 1931 in

352 1994 631 2060 moreS‚
687 1972 762 2042 in
816 1987 1182 2070 tempora,
1247 1973 1575 2043 emittere
1624 1974 1701 2042 iu
1752 1970 2127 2041 hominem
2158 1981 2216 2016 ¹¹
2280 1985 2355 2041 et
2406 1973 2483 2042 in

349 2102 557 2151 reum
586 2108 602 2151 :
641 2106 870 2179 quum
898 2084 957 2151 is
985 2106 1137 2152 non
1171 2106 1305 2152 suo
1337 2082 1637 2152 crimine
1661 2136 1681 2168 ,
1724 2079 1849 2151 sed
1878 2080 2276 2151 multorum
2309 2081 2484 2151 vitio
2588 2156 2591 2159 ,

350 2190 442 2259 sit
481 2190 558 2259 in
609 2189 978 2287 quoddam
1024 2190 1274 2262 odium
1319 2194 1671 2286 injustum
1714 2203 2029 2261 vocatuS.
2088 2195 2342 2285 Itaque
2380 2213 2485 2260 se-

350 2303 632 2372 veritati
673 2315 845 2389 tuae,
882 2314 963 2372 ut
991 2314 1316 2399 oportet,
1342 2299 1986 2399 ita‚respondere¹²
2022 2323 2172 2370 non
2208 2297 2481 2370 audeo:

351 2425 504 2481 erat
527 2412 717 2481 enim
747 2436 1014 2496 meum,
1040 2412 1406 2510 deprecari
1429 2408 1941 2483 vacationem¹³
1968 2409 2486 2496 adolescentiae,
2528 2429 2533 2434 ’

351 2524 788 2619 veniamque
829 2537 1130 2620 petere:
1185 2546 1374 2612 non,
1421 2524 1764 2621 inquam,
1820 2517 2089 2609 aude03
2140 2517 2485 2619 perfugiis

349 2741 520 2791 Cicero
555 2743 681 2790 infra
717 2759 824 2808 cap.
870 2745 970 2792 18:
1009 2765 1036 2785 α
1060 2743 1240 2792 Vincat
1279 2742 1368 2790 ali-

347 2821 548 2886 quando
573 2821 839 2885 eupiditae,
868 2823 1186 2888 voluptasque
1218 2822 1368 2871 ratio-

347 2917 458 2948 nem
473 2936 488 2960 ,
532 2899 800 2950 dummodo
841 2901 923 2950 illa
959 2903 1012 2950 in
1055 2901 1152 2951 boc
1197 2917 1370 2967 genere

347 2980 650 3045 prescriptio
664 3017 678 3040 ,
697 2981 1066 3046 moderatioque
1093 2993 1311 3030 teneatur
1325 3003 1368 3030 n.

347 3059 466 3106 Haee
495 3075 524 3109 a
557 3060 777 3110 moribus
805 3062 984 3110 noeti-ia
1012 3061 1158 3124 longe
1187 3061 1368 3109 abhor-

349 3149 472 3186 rent.
815 3149 821 3159 '

419 3216 470 3264 6.
506 3219 794 3271 Iuventutis.
838 3220 896 3269 ld
930 3231 1033 3281 eet,
1059 3221 1370 3284 juveututum

347 3290 622 3349 generatim.

423 3381 470 3428 7.
497 3367 572 3414 De
587 3370 844 3418 multorum
858 3370 998 3420 vitia}
1016 3370 1367 3435 cogitabamus.

347 3442 409 3491 ld
427 3453 531 3504 eet,
557 3455 640 3493 tua
663 3449 820 3496 oratio
843 3449 988 3497 nobie
1007 3449 1060 3496 in
1085 3450 1370 3498 memoriam

346 3524 608 3572 revocabat
628 3527 852 3590 publicos
879 3528 1126 3578 dissolutae
1139 3530 1370 3591 inventu·

344 3602 408 3651 tie
433 3619 624 3661 mores,
657 3615 707 3652 et
741 3617 916 3655 etatum
949 3610 1100 3658 totiue
1125 3609 1370 3671 eivitatieg

345 3681 432 3730 aed
449 3683 570 3746 quid
587 3683 692 3732 baee
709 3685 774 3732 ed
793 3682 998 3735 Coelium
1017 3699 1240 3752 spectant
1254 3687 1278 3734 Ρ

417 3763 466 3810 8.
507 3764 585 3810 De
609 3766 914 3829 corruptelis.
950 3767 1008 3815 Id
1035 3779 1108 3816 eet
1129 3799 1144 3826 ,
1173 3767 1236 3816 de
1259 3768 1369 3816 ille-

345 3841 504 3889 oebris
519 3879 534 3900 ‚
573 3853 620 3891 et
659 3845 906 3893 amoribus
935 3847 1113 3909 quibua
1142 3849 1372 3908 iuventus

345 3923 694 3987 corrumpitur.
729 3923 982 3972 Terentius
1009 3926 1061 3972 in
1097 3925 1370 3990 Adelphis:

345 4021 372 4040 ‹-
391 4001 680 4049 Communie
707 4003 982 4066 corruptela
1003 4001 1224 4052 nostrum
1245 4003 1372 4053 libe·

346 4095 454 4126 rum
473 4101 515 4128 ιο.

417 4173 470 4221 9.
499 4159 576 4206 De
592 4157 924 4222 protervitate.
948 4159 1007 4208 Id
1031 4171 1130 4222 eet,
1155 4163 1378 4227 petulan-

1457 2743 1553 2800 tia,
1594 2741 1753 2806 qualia
1788 2757 1891 2789 esee
1926 2741 2053 2789 eoiet
2089 2739 2143 2786 in
2184 2737 2455 2804 pecudibus
2473 2775 2489 2797 ‚

1457 2821 1575 2869 dum
1598 2821 1865 2886 cupiditate
1885 2829 2165 2878 metuentes,
2189 2819 2335 2868 obvia
2353 2835 2484 2884 quae·

1457 2916 1555 2965 que
1570 2899 1852 2966 propellunt
1869 2916 1927 2948 ae
1944 2911 2222 2964 proterunt.

1534 2993 1615 3028 ιο.
1647 2981 1709 3026 Ue
1728 2978 1816 3027 eibi
1833 2993 1967 3026 reum
1992 2979 2255 3027 neminem.
2282 2979 2483 3026 Etiamsi

1457 3074 1596 3107 reum
1612 3059 1801 3106 nullum
1824 3075 2021 3107 accuses
2035 3093 2050 3118 ‚
2073 3057 2160 3106 eed
2176 3060 2228 3106 iu
2249 3059 2353 3120 ipsa
2380 3068 2487 3105 tau-

1455 3147 1561 3187 tum
1578 3138 1694 3185 vitia
1716 3137 2009 3185 declamitee.

1536 3231 1613 3265 ιι.
1648 3215 1882 3264 Emittere
1907 3216 1957 3262 in
1987 3213 2254 3264 hominem.
2294 3213 2355 3261 Id
2381 3225 2487 3276 eat,

1457 3311 1563 3344 non
1596 3295 1659 3342 ad
1685 3294 1939 3360 proprium
1964 3294 2211 3359 applicare
2236 3307 2485 3357 quaeum-

1455 3392 1552 3440 que
1578 3375 1631 3422 in
1654 3375 1769 3423 vitia
1794 3375 2057 3438 generatim
2082 3373 2273 3421 effudit.
2309 3373 2487 3421 Trana-

1453 3455 1556 3504 lata
1580 3455 1727 3502 verba
1754 3453 1992 3516 erexerit,
2017 3452 2233 3500 emittere
2262 3451 2325 3500 ad
2350 3467 2488 3500 men-

1455 3533 1641 3584 fiouem
1674 3533 1951 3581 aculeorum
1969 3531 2351 3580 accommodata.

1532 3628 1615 3662 ia.
1642 3611 1940 3676 Respondet-e
1965 3626 2065 3659 non
2092 3610 2271 3658 audeo.
2302 3611 2490 3660 Itonia.

1536 3693 1617 3740 13.
1654 3689 1971 3738 Vacationem
1994 3689 2347 3739 adolescentia.
2374 3691 2487 3738 Me-

1458 3770 1664 3835 tapbora
1699 3786 1728 3817 a
1765 3769 2001 3817 militibus
2035 3769 2269 3830 deducta,
2306 3768 2488 3833 quibua

1457 3849 1739 3897 immunita·
1752 3883 1765 3907 ,
1788 3848 2077 3912 vacatioqne
2092 3847 2400 3897 conceditur.
2425 3847 2485 3893 Id

1461 3939 1564 3985 eat,
1598 3943 1699 3974 non
1738 3926 1895 3976 Coelio
1926 3927 2223 3975 adolescenti
2254 3927 2452 3989 proprie
2468 3959 2487 3982 ,

1461 4007 1551 4056 aed
1578 4007 1805 4056 omnibns
1840 4005 2228 4055 adolescentibue
2248 4037 2265 4064 ‚
2304 4014 2360 4050 nt
2394 4019 2484 4049 va-

1465 4097 1576 4134 cent
1593 4121 1609 4145 ,
1624 4085 1868 4149 aolutique
1885 4086 1984 4132 aiut
2000 4084 2061 4130 iia
2077 4083 2265 4146 legibue
2276 4115 2291 4139 ‚
2309 4081 2490 4146 quibua

1463 4165 1789 4214 robustiorem
1809 4163 1961 4211 teneri
1982 4173 2169 4210 etatem
2188 4175 2383 4224 equum
2400 4172 2488 4210 eet.
