2996 4694
1061 439 1845 510 ARGUMENTUM.
2284 431 2290 438 ’
2380 437 2524 536 469

473 563 728 622 sensores
755 565 830 635 Q.
857 560 1236 634 Hortensius,
1268 567 1350 621 Μ.
1371 563 1577 622 Cicero
1594 605 1612 636 ,
1641 565 1725 620 M.
1748 557 2091 634 Marcellus,
2114 564 2199 620 M.
2210 561 2524 632 callidius,

471 663 556 722 M.
581 661 745 733 Cato,
763 669 824 715 et
841 659 1080 716 Faustus
1105 656 1284 716 Sulla.
1315 665 1697 717 Accusatores
1724 669 1919 716 autem
1946 655 2067 715 duo
2101 656 2275 735 Appii
2302 657 2527 726 Clodii,

473 755 594 814 duo
616 753 866 824 Valerii,
907 766 968 811 et
991 757 1060 812 L.
1091 754 1418 814 Herennius
1452 752 1685 828 Balbus.
1722 753 1997 814 Edixerat
2036 753 2345 831 Pompeius
2386 754 2531 813 duas

471 849 908 910 accusatoribus
920 849 1120 923 horas,
1141 863 1200 908 et
1213 849 1451 909 totidem
1471 849 1733 928 patronis
1745 849 1819 910 ad
1838 849 2121 928 agendam
2134 869 2363 908 causam
2384 869 2527 908 con-

385 999 392 1004 ,
473 945 780 1020 cedendas
796 946 994 1025 sicque
1007 945 1392 1006 adstrinxerat
1409 946 1819 1024 eloquentiam,
1835 946 2145 1025 frenosque
2166 946 2221 1004 ei
2238 944 2530 1024 injecerat.

549 1047 688 1123 Ipso
714 1061 858 1102 vero
881 1041 1088 1121 judicii
1115 1041 1212 1101 die
1243 1041 1450 1101 clausae
1477 1043 1639 1101 omni
1666 1041 1815 1102 urbe
1844 1041 2099 1102 tabernae
2131 1041 2390 1114 fuerant,
2416 1061 2528 1122 po-

469 1138 644 1218 pulus
697 1137 830 1197 foro
865 1137 1100 1217 pulsus,
1123 1149 1196 1196 et
1233 1136 1429 1196 omnia
1471 1137 1649 1200 armis
1692 1157 1761 1196 ac
1810 1137 2087 1197 militibus
2132 1138 2339 1197 cincta.
2396 1141 2533 1217 Ipse

469 1233 781 1314 Pompeius
806 1251 920 1312 pro
946 1233 1153 1293 aerario
1181 1251 1376 1292 coram
1411 1231 1711 1310 judicibus
1751 1233 2039 1306 consedit,
2070 1245 2266 1313 septus
2307 1233 2531 1293 delecta

471 1330 718 1390 militum
747 1349 944 1390 manu.
969 1333 1138 1392 Unus
1165 1329 1374 1389 Cicero
1401 1327 1589 1390 tribus
1611 1330 2041 1389 accusatoribus
2070 1329 2371 1410 respondit
2387 1373 2403 1402 ,
2429 1331 2531 1390 sed

468 1433 702 1488 causam
727 1447 846 1502 non
879 1428 1044 1500 felix,
1077 1441 1144 1487 ut
1163 1427 1506 1508 saepissime,
1529 1427 1719 1487 exitus
1742 1428 1989 1507 excepit.
2012 1433 2235 1488 Natura
2264 1427 2529 1486 timidum

468 1525 790 1606 ingenium,
817 1545 924 1586 neo
951 1537 1156 1586 contra
1185 1544 1346 1584 arma
1373 1525 1650 1604 pervicax
1681 1548 1695 1583 ε
1722 1525 1919 1603 itaque
1958 1526 2193 1584 insolito
2235 1527 2337 1584 illo
2372 1524 2536 1604 judi„
2604 1545 2611 1553 ·

467 1623 696 1688 ciorum
723 1635 1007 1702 apparatu
1033 1635 1234 1683 orator
1262 1621 1642 1694 conterritus,
1661 1623 1948 1700 armisque
1971 1622 2103 1694 illis,
2131 1636 2191 1680 et
2217 1622 2531 1701 prasertim

467 1721 783 1799 Pompeio,
809 1739 986 1797 quem
1013 1719 1216 1778 Miloni
1253 1719 1539 1778 insensum
1574 1733 1847 1794 noverat,
1890 1719 2295 1799 perturbatus,
2342 1720 2533 1798 primo

469 1817 670 1890 hesit3
693 1816 792 1879 vix
821 1815 985 1892 loqui
1019 1815 1394 1893 incipientem
1425 1815 1693 1874 Clodiani
1723 1819 1945 1895 magnis
1982 1817 2333 1876 clamoribus
2362 1837 2535 1876 acce-

468 1933 650 1993 pere:
689 1911 814 1970 haec
860 1910 1056 1970 omnia
1094 1912 1329 1990 ingenio
1363 1913 1643 1984 offecere,
1671 1917 1789 1971 voit
1834 1913 2099 1973 saucibus
2144 1911 2432 1987 hoerebat,
2477 1927 2537 1973 et

467 2029 579 2089 per
607 2023 790 2068 totam
818 2009 1142 2068 orationem
1167 2008 1268 2068 vix
1295 2029 1330 2068 a
1352 2007 1650 2086 jndicibus
1677 2022 1765 2069 est
1791 2010 2041 2070 auditus.

547 2111 840 2186 Tempore
862 2105 1067 2184 periit,
1090 2125 1222 2184 quae
1248 2105 1501 2184 primum
1524 2118 1662 2165 tunc
1685 2106 1885 2166 habita
1906 2121 1994 2167 est
2012 2109 2231 2180 oratio,
2259 2127 2377 2170 non
2405 2126 2533 2167 ma-

470 2223 588 2283 gno
617 2221 754 2263 sane
777 2189 1075 2262 literarum
1102 2215 1162 2262 et
1192 2203 1490 2263 Ciceronis
1520 2203 1722 2282 gloriae
1752 2203 1985 2264 damno.
2016 2205 2255 2264 Asconii
2284 2217 2451 2263 aetate
2478 2218 2537 2263 et

469 2301 817 2379 Quintiliani
873 2301 1064 2361 adhuc
1109 2315 1445 2383 supererat,
1495 2301 1597 2361 sed
1652 2303 1891 2362 omnino
1950 2315 2153 2382 postea
2210 2303 2525 2362 intercidit.

468 2405 662 2476 Quam
699 2419 855 2459 nunc
894 2412 1232 2472 tractamus,
1275 2413 1478 2459 orator
1520 2415 1654 2481 post
1700 2420 1823 2461 rem
1864 2401 2239 2481 dijudicatam
2281 2400 2537 2478 scripsit·

467 2502 616 2572 Quae
647 2497 920 2577 princeps
961 2516 1190 2575 semper
1221 2497 1484 2557 omnium
1530 2498 1654 2577 ejus
1702 2500 2031 2558 orationum
2071 2498 2330 2557 exstitit:
2369 2498 2531 2555 nulla

467 2595 622 2657 enim
650 2592 920 2655 omnibus
949 2594 1212 2674 partibus
1240 2595 1319 2653 ita
1346 2594 1613 2655 absoluta
1638 2596 1887 2657 videtur.
1910 2594 2065 2669 Quid
2092 2595 2387 2675 principio
2410 2614 2535 2653 mo-

467 2692 686 2753 destius
716 2712 784 2750 ac
811 2691 1090 2751 suavius?
1113 2691 1254 2769 quid
1279 2692 1709 2765 vehementius,
1738 2712 1919 2772 quum
1948 2714 2015 2753 ea
2045 2693 2306 2751 confutat
2333 2704 2534 2751 orator

465 2810 596 2868 quse
633 2787 697 2848 in
737 2788 1016 2848 Milonem
1047 2786 1460 2867 jactabantur?
1508 2794 1640 2863 Qua
1668 2790 1731 2849 vi
1775 2790 2119 2868 eloquentiae
2160 2790 2220 2847 in
2260 2787 2529 2847 Clodium

467 2884 792 2945 invehitur!
824 2898 1042 2963 quanta
1081 2898 1206 2943 arte
1231 2904 1432 2944 necem
1457 2887 1601 2946 civis
1624 2886 1999 2965 perditissimi
2036 2885 2218 2945 oculis
2256 2884 2491 2961 subjicit
2520 2902 2537 2956 1

467 3000 643 3059 quam
672 2982 894 3041 vivida!
925 3002 1100 3060 quam
1141 3000 1296 3061 pura
1323 2994 1460 3040 sunt
1493 2984 1689 3041 omnia
1716 2988 1733 3041 l
1774 2988 2020 3054 Orator,
2058 2996 2367 3060 postquam
2406 2980 2532 3059 pri-

467 3096 566 3138 mo
613 3077 1009 3147 timidissime,
1051 3090 1116 3137 ut
1153 3077 1238 3135 ita
1273 3077 1494 3148 dicam,
1546 3078 1789 3156 incoepit
1808 3118 1827 3147 ,
1886 3090 2193 3156 postquam
2226 3077 2453 3135 veniam
2495 3096 2531 3134 a

461 3172 760 3251 judicibus
801 3173 1056 3231 timentis
1097 3172 1274 3231 animi
1314 3171 1619 3251 poposcit,
1662 3172 1965 3254 paullatim
2005 3171 2245 3231 exardet
2280 3186 2341 3230 et
2376 3170 2531 3230 intu-

467 3270 705 3343 niescit,
731 3282 1074 3347 vastumque
1109 3268 1277 3327 brevi
1315 3267 1631 3327 verborum
1678 3269 1889 3327 flumen
1922 3268 2193 3347 explicat.
2232 3268 2529 3348 Principio

468 3364 910 3425 fundamentum
951 3383 1069 3440 quo
1111 3365 1362 3437 nitatur,
1399 3364 1460 3422 in
1495 3364 1700 3423 animis
1725 3364 2018 3442 judicum,
2058 3356 2530 3443 quodammodo,

467 3461 712 3540 quaerit3
740 3460 1016 3540 quodque
1048 3461 1154 3521 nbi
1194 3462 1422 3521 firmum
1454 3461 1655 3533 sentit,
1704 3462 1765 3519 in
1796 3462 1911 3521 hoc
1938 3474 2093 3521 totus
2116 3461 2428 3535 incumbit,
2474 3474 2534 3521 et

465 3556 806 3619 exsultantis
833 3558 1010 3617 animi
1049 3572 1188 3619 aestu
1219 3560 1432 3632 elatus,
1465 3558 1754 3637 exsurgit,
1796 3560 1857 3617 in
1900 3560 2241 3618 immensum
2282 3559 2491 3618 crescit
2510 3601 2530 3632 ,

465 3665 638 3732 atque
675 3652 832 3711 omni
878 3664 1042 3713 tonat
1087 3652 1433 3731 eloquentiae
1475 3654 1719 3733 impetu.
1768 3654 2071 3714 Paullatim
2100 3674 2246 3715 vero
2271 3654 2489 3714 residet
2518 3675 2536 3724 ;

465 3764 526 3811 et
559 3770 739 3829 quum
785 3762 1040 3809 extrema
1069 3750 1190 3829 jam
1238 3748 1418 3810 verba
1460 3762 1547 3809 est
1598 3752 1879 3822 facturus,
1910 3766 2127 3829 quanta
2158 3765 2314 3826 arte,
2354 3770 2531 3830 quam

463 3842 616 3912 miro
663 3843 940 3917 artificio,
987 3842 1420 3921 quodammodo
1475 3844 1758 3918 mitescit,
1802 3844 1876 3904 ad
1922 3864 2243 3924 precesque
2286 3863 2529 3903 conver·

467 3943 644 4003 titur!
671 3940 830 4003 Nihil
853 3939 1082 3999 mollius
1107 3954 1220 4014 est,
1259 3941 1405 4001 nihil
1437 3942 1514 4003 ad
1541 3943 1885 4003 movendam
1907 3986 1925 4014 ,
1962 3958 2083 4002 non
2134 3941 2267 4001 dico
2297 3942 2529 4001 miseri-

467 4038 760 4109 cordiam,
799 4036 901 4096 sed
947 4037 1220 4115 pietatem
1268 4039 1494 4117 aptius,
1552 4062 1727 4120 quam
1784 4042 1990 4101 ultima
2039 4058 2173 4120 pars
2224 4038 2527 4097 orationis.

405 4200 410 4203 ,
480 4134 577 4195 Ibi
611 4134 764 4195 vires
793 4153 993 4198 omnes
1019 4134 1266 4213 collegit,
1289 4155 1478 4215 eoque
1497 4138 1730 4212 certius,
1747 4137 1907 4216 quod
1930 4137 2151 4196 animos
2171 4134 2531 4203 audientium
