2996 4694
1075 372 1357 444 ARGU
1379 374 1850 444 MENTUM.
2375 367 2511 456 431

477 505 614 552 tam.
639 498 794 572 Ergo
827 494 896 552 iis
919 491 1080 552 credi
1104 513 1221 553 non
1241 508 1544 572 oportere,
1570 494 1619 552 si
1646 493 1841 553 dicant
1862 504 2083 572 partem
2114 491 2239 570 ejus
2266 491 2523 567 pecunia·

476 590 548 648 ad
571 589 870 650 Rabirium
890 589 1255 669 pervenisse,
1279 611 1406 670 cap.
1432 611 1501 650 η
1519 635 1537 663 ,
1570 593 1659 650 13.

555 688 819 766 Denique
861 685 1184 746 ostenditur
1217 689 1344 748 lites
1376 709 1494 767 quo
1533 709 1601 748 ea
1638 689 1883 767 pecunia
1909 687 2238 766 pervenerit
2264 705 2383 745 non
2406 687 2527 746 suis

477 785 728 863 propriis
751 784 1018 862 judiciis»,
1053 783 1154 842 sed
1187 785 1248 842 in
1291 805 1453 843 reum
1500 784 1665 844 factis
1705 782 2079 845 condemnari
2116 784 2323 846 solere.
2357 787 2529 843 Nunc

479 893 671 940 autem
698 881 954 940 accusari
988 899 1149 953 eum,
1186 881 1288 959 qui
1317 882 1625 961 pecuniam
1652 901 1773 940 non
1800 880 2101 942 abstulerit
2126 899 2162 938 a
2182 899 2349 960 rege,
2378 881 2530 940 sicut

477 975 762 1037 Gabinius
785 989 1086 1036 accusatus
1107 977 1212 1050 sit,
1239 978 1358 1038 κά·
1373 980 1681 1038 maximam
1706 979 2013 1058 pecuniam
2040 978 2163 1056 regi
2190 976 2523 1037 crediderit.

474 1077 704 1134 Vanum
731 1074 906 1134 etiam
937 1073 1082 1133 illud
1111 1093 1260 1148 esse,
1292 1075 1451 1153 quod
1486 1075 1753 1135 nonnulli
1781 1075 2010 1147 dicant,
2038 1073 2343 1134 Rabirium
2366 1073 2523 1134 illam

475 1171 776 1248 pecuniam
809 1169 1063 1242 babere,
1107 1171 1207 1232 sed
1236 1173 1439 1232 celare.
1485 1177 1696 1251 Neque
1734 1173 1924 1245 enim,
1962 1171 2121 1250 quod
2162 1171 2317 1231 dicat
2358 1190 2527 1230 accu-

477 1278 653 1340 sator,
675 1286 881 1327 verum
911 1286 1052 1340 esse,
1079 1267 1384 1328 Rabirium
1398 1268 1768 1328 Alexandriae
1784 1268 2146 1327 dominatum
2170 1288 2323 1340 esse,
2346 1269 2523 1328 immo

475 1381 618 1421 vero
654 1382 784 1422 eum
813 1363 871 1422 in
900 1363 1314 1444 superbissimo
1345 1365 1649 1425 dominatu
1692 1365 1897 1438 fuisse,
1945 1364 2253 1424 familiares
2289 1385 2425 1424 suos
2458 1365 2521 1426 in

476 1457 719 1516 vinculis
737 1459 978 1534 vidissc3
1005 1460 1078 1520 ad
1102 1474 1422 1521 extremum
1445 1460 1669 1521 nudum
1688 1475 1746 1520 et
1763 1473 2026 1542 egentem
2042 1482 2075 1520 e
2092 1479 2273 1540 regno
2294 1461 2521 1540 fugisse.

474 1557 773 1613 Postremo
795 1556 956 1633 quod
987 1569 1370 1634 permutatam
1404 1577 1528 1616 esse
1566 1557 1799 1616 aliunde
1836 1558 2147 1636 pecuniam
2179 1557 2427 1632 dicatur,
2458 1559 2521 1617 id

473 1651 635 1710 nullo
657 1670 894 1736 prorsus
923 1667 1290 1731 argumento,
1317 1653 1430 1712 nisi
1454 1654 1766 1713 vanissimo
1793 1674 2029 1714 rumore
2055 1654 2194 1726 niti,
2236 1675 2365 1732 cap.
2390 1663 2483 1724 14.

553 1751 850 1806 Postremo
879 1746 1153 1822 docetur,
1188 1749 1491 1810 Rabirium
1540 1771 1653 1810 una
1692 1754 1934 1811 Cauris
1972 1751 2317 1811 liberalitate
2354 1752 2523 1812 susti-

475 1843 603 1929 neri
615 1886 634 1916 ,
662 1863 791 1921 quae
811 1843 921 1902 nisi
937 1843 1135 1903 fuisset
1146 1888 1165 1919 ‚
1189 1847 1244 1904 ei
1258 1845 1380 1923 jam
1399 1847 1639 1924 quidem
1658 1867 1839 1926 quum
1864 1849 1941 1908 ad
1960 1868 2241 1908 summam
2264 1851 2521 1929 inopiam

475 1939 739 1998 redactus
767 1951 943 2011 esset,
975 1939 1105 1998 foro
1138 1941 1461 2001 cedendum
1492 1944 1698 2017 fuisse,
1718 1963 1846 2023 cap.
1868 1945 1968 2017 15,
1996 1945 2085 2003 16.

553 2039 620 2093 In
643 2035 1009 2094 conclusione
1033 2037 1237 2096 Cicero
1264 2036 1571 2097 Rabirium
1600 2038 1865 2116 judicum
1904 2039 2314 2099 misericordia
2356 2059 2517 2100 com-

475 2129 739 2206 mendat,
772 2132 1009 2210 ejusque
1033 2133 1095 2192 in
1118 2153 1180 2193 se
1201 2135 1458 2194 exsulem
1486 2133 1769 2194 beneficia
1798 2149 2243 2209 commemorat,
2270 2157 2399 2215 cap.
2426 2157 2519 2210 17.
