2996 4694
454 402 498 472 8

1118 399 1902 472 ARGUMENTUM.

529 523 776 601 fragium
799 522 1175 596 confitentum
1215 541 1400 602 quum
1425 535 1623 584 autem
1660 519 1735 582 de
1760 541 1823 580 se
1852 540 1929 592 ex
1952 523 2134 596 scto,
2160 523 2405 587 comitiis
2430 541 2571 586 cen-

527 620 754 678 turiatis
775 618 953 677 latum
981 617 1090 692 sit,
1118 620 1408 680 neminem
1429 638 1585 690 esse,
1612 618 1858 698 quinon
1886 618 2229 698 profiteatur
2252 639 2315 681 se
2338 623 2571 687 affuisse

529 730 590 776 et
627 716 964 794 suffragium
996 714 1072 776 de
1109 716 1294 776 salute
1331 735 1438 780 sua
1467 715 1685 776 tulisse.
1716 718 1847 776 Hoc
1888 716 2021 776 loco
2057 717 2119 776 in
2152 718 2405 780 Gellium
2440 721 2573 780 Clo-

525 813 761 884 dianum
783 811 1147 878 acerbissime
1171 813 1484 892 invehitur,¹
1504 833 1637 894 cap.
1656 812 1691 870 5
1704 833 1750 870 t.
1770 814 1845 872 In
1864 813 2117 876 comitiis
2136 817 2571 894 magistratuum

523 913 806 994 populum
837 933 1027 994 nuper
1061 912 1200 972 satis
1239 913 1595 988 ostendisse,
1637 930 1697 974 se
1727 911 2093 986 hominibus,
2118 914 2223 993 qui
2246 935 2308 976 se
2334 918 2573 995 popula—

523 1031 614 1080 res
645 1010 848 1083 haberi
872 1011 1054 1072 velint
1067 1051 1084 1080 ,
1111 1027 1234 1078 uon
1261 1011 1474 1073 favere.
1505 1009 1702 1073 Fuisse
1745 1009 2057 1088 collegium
2096 1031 2287 1090 nuper
2328 1011 2572 1072 tribuni·

523 1109 674 1182 tium
711 1109 947 1188 (nempe
985 1127 1121 1168 ann.
1148 1106 1294 1180 Urh.
1316 1105 1463 1188 694)
1497 1107 1562 1166 in
1593 1125 1717 1186 quo
1748 1117 1864 1169 tres
1891 1107 2161 1181 minime,
2202 1109 2573 1170 vehementer

519 1205 640 1278 duo
695 1205 1010 1284 populares
1061 1201 1430 1274 haberentur.
1500 1207 1589 1264 Ex
1633 1203 1748 1265 illis
1802 1201 1924 1262 duo
1972 1207 2083 1278 Cu.
2134 1204 2462 1267 Domitium
2514 1221 2576 1266 et

513 1307 594 1375 Q.
623 1299 978 1374 Ancharium
1003 1313 1283 1380 prator-es
1309 1319 1433 1362 esse
1459 1299 1679 1374 factos3
1712 1298 1787 1360 de
1814 1303 1879 1362 C.
1909 1303 2129 1366 Fannio
2157 1322 2421 1382 magnam
2447 1323 2572 1362 esse

513 1397 724 1477 populi,
744 1397 1260 1470 existimationem3
1299 1409 1368 1456 ut
1393 1396 1557 1476 quod
1578 1396 1702 1480 ejus
1714 1396 2003 1476 judicium
2034 1400 2101 1458 in
2132 1399 2289 1460 illius
2318 1399 2571 1463 bonori-

516 1489 628 1550 bus
655 1491 914 1550 futurum
941 1491 1018 1552 sit
1054 1491 1268 1552 nemini
1297 1488 1543 1559 dubium
1581 1511 1705 1552 esse
1740 1493 1945 1572 possit.
1977 1496 2174 1570 Atque
2194 1513 2329 1554 eum
2359 1505 2571 1573 praetu-

515 1605 640 1662 ram
665 1605 800 1658 ann.
821 1585 969 1660 Urb.
995 1585 1113 1664 698
1143 1586 1382 1667 gessisse
1419 1587 1655 1668 Pighius
1685 1585 1761 1646 ad
1796 1587 1860 1651 h.
1882 1607 1935 1646 a.
1962 1587 2191 1660 idoneis
2216 1590 2571 1670 argumentis

517 1681 938 1762 comprobavit.
973 1687 1065 1746 Ex
1093 1681 1328 1744 duobus
1367 1697 1562 1744 autem
1602 1685 1717 1744 illis
1752 1682 2141 1763 popularibus
2168 1685 2447 1760 alterum,
2470 1687 2573 1764 qui
2626 1755 2631 1764 ,

515 1793 710 1852 tamen
735 1799 799 1840 se
823 1780 1204 1856 continuerit,
1255 1780 1456 1840 tulerit
1490 1779 1639 1840 nihil
1662 1824 1679 1853 ,
1718 1781 1966 1840 senserit
1999 1792 2224 1854 tantum
2250 1782 2313 1840 in
2340 1781 2571 1862 republ.

513 1877 672 1936 aliud
704 1889 879 1956 atque
906 1877 1172 1938 homines
1203 1889 1641 1957 aspectarent,
1668 1895 1789 1936 non
1816 1875 2067 1936 tenuisse
2094 1897 2229 1950 eum
2249 1877 2443 1938 locum
2460 1921 2479 1948 ‚
2509 1879 2571 1936 in

513 1993 720 2050 quem,
747 1973 860 2034 nisi
889 1973 1188 2054 popularis
1227 1993 1350 2046 esse
1382 1973 1693 2046 voluisset,
1720 1972 2003 2032 facillime·
2017 1974 2395 2053 pervenisset.
2426 1975 2573 2052 Quis
2592 1957 2606 1964 ⁹

513 2069 614 2133 hic
640 2071 848 2142 fuerit,
875 2090 1060 2150 quum
1083 2090 1218 2132 eum
1239 2071 1446 2134 Cicero
1467 2089 1591 2132 non
1618 2071 1908 2142 nominet,
1930 2071 2235 2149 quaesitum
2262 2083 2367 2132 est.
2386 2069 2573 2134 Abra·
2654 2055 2662 2066 ’

513 2167 668 2228 mius
705 2167 952 2247 putabat
983 2187 1110 2236 esse
1136 2172 1202 2230 C.
1226 2168 1479 2244 Alfium,
1528 2169 1633 2247 qui
1670 2168 1733 2231 in
1766 2181 2032 2248 praeturae
2064 2170 2343 2250 petitione
2374 2169 2575 2250 repul-

509 2284 633 2340 sam
667 2265 892 2326 tulerat.
906 2269 1128 2326 Verum
1149 2267 1258 2326 iste
1290 2285 1410 2336 non
1436 2267 1628 2326 fuerat
1648 2267 1709 2326 in
1738 2267 1984 2346 collegio
2016 2265 2341 2328 tribunitio.
2365 2269 2571 2344 Itaque

509 2364 794 2425 assentior
829 2364 1037 2444 Pighio
1050 2408 1076 2439 ,‚
1115 2366 1219 2443 qui
1257 2362 1354 2445 (ad
1387 2386 1519 2425 ann.
1553 2362 1695 2444 696)
1735 2384 1869 2425 eum
1900 2364 2076 2428 fuisse
2105 2378 2272 2444 putat
2296 2368 2371 2435 Q.
2392 2364 2567 2423 caeci-

509 2462 654 2521 lium
692 2462 994 2523 Metellum
1038 2461 1204 2523 Pium
1243 2461 1593 2542 Scipionem.
1640 2462 1904 2521 Alterum
1947 2475 2143 2522 autem
2185 2461 2331 2519 dicit
2364 2460 2429 2517 in
2467 2480 2573 2538 pe·
2640 2448 2647 2457 ’

511 2559 686 2621 tenda
711 2560 986 2619 aedilitate
1013 2560 1304 2636 repulsam
1330 2560 1547 2621 tulisse.
1576 2562 1633 2619 Is
1658 2572 1748 2617 est
1770 2563 1835 2620 P.
1854 2558 2125 2620 vatinius
2141 2602 2161 2629 ,
2186 2577 2321 2637 cap.
2343 2554 2419 2617 52
2435 2600 2453 2631 ‚
2475 2556 2571 2616 53.

511 2654 787 2731 Sequitur
811 2654 888 2722 de
913 2653 1326 2733 significatione
1348 2654 1557 2731 judicii
1584 2664 1645 2711 et
1670 2654 1987 2713 voluntatis
2013 2652 2219 2733 populi
2251 2654 2477 2713 romani
2508 2656 2569 2712 in

516 2750 706 2823 ludis,
744 2764 867 2811 tum
905 2750 1178 2829 scenicis,
1237 2762 1366 2823 tum,
1401 2750 1781 2830 gladiatoriis.
1836 2750 1957 2811 Ubi
2000 2764 2199 2812 narrat
2243 2750 2319 2811 de
2361 2752 2571 2811 Clodio

513 2847 606 2906 vel
631 2866 765 2921 „uon
801 2845 1054 2911 audente
1085 2866 1147 2909 se
1182 2847 1245 2908 in
1272 2846 1426 2907 ludis
1451 2847 1679 2926 populo
1708 2848 2098 2919 committere,
2128 2848 2219 2907 vel
2244 2846 2487 2907 vocibus
2512 2862 2571 2908 et

515 2943 834 3021 maledictis
861 2957 1142 3023 excepto;
1184 2944 1260 3007 de
1297 2943 1472 3024 signis
1517 2944 1921 3005 benivolentia
1967 2944 2081 3017 sibi
2124 2943 2347 3004 absenti
2390 2944 2569 3017 datis,

511 3041 587 3104 de
645 3040 976 3104 fabularum
1022 3042 1384 3119 tragicarum‘
1418 3043 1591 3115 locis,
1638 3042 1745 3124 qui
1783 3041 2120 3112 viderentur
2164 3042 2225 3101 in
2271 3042 2569 3102 Ciceronis

517 3152 744 3217 tempus
763 3138 1004 3212 cadere,
1031 3153 1092 3209 et
1123 3139 1199 3203 de
1237 3138 1621 3208 histrionibus
1646 3140 1773 3199 illas
1800 3138 2315 3217 pronuntiantibus
2342 3158 2568 3197 summo

513 3238 720 3315 populi
739 3241 948 3317 plausu
967 3238 1210 3311 ornatis3
1229 3236 1483 3329 denique
1507 3238 1581 3305 de
1598 3238 1803 3302 Attilio
1818 3242 2067 3309 Serrano
2094 3237 2275 3297 sibilis
2302 3249 2565 3316 excepto.

511 3336 604 3405 Ex
635 3353 757 3412 quo
781 3334 1038 3413 ,intelligi
1069 3334 1434 3397 demonstrat
1467 3336 1625 3397 inter
1664 3335 1947 3415 populum
1984 3353 2289 3396 romanum
2326 3347 2389 3395 et
2420 3352 2567 3393 con-

513 3430 741 3499 cionem
770 3428 1116 3503 conductam
1144 3431 1460 3510 plurimum
1491 3416 1794 3502 iuteresse,
1822 3451 1949 3509 cap.
1976 3430 2177 3507 54-59.

591 3532 723 3590 Iam
754 3525 916 3605 quod
957 3541 1257 3599 accusator
1292 3540 1604 3606 negaverat
1638 3527 1895 3590 reditum
1938 3525 2205 3597 Ciceroni
2249 3524 2565 3605 optandum

516 3622 692 3688 fuisse
721 3640 831 3699 per
869 3621 1114 3687 familias
1147 3636 1509 3702 comparatas
1538 3622 1622 3703 (h.
1654 3643 1710 3683 e.
1735 3621 1959 3701 servos)
1980 3634 2045 3683 et
2074 3620 2337 3693 homines
2376 3641 2563 3681 anna—

515 3732 606 3778 tos
621 3762 642 3793 ‚
681 3717 1040 3779 demonstrat
1060 3731 1259 3778 orator
1283 3720 1503 3779 nullam
1524 3738 1589 3779 se
1609 3719 1725 3779 vim
1748 3718 2133 3793 desiderasse3
2156 3719 2417 3777 omnium
2448 3736 2564 3795 po-

513 3817 629 3878 tius
673 3811 948 3887 ordinum
995 3815 1060 3874 iu
1107 3836 1168 3875 se
1225 3815 1553 3875 revocando
1600 3816 1909 3878 mirificum
1964 3816 2134 3877 fuisse
2188 3832 2561 3886 consensum,

511 3913 880 3991 reditumque
919 3912 1114 3991 ipsum
1157 3926 1273 3973 tam
1322 3914 1635 3991 gloriosum
1659 3956 1677 3985 ,
1713 3926 1783 3973 ut
1822 3912 1939 3973 sibi
1978 3914 2299 3975 verendum
2335 3910 2443 3983 sit,
2486 3930 2561 3968 ne

511 4010 644 4085 quis
676 4031 738 4067 se
773 4007 967 4069 studio
1007 4009 1207 4088 gloriae
1248 4024 1418 4088 putet
1453 4010 1671 4083 idcirco
1703 4011 1913 4082 exisse,
1945 4026 2011 4073 ut
2035 4012 2121 4071 ita
2142 4007 2395 4077 rediret,
2428 4026 2555 4085 cap.

513 4106 724 4163 60-63.
773 4112 844 4163 Et
893 4107 1180 4183 quoniam.
1222 4106 1619 4169 Albinovanus
1664 4110 2001 4187 quaesiverat
2020 4152 2037 4180 ‚
2086 4126 2217 4183 quae
2260 4118 2408 4163 esset
2458 4104 2557 4161 illa
