2996 4694
507 383 647 471 234
1151 386 1249 453 M.
1302 381 1379 453 T.
1431 384 1981 455 CICERONIS

599 511 921 579 XXVIII.
977 510 1241 597 Quaero
1281 507 1474 578 enim
1502 560 1523 593 ,
1580 531 1710 578 cur
1756 508 2109 578 Licinium
2152 504 2626 594 titubantem,

505 618 949 688 haesitantem
975 670 996 703 ,
1049 616 1466 705 cedentem,
1508 614 1757 715 fugere
1810 630 2232 705 conantem,
2291 616 2624 687 muliera-

497 728 603 799 ria
627 738 648 771 ¹
697 750 956 797 manus
985 726 1139 824 ‘ista
1179 724 1271 797 de
1309 725 1647 797 manibus
1678 726 2029 813 emiserit3
2070 748 2199 797 cur
2242 748 2393 794 non
2434 747 2627 795 com-

497 836 1020 935 prehenderint
1040 862 1060 923 ;
1079 880 1086 887 -
1104 859 1234 907 cur
1259 858 1413 905 non
1443 836 1670 933 ipsius
1696 832 2149 906 consessione
2170 888 2189 921 ,
2224 832 2624 903 multorum

495 947 722 1021 oculis
741 998 761 1033 ‚
805 943 1146 1017 facinoris
1191 942 1511 1042 denique
1543 968 1723 1017 voce
1742 998 1761 1033 ,
1808 944 1987 1016 tanti
2036 942 2319 1016 sceleris
2352 947 2623 1015 crimen

493 1054 1030 1154 expresserint?
1083 1078 1172 1124 an
1227 1054 1621 1141 timebant,
1683 1078 1777 1125 ne
1836 1068 1949 1125 tot
1994 1076 2221 1125 unum
2244 1108 2265 1141 ,
2308 1053 2627 1123 valentes

490 1165 934 1238 imbecillum
961 1218 982 1251 ‚
1037 1162 1296 1242 alacres
1350 1165 1813 1263 perterritum
1868 1184 2205 1263 superare
2260 1188 2414 1235 non
2455 1186 2623 1261 pos·

488 1276 700 1347 sent?

585 1384 882 1457 Nullum
911 1399 1417 1482 argumentum
1445 1385 1521 1455 in
1555 1408 1633 1455 re
1654 1438 1674 1473 ,
1702 1382 1903 1455 nulla
1930 1385 2241 1483 suspicio
2266 1384 2347 1453 in
2372 1404 2585 1453 causa
2604 1436 2625 1469 ,

393 1500 416 1525 ²
489 1493 736 1566 nullus
789 1496 1023 1566 exitus
1078 1495 1397 1566 criminis
1452 1498 1836 1593 reperitur.
1889 1500 2145 1592 Itaque
2192 1492 2345 1564 haec
2381 1516 2626 1579 causa,

491 1604 586 1676 ab
639 1606 1082 1701 argumentis
1107 1658 1125 1691 ,
1167 1629 1208 1675 a
1257 1607 1711 1701 conjectura,
1768 1602 1861 1675 ab
1916 1605 2003 1675 iis
2056 1604 2313 1701 signiS,
2356 1600 2627 1699 quibus

489 1718 752 1785 veritas
814 1714 1156 1785 illustrari
1215 1714 1396 1786 solet
1415 1768 1434 1803 ,
1502 1713 1590 1784 ad
1654 1726 1870 1785 testes
1928 1726 2078 1785 tota
2128 1710 2453 1783 traducta
2492 1724 2621 1781 est.

489 1827 692 1915 Quos
749 1822 1043 1923 quidem
1108 1848 1244 1923 ego
1298 1838 1556 1911 testes»,
1610 1822 1926 1917 judices,
1981 1847 2134 1894 non
2192 1820 2415 1894 modo
2468 1822 2625 1892 sine

493 1934 645 2007 ullo
701 1940 965 2007 timore
987 1989 1006 2024 ,
1061 1935 1185 2007 sed
1239 1935 1455 2005 etiam
1514 1956 1683 2003 cum
1744 1932 1983 2031 aliqua
2033 1956 2161 2031 spe
2208 1932 2623 2005 delectatio-

489 2046 600 2115 nis
653 2059 1012 2143 exspecto.
1067 2044 1432 2141 Praegestit
1486 2043 1769 2112 animus
1806 2043 1950 2135 jam
1992 2043 2269 2131 videre,
2308 2046 2621 2140 primum

487 2153 722 2230 lautos
744 2156 1122 2250 juvenes2,
1151 2153 1468 2229 mulieris
1491 2148 1769 2223 heatae³
1798 2177 1880 2223 ac
1904 2151 2171 2269 nobilis
2202 2149 2621 2239 familiares;

489 2264 756 2337 deinde
792 2264 1016 2336 sortes
1051 2266 1276 2352 virOS,
1331 2260 1422 2338 ab
1468 2261 1945 2358 imperatrice
1964 2262 2041 2331 in
2033 2224 2367 2332 ’insidiis
2404 2274 2623 2358 atque

487 2381 565 2446 in
607 2376 938 2476 praesidio
981 2342 1404 2447 balnearum
1442 2370 1760 2442 locatos:
1799 2395 1888 2443 ex
1923 2371 2192 2470 quibus
2218 2371 2575 2469 requiram
2602 2425 2621 2458 ,

405 2497 410 2503 ’
485 2511 807 2583 quonam
851 2485 1074 2557 modo
1117 2483 1497 2568 latuerint,
1531 2495 1657 2553 aut
1685 2481 1857 2571 ubi;
1897 2483 2235 2556 alveusne
2258 2481 2291 2546 4
2324 2480 2484 2570 ille,
2524 2505 2617 2554 an

487 2695 630 2743 etiam
661 2693 715 2741 in
741 2693 954 2742 the-tris.
989 2694 1158 2742 Aulon
1183 2708 1338 2756 quum
1363 2705 1508 2740 ecem

486 2783 613 2821 esset
648 2782 814 2836 aperte
846 2770 986 2820 humi
1017 2771 1274 2833 jacebant,
1312 2781 1361 2818 et
1397 2780 1509 2817 actu

1596 2705 1712 2754 ergo
1729 2702 1779 2740 et
1800 2693 1985 2756 probos
2002 2709 2105 2749 esee
2119 2728 2135 2755 ‚
2162 2709 2273 2762 quse
2290 2691 2433 2740 simul
2452 2707 2619 2742 necen-

1596 2773 1723 2818 nrio
1743 2771 1892 2821 ferme
1915 2771 2023 2822 fleri
2040 2773 2199 2821 nolent
2214 2806 2231 2834 ,
2250 2772 2384 2821 volet
2403 2771 2619 2836 quidem.

485 2850 628 2899 {inito
652 2849 962 2899 tollebantur.
989 2849 1181 2900 Phedr.
1207 2847 1306 2898 fab.
1337 2865 1392 2911 7,
1419 2847 1508 2898 lib.

486 2931 552 2988 V,
567 2929 629 2976 de
641 2929 863 2994 principe
875 2927 1075 2977 tibicine
1091 2943 1106 2978 :
1121 2927 1329 2978 «Aulaeo
1343 2929 1509 2986 mineo,

489 3008 734 3058 devolutis
762 3007 1029 3057 tonitribus
1059 3007 1143 3056 Dii
1173 3018 1286 3057 sunt
1315 3006 1510 3074 loquuti

485 3105 622 3137 more
639 3086 928 3137 translatitio
944 3109 989 3134 n.

553 3170 796 3216 xxvln.
847 3183 892 3214 ι.
933 3163 1248 3216 Mulier-mia.
1297 3165 1358 3214 Id
1400 3157 1472 3214 eet
1489 3201 1508 3229 ,

483 3249 675 3296 feminis
696 3246 878 3296 dedita.

555 3343 606 3377 a.
633 3329 820 3374 Laueos
837 3326 1054 3392 juvenes.
1079 3325 1144 3374 Et
1168 3323 1329 3374 lautos
1353 3334 1400 3372 et
1423 3325 1510 3385 iu-

484 3423 630 3454 vene·
655 3404 870 3470 appellat
903 3414 960 3452 ut
983 3419 1158 3468 perum
1186 3402 1378 3467 pudicae
1403 3418 1507 3449 mu-

485 3485 618 3532 lieris
663 3483 904 3532 describat
946 3483 1250 3530 comitatum.
1299 3481 1511 3544 Pingues

486 3579 600 3612 sane
627 3572 676 3610 et
704 3561 852 3610 nitidi
875 3571 1011 3609 erant
1031 3560 1157 3608 bene
1185 3571 1350 3609 curan
1369 3571 1507 3618 cute,

485 3641 675 3707 quippe
715 3641 802 3704 qui
841 3638 1022 3687 mensis
1063 3637 1253 3687 Clodiae
1291 3639 1507 3687 mulieris

483 3719 728 3786 opulentae
748 3719 889 3780 juxta
913 3728 961 3766 et
987 3716 1250 3766 luxuriosae
1277 3719 1507 3767 comissa·
1528 3766 1535 3784 ‚

485 3799 704 3847 tionibus
721 3807 770 3846 et
787 3795 1029 3846 conviviis
1045 3798 1240 3845 assueti.

557 3881 607 3928 3.
653 3876 876 3926 Mtale’erae‘s
919 3877 1092 3924 beata.
1129 3877 1318 3925 Notum
1362 3889 1438 3925 eet
1480 3871 1509 3924 a

483 3958 668 4008 Gracia
699 3950 883 4012 ὄλὸίὸυς
910 3967 960 4004 et
987 3949 1274 4024 εὐδαίμονας
1301 3956 1479 4006 divites
1494 3991 1509 4012 ‚

486 4057 517 4087 a
543 4037 725 4086 Latinis
749 4037 918 4085 beatos
943 4035 1184 4083 nominari
1204 4070 1219 4097 ‚
1249 4035 1336 4085 sed
1362 4051 1509 4099 quam

489 4117 612 4164 male
632 4151 646 4173 ,
693 4115 830 4165 Plato
877 4115 1216 4163 demonstrat:
1266 4137 1290 4158 α
1329 4113 1511 4162 Felices

1596 2849 1787 2898 Divitee
1803 2864 1965 2900 autem
1986 2851 2148 2911 valde,
2174 2851 2414 2914 simulque
2432 2850 2619 2915 probos

1596 2944 1699 2976 esee
1713 2964 1729 2989 ,
1754 2929 2071 2996 impossibile.
2096 2931 2224 2979 Dico
2240 2941 2403 2979 autem
2424 2929 2617 2987 divites,

1595 3019 1652 3056 ut
1686 3007 1831 3057 multi
1874 3010 2152 3059 existimant
2165 3042 2181 3066 ,
2220 3018 2485 3057 asserentes
2528 3024 2622 3058 eos

1596 3104 1701 3136 esse
1726 3087 1926 3146 divites,
1949 3088 2036 3152 qui
2062 3088 2209 3152 pauci
2230 3103 2257 3136 e
2282 3086 2448 3136 multis
2468 3103 2619 3152 pecu-

1597 3168 1701 3215 niae
1734 3167 1968 3232 plurimae
2000 3167 2285 3232 possident,
2320 3181 2440 3230 quae
2472 3166 2618 3214 etiam

1595 3258 1763 3312 posset
1778 3246 1932 3295 malus
1950 3245 2157 3310 quilibet
2174 3244 2439 3310 possidere.
2467 3245 2619 3308 Quod

1597 3327 1638 3374 ai
1656 3327 1725 3375 ita
1747 3335 1843 3385 eet,
1862 3341 2125 3389 numquam
2144 3341 2238 3389 ego
2258 3323 2334 3372 bie
2352 3323 2619 3372 concedam

1597 3403 1795 3453 divitem
1820 3419 1983 3452 revera
2002 3419 2103 3452 eece
2128 3403 2343 3462 felicem,
2360 3403 2454 3450 nisi
2472 3402 2619 3451 etiam

1596 3484 1756 3532 bonna
1786 3483 1879 3540 εἰη
1905 3481 2014 3530 fieri
2052 3497 2169 3530 vero
2204 3497 2306 3530 non
2338 3491 2532 3547 potent,
2560 3494 2619 3530 ut

1595 3562 1779 3612 divitiis
1804 3561 1979 3626 aliquis
1996 3573 2191 3627 praeetet
2204 3596 2219 3621 ‚
2236 3573 2286 3610 et
2310 3561 2553 3626 probitate
2570 3583 2617 3610 n.

1595 3641 1670 3691 De
1694 3641 1901 3704 Legibus
1918 3677 1933 3702 ,
1959 3638 2046 3688 lib.
2066 3641 2131 3704 V,
2162 3651 2211 3689 et
2237 3641 2371 3689 alibi.
2396 3641 2477 3688 Sic
2503 3641 2618 3688 Ari·

1596 3719 1794 3769 stoteles
1818 3730 1867 3767 ct
1894 3719 2013 3766 boui
2038 3719 2221 3783 quique
2245 3719 2527 3784 philosophi
2554 3719 2619 3767 de

1598 3797 1782 3847 divitiis
1800 3809 2104 3845 censuerunt.
2130 3797 2225 3847 Sed
2244 3798 2377 3862 vulgi
2404 3797 2617 3847 deliran-

1598 3879 1660 3926 tis
1681 3875 1852 3940 opinio
1870 3875 2014 3939 longe
2033 3875 2229 3924 cacalia.

1670 3963 1720 4012 4.
1745 3955 2000 4002 Aloeus-ne.
2026 3954 2223 4003 Scilicet
2240 3955 2405 4003 alveus
2423 3953 2619 4004 balnea-

1599 4049 1705 4082 rum
1722 4043 1951 4096 angustus
1970 4043 2015 4080 et
2031 4031 2283 4092 humidus,
2302 4051 2403 4098 quo
2424 4033 2622 4082 deseen-

1600 4115 1713 4164 dere
1738 4115 1859 4163 nudi
1892 4113 2113 4162 solebant
2132 4147 2147 4176 ,
2172 4129 2282 4162 eum
2320 4113 2619 4178 lepidissime
