2996 4694
663 373 677 390 '
722 404 1114 474 oRArlo
1162 407 1369 474 PRo
1420 407 1519 474 M.
1567 405 2161 478 MARCELLO.
2365 407 2506 506 573

364 544 439 600 et
484 527 981 614 obsecramus,
1023 541 1105 597 ut
1144 527 1337 610 vitaz,
1382 544 1467 598 ut
1503 527 1714 600 saluti
1767 543 1904 599 tuae
1946 531 2316 620 consulas3
2353 557 2506 603 om·

368 665 645 737 nesque
702 638 833 709 tibi
872 639 999 734 (ut
1039 662 1175 735 pro
1223 636 1379 708 aliis
1432 639 1646 710 etiam
1685 639 1966 736 loquar,
2021 642 2220 737 quod
2259 641 2350 713 de
2391 667 2508 714 me

370 753 518 846 ipse
568 748 891 844 sentio),
947 749 1295 845 quoniam
1347 745 1640 822 subesse
1683 749 1954 847 aliquid
2001 766 2254 849 putam,
2306 754 2504 851 quod

367 859 771 932 cavendum
813 861 939 945 sit,
988 882 1141 928 non
1186 857 1409 929 modo
1450 859 1792 932 excubias
1828 875 1900 931 et
1943 860 2341 949 custodias,
2377 864 2506 934 sed

368 971 583 1040 etiam
644 969 951 1041 laterum
1020 982 1439 1039 nostrorum
1507 965 1934 1068 oppositus⁸
1990 985 2064 1042 et
2117 995 2508 1070 corporum

370 1083 824 1180 pollicemur.
908 1122 915 1130 -

464 1197 585 1263 XI.
639 1192 820 1280 Sed,
858 1191 1057 1262 unde
1094 1205 1203 1262 est
1230 1201 1464 1278 orsa¹,
1497 1193 1572 1260 in
1607 1191 1865 1262 eodem
1901 1194 2330 1265 terminetur
2354 1218 2510 1265 ora-

370 1304 495 1372 tio.
520 1303 865 1373 Maximas
884 1300 1017 1372 tibi
1048 1323 1305 1374 omnes
1332 1305 1592 1398 gratias
1619 1304 1916 1417 agnum,
1939 1307 2020 1374 C.
2050 1306 2318 1391 Caesar3
2353 1329 2505 1376 ma-

361 1411 557 1505 jores
624 1412 836 1482 etiam
892 1409 1269 1482 habemus.
1332 1413 1518 1482 Nam
1573 1435 1829 1482 omnes
1882 1411 2076 1484 idem
2133 1417 2504 1486 sentiunt·
2485 1466 2504 1501 ,

368 1521 571 1618 quod
624 1547 713 1594 ex
758 1524 1083 1593 omnium
1132 1520 1471 1620 precibus
1523 1533 1596 1592 et
1648 1520 2022 1618 lacrymis²
2069 1525 2336 1594 sentire
2375 1548 2510 1622 po-

366 1635 588 1704 tuisti.
645 1633 786 1704 Sed
830 1635 999 1730 quia
1037 1657 1187 1702 non
1242 1648 1351 1704 est
1393 1629 1803 1704 stantibus³
1842 1633 2182 1704 omnibus
2217 1657 2512 1706 necesse

366 1742 607 1814 dicere
630 1797 651 1831 ,
688 1766 729 1813 a
780 1765 897 1811 me
944 1756 1139 1812 certe
1169 1741 1309 1812 dici
1348 1741 1653 1813 volunt:
1697 1746 1815 1814 cui
1850 1767 2140 1815 necesse
2175 1759 2281 1816 est
2323 1770 2510 1842 quo·

370 1850 802 1937 dammodO,
846 1865 919 1921 et
948 1848 1151 1947 quod
1182 1849 1476 1940 volunt,
1525 1865 1598 1922 et
1644 1849 1846 1949 quod
1884 1852 2124 1942 decet,
2163 1867 2238 1924 et
2273 1844 2512 1950 quo'd,

369 1965 467 2030 M.
498 1959 848 2030 Marcello
881 1984 921 2029 a
967 1973 1039 2030 te
1072 1958 1243 2029 huic
1284 1957 1562 2047 ordini,
1597 1960 2024 2058 populoque
2057 1985 2400 2053 roman0,
2441 1981 2514 2036 et

369 2067 786 2166 reipublicae
819 2066 1105 2139 reddito
1127 2124 1146 2157 ,
1192 2071 1554 2166 praecipue
1594 2068 1668 2139 id
1705 2095 1748 2140 a
1776 2093 1894 2140 me
1927 2068 2085 2141 fieri
2111 2069 2378 2143 debere
2407 2075 2513 2143 in-

371 2180 619 2276 telligo
634 2183 688 2248 4.
730 2183 915 2252 Nam
951 2177 1173 2248 laetari
1213 2203 1507 2268 omnes,
1551 2205 1704 2251 non
1739 2195 1824 2250 ut
1853 2179 1945 2252 de
1980 2185 2196 2252 unius
2239 2181 2512 2268 solum,

372 2289 495 2361 sed
541 2304 625 2361 ut
675 2288 766 2361 de
820 2291 1193 2361 communi
1244 2293 1575 2361 omnium
1625 2289 1892 2376 salute,
1950 2292 2183 2362 sentio
2236 2320 2252 2363 :
2309 2293 2511 2390 quod

371 2398 657 2473 autcm⁵
698 2425 993 2473 summae
1014 2399 1524 2473 benivolentiae
1553 2416 1696 2493 est,
1730 2428 1890 2500 quae
1923 2428 2082 2474 mea
2110 2428 2280 2501 erga
2304 2402 2510 2475 illum

444 2559 492 2605 8.
538 2558 768 2603 laterum
815 2566 1089 2603 noso-orum
1134 2555 1393 2620 oppositus.

371 2636 533 2683 Verba
562 2636 667 2683 haec
706 2634 885 2700 quibus
921 2635 1095 2685 Cicero
1130 2650 1182 2683 se
1213 2650 1394 2700 corpus

372 2717 574 2767 Caesaris
592 2716 987 2765 interfectoribus
998 2750 1013 2775 ,
1029 2714 1072 2762 si
1090 2715 1177 2780 qui
1197 2716 1364 2763 forent
1375 2749 1390 2772 ,

374 2797 719 2861 oppositurum
769 2795 979 2843 declarat
1004 2833 1019 2857 ‚
1083 2796 1151 2843 itu
1202 2794 1394 2859 accepit

374 2874 585 2925 Wolfius
619 2875 757 2937 quasi
781 2876 1036 2938 stipatores
1071 2890 1098 2921 e
1137 2885 1309 2922 senatu
1346 2883 1393 2920 et

373 2953 619 3018 equitibus
650 2952 823 3000 offerat
854 2964 1038 3001 orator.
1070 2954 1261 3000 Falsum
1283 2968 1394 3000 eum

376 3033 581 3082 omuino
638 3030 810 3079 habuit
859 3041 1045 3095 tempus
1094 3047 1197 3095 quo
1236 3031 1395 3078 oratio

376 3113 504 3161 dicta
532 3122 633 3170 est3
652 3126 829 3175 nempe
850 3126 953 3158 uon
972 3110 1127 3159 multo
1152 3122 1269 3175 post
1287 3111 1393 3158 Cae-

376 3194 492 3239 saris
515 3191 723 3239 reditum
750 3206 813 3237 ex
842 3190 1075 3237 Africano
1107 3189 1263 3248 bello,
1292 3204 1393 3251 quo

376 3286 507 3318 anno
574 3268 816 3317 nihildum
881 3268 946 3316 ad
1008 3267 1397 3317 constituendam

377 3366 530 3413 remp.
566 3358 729 3395 actutu
769 3358 873 3395 erat
888 3382 903 3407 ,
948 3357 996 3395 et
1033 3346 1196 3396 adhuc
1222 3346 1398 3395 milites

377 3430 599 3493 corporis
625 3428 853 3476 custodes
876 3426 1101 3478 habebat.

446 3510 540 3557 11.
572 3524 617 3555 1.
649 3508 790 3554 Unde
807 3518 883 3554 est
900 3522 1039 3555 orsa.
1070 3507 1153 3555 Ad
1189 3506 1397 3570 primum

375 3587 579 3647 hujusce
610 3584 845 3633 orationis
883 3585 1193 3649 propositum
1230 3584 1399 3632 redea-

380 3682 517 3725 mus,
545 3681 655 3730 quae
682 3664 743 3712 de
774 3664 938 3727 gratiis
964 3664 1057 3711 tibi
1081 3663 1283 3729 agendis
1314 3664 1399 3711 ha-

378 3745 477 3793 bita
497 3757 587 3793 est.

452 3842 499 3871 2.
545 3822 815 3891 Laerjrmt's.
851 3822 1043 3885 Quibus
1090 3834 1139 3871 te
1178 3821 1401 3869 Marcelli

378 3906 569 3952 veniam
612 3918 861 3965 rogavere.
908 3902 1117 3949 Miratur
1164 3900 1400 3966 lacrymas

379 3982 615 4039 Wolfius‚
644 3982 727 4030 sed
754 3982 883 4029 idem
918 3990 1075 4029 tamen
1105 3981 1279 4029 Cicero
1308 3996 1401 4045 pro

380 4064 513 4111 Sext.
534 4080 553 4109 1
570 4078 621 4111 1:
645 4084 667 4102 ‹-
685 4063 801 4108 Erat
822 4060 995 4108 eodem
1023 4072 1241 4124 tempore
1264 4077 1403 4108 seua-

1446 2566 1461 2585 ·
1482 2555 1738 2604 universus
1757 2555 1886 2604 ordo
1903 2556 2234 2605 cincinnatum
2261 2558 2510 2607 consulem

1482 2635 1654 2683 orabat
1671 2658 1718 2685 n.
1764 2636 1829 2683 Et
1865 2650 1960 2701 pro
1997 2634 2198 2684 Plancio
2217 2670 2232 2695 ,
2269 2652 2378 2702 cap.
2422 2640 2505 2697 31,

1482 2714 1714 2781 gravibus
1745 2714 1864 2762 viris
1897 2730 2121 2779 magnam
2147 2715 2248 2763 vim
2273 2715 2516 2783 lacrymu-

1482 2790 1592 2842 rum
1617 2810 1730 2842 enm
1756 2792 1972 2857 singultu
2000 2793 2188 2842 tribuit.

1557 2874 1610 2922 3.
1653 2874 1766 2921 Non
1804 2883 1882 2920 est
1916 2870 2171 2921 stantibus.
2196 2872 2322 2923 Edd.
2345 2874 2508 2939 princ.

1484 2952 1771 3000 astantibus.
1791 2952 2089 3015 Corruptum
2115 2950 2278 3000 locum
2309 2968 2510 3003 censent

1481 3028 1696 3079 Wolflus
1722 3041 1770 3078 et
1790 3033 1847 3080 Β.
1863 3030 2140 3092 Weiskius3
2175 3032 2317 3093 eujus
2347 3042 2508 3081 tamen

1484 3125 1678 3158 sensum
1711 3108 1850 3156 facile
1887 3109 2182 3172 assequaris:
2223 3126 2376 3174 quum
2405 3128 2510 3165 non

1484 3190 1548 3237 sit
1573 3204 1769 3236 necesse
1801 3204 1969 3235 omnes
2003 3197 2128 3236 stare
2159 3199 2208 3236 et
2243 3190 2410 3255 loqui,
2433 3208 2514 3243 me

1485 3268 1752 3332 interprete
1791 3278 1910 3315 sunt
1953 3268 2063 3329 usi;
2093 3278 2144 3315 et
2183 3268 2512 3335 mihi.parere

1486 3348 1582 3395 fuit
1607 3362 1800 3395 neeesse
1814 3382 1830 3407 ‚
1848 3346 1962 3410 quia
1981 3346 2157 3395 volunt
2170 3382 2185 3405 ,
2215 3350 2328 3410 quis
2346 3349 2511 3411 decet,

1486 3438 1538 3475 et
1563 3428 1676 3491 qnia
1702 3425 1938 3474 Marcello
1959 3428 2130 3491 patria
2155 3428 2382 3477 restituto
2412 3428 2512 3479 hoc

1486 3524 1566 3555 me
1591 3522 1768 3554 munus
1792 3504 2038 3570 praecipue
2065 3512 2264 3570 spee'tat.

1563 3594 1612 3643 4.
1633 3588 1766 3635 Vett.
1787 3584 1900 3633 edd.
1923 3584 2106 3633 habeut
2127 3584 2247 3652 fieri
2269 3585 2512 3653 1‘1180121'30.

1486 3664 1568 3713 ΔΙ.
1593 3663 1758 3713 multae
1773 3664 1917 3732 ,fieri
1931 3663 2108 3713 debere
2127 3681 2145 3713 .·
2167 3664 2298 3713 unde
2323 3668 2514 3715 Ernest.

1486 3742 1746 3809 legendum
1773 3754 1914 3808 putat
1945 3760 1972 3791 e
2001 3744 2170 3795 Lamb.
2203 3746 2358 3803 MSS,
2396 3744 2454 3793 t’d
2479 3762 2516 3793 a

1486 3839 1566 3871 me
1589 3822 1772 3871 deberi.
1787 3825 1841 3873 J.
1862 3824 1926 3870 V.
1955 3826 2008 3871 L.

1562 3902 1610 3951 5.
1627 3904 1684 3965 Q.
1701 3913 1878 3950 autem.
1890 3902 2017 3965 Quin
2037 3899 2187 3950 dubia
2199 3902 2272 3949 M.
2293 3900 2516 3949 Marcelli

1492 3983 1646 4031 salute
1685 3997 1922 4030 summam
1953 3996 2065 4045 erga
2095 3996 2206 4029 eum
2241 3978 2516 4029 benivolen-

1495 4062 1640 4120 tiam,
1664 4060 2042 4109 sollicitudiuem
2072 4071 2120 4107 et
2156 4076 2320 4107 curam
2355 4058 2517 4107 decla-

385 4152 461 4187 tns
482 4144 532 4188 in
554 4142 655 4189 aede
675 4140 967 4189 Concordia:
979 4173 1102 4189 .....
1116 4154 1267 4203 quum
1286 4139 1406 4188 flens
1498 4143 1630 4201 ravi,
1667 4156 1762 4203 qua
1806 4140 1890 4186 rix
1936 4138 2070 4185 fratri
2112 4138 2216 4200 ejus
2264 4137 2518 4197 cederem3

2759 4368 2990 4659 Δ
