2996 4694
696 705 851 806 M.
931 705 1061 804 T.
1135 687 2088 812 CICERONIS

564 907 2262 1140 ORATIONES.

1012 1271 1802 1306 Μομ-

1201 1474 1618 1546 ORATIO

731 1663 1058 1771 PRO
1124 1663 1272 1797 Q.
1344 1635 2100 1778 LIGARIO.

588 2051 937 2121 ORATIO
958 2055 964 2060 “
987 2051 1279 2120 PRIMA
1326 2051 1443 2120 ET
1490 2051 2244 2140 QUADRAGESIMA.

337 2271 395 2342 Ι.
449 2221 783 2351 Novum
848 2270 1197 2359 crimen1,
1252 2272 1333 2340 C.
1395 2272 1652 2361 Caesar,
1705 2286 1780 2343 et
1831 2287 2003 2345 ante
2046 2275 2244 2351 hunc
2286 2279 2482 2355 diem

342 2381 749 2453 inauditum
771 2435 792 2467 ,
828 2382 1291 2479 propinquus
1320 2405 1526 2452 meus
1553 2381 1647 2453 ad
1683 2398 1752 2455 te
1778 2386 1868 2475 Q.
1898 2385 2192 2460 Tubero
2213 2400 2243 2433 ²
2278 2380 2484 2465 detn-

338 2493 461 2581 lit,
502 2496 594 2584 Q.
634 2494 997 2590 Ligarium
1042 2491 1121 2561 in
1158 2488 1389 2561 Africa
1422 2489 1695 2565 fuisse-¹⁸
1739 2522 1756 2565 ε
1795 2494 2020 2593 idque
2057 2498 2188 2577 CA
2230 2505 2479 2590 Pansa,

337 2604 703 2703 praestanti
743 2605 853 2673 vir
878 2603 1206 2699 ingenie,
1249 2600 1475 2675 fretus
1512 2600 1814 2677 fortasse
1850 2631 1935 2678 ea
1974 2605 2480 2703 familiaritate,

336 2740 501 2812 quae
536 2728 648 2785 est
682 2714 751 2784 ei
800 2725 1081 2799 tecum,
1122 2736 1341 2783 ausus
1388 2710 1548 2785 est.⁵
1598 2714 1951 2790 confiteri.
1995 2722 2285 2818 Itaque,
2329 2748 2482 2821 quo

341 2848 457 2895 me
493 2837 765 2895 vertam
788 2874 807 2911 ‚
848 2823 1113 2893 nescio.
1150 2826 1446 2894 Paratus
1482 2826 1682 2895 enim
1720 2851 2060 2899 veneram
2083 2882 2103 2919 ,
2140 2856 2372 2928 quum
2402 2847 2485 2905 tu

409 3018 451 3065 1.
512 3030 558 3065 ι.
608 3013 799 3063 Novum
842 3012 1042 3062 crimen.
1092 3010 1363 3059 Exordium

336 3095 461 3145 illud
482 3095 643 3144 ironia
668 3092 924 3143 conditum
946 3102 1049 3151 est,
1078 3102 1135 3139 ut
1152 3088 1365 3138 infirma·

340 3188 473 3225 retur
508 3173 783 3222 Tuberonis
826 3170 1072 3222 accusatio
1088 3204 1103 3228 ,
1140 3171 1227 3233 qui
1264 3168 1363 3217 hoc

340 3270 495 3303 unum
509 3253 769 3311 afferebat,
794 3250 1039 3314 Ligarium
1058 3247 1246 3297 scilicet
1266 3246 1366 3296 bel·

340 3334 441 3382 lum
463 3334 517 3379 in
536 3330 703 3379 Africa
721 3330 939 3394 gessisse.
964 3328 1104 3377 Vidit
1127 3327 1227 3376 hoc
1248 3329 1365 3375 arti-

340 3411 507 3461 ficium
528 3410 883 3474 Quintilianus,
906 3408 995 3457 lib.
1013 3410 1116 3465 lx,
1138 3422 1192 3456 a.
1216 3406 1368 3455 Multi

342 3504 504 3541 tamen
543 3507 646 3539 non
685 3492 755 3539 sic
793 3490 1210 3555 interpretantur3
1249 3488 1367 3535 Tra-

340 3574 697 3637 pezuntiusque
714 3587 800 3619 eos
823 3570 1021 3630 irridet,
1046 3568 1135 3633 qni
1159 3567 1367 3615 ironiam

340 3652 413 3699 ibi
453 3649 878 3716 deprehenderunt
892 3683 909 3708 ‚
948 3659 999 3697 et
1026 3650 1133 3713 ipse
1166 3646 1367 3711 quida-

340 3726 619 3795 gravissime
640 3740 783 3777 errat.

414 3824 464 3857 α.
506 3812 571 3873 Q.
615 3808 820 3857 Tubero.
852 3806 971 3855 Non
1008 3806 1155 3873 plane
1182 3806 1371 3871 liquet,

342 3904 455 3953 qun
478 3888 624 3937 fuerit
659 3888 945 3937 Ciceronem
980 3888 1108 3935 inter
1136 3897 1187 3934 et
1207 3885 1371 3935 Tube-

341 3984 516 4015 ronem
564 3966 807 4031 affinitas3
864 3966 1147 4014 scholiastes
1200 3976 1366 4025 vetus,

342 4064 455 4095 eum
481 4046 733 4097 Ciceronis
754 4062 974 4096 sororem
996 4048 1255 4110 conjugem
1278 4044 1369 4093 ha-

342 4126 505 4176 buisse
520 4126 801 4179 arbitratur.
822 4124 1036 4175 Proinde
1057 4136 1226 4177 orator
1244 4136 1370 4187 erat;

1450 3012 1539 3060 sed
1557 3024 1710 3077 quum
1725 3014 1818 3065 hac
1841 3032 1981 3066 causa
2003 3018 2173 3067 fuisset
2193 3037 2220 3068 a
2245 3022 2484 3073 Cicerone

1450 3094 1656 3141 omnino
1679 3094 1860 3155 victus,
1883 3096 1952 3144 ita
1973 3096 2268 3161 eloquentia!
2290 3100 2482 3149 laudem

1452 3185 1505 3217 se
1541 3170 1831 3235 adepturum
1870 3174 2175 3239 desperavit,
2213 3188 2274 3225 nt
2309 3178 2376 3227 ad
2400 3180 2484 3242 ius

1451 3248 1596 3298 civile
1621 3262 1781 3300 totum
1807 3268 1858 3299 se
1883 3254 2164 3305 contulerit.

1534 3334 1584 3382 3.
1611 3331 1796 3381 ruisse.
1821 3332 1939 3382 Non
1962 3334 2243 3384 inconsulto
2263 3334 2364 3385 hoc
2380 3353 2491 3388 ver*

1452 3413 1522 3462 bo
1551 3410 1740 3470 utitur3
1775 3410 1848 3459 sie
1879 3412 2012 3459 enim
2045 3412 2164 3461 belli
2202 3418 2488 3467 memoriam

1453 3508 1558 3542 non
1583 3501 1813 3549 revocat,
1837 3506 1902 3539 ne
1929 3492 2170 3542 Ces-rem
2193 3494 2434 3547 offendat.

1529 3578 1579 3629 4.
1609 3571 1667 3619 C.
1697 3570 1885 3616 Pansa.
1913 3568 2249 3619 Amicissimis
2273 3572 2356 3621 ilie
2383 3576 2490 3625 Ce-

1454 3650 1551 3698 sari
1572 3658 1621 3696 et
1642 3648 1868 3697 Ciceroni
1891 3648 2003 3698 fuit.
2031 3649 2215 3699 Contra
2241 3652 2312 3701 M.
2331 3655 2489 3704 Anto-

1454 3730 1590 3777 nium
1610 3729 1736 3776 eim
1765 3727 2008 3775 Mutinam
2039 3742 2286 3792 pugnans,
2307 3733 2486 3782 vulnus

1456 3807 1678 3873 accepim
1695 3821 1798 3870 qno
1819 3818 1932 3870 post
1948 3806 2140 3871 aliquot
2158 3809 2262 3857 dies
2279 3810 2482 3863 interiit.

1531 3888 1583 3935 5.
1629 3888 1790 3933 Ausus
1825 3897 1912 3936 est.
1949 3887 2101 3950 Quasi
2133 3904 2236 3936 non
2263 3888 2488 3939 confiteri

1456 3980 1602 4015 ausus
1623 3976 1772 4024 esset,
1795 3966 1890 4013 nisi
1913 3974 1995 4013 tna
2021 3980 2133 4013 cuin
2157 3982 2218 4015 eo
2245 3968 2490 4016 familiari—

1458 4056 1532 4093 tas
1557 4046 1774 4093 animum
1797 4044 1843 4093 ei
1867 4044 2096 4093 dedisset.
2125 4045 2383 4110 Perspicua
2409 4047 2492 4097 hic

1460 4134 1536 4173 eat
1565 4123 1743 4173 ironia.
