<?xml version="1.0" encoding="UTF-8"?>
<!DOCTYPE html PUBLIC "-//W3C//DTD XHTML 1.0 Transitional//EN"
    "http://www.w3.org/TR/xhtml1/DTD/xhtml1-transitional.dtd">
<html xmlns="http://www.w3.org/1999/xhtml" xml:lang="en" lang="en">
 <head>
  <title>
</title>
<meta http-equiv="Content-Type" content="text/html;charset=utf-8" />
  <meta name='ocr-system' content='tesseract 3.04.00' />
  <meta name='ocr-capabilities' content='ocr_page ocr_carea ocr_par ocr_line ocrx_word'/>
</head>
<body>
  <div class='ocr_page' id='page_1' title='image "./mtciceronisquae08lemagoog/mtciceronisquae08lemagoog_0410.png"; bbox 0 0 2996 4694; ppageno 0'>
   <div class='ocr_carea' id='block_1_1' title="bbox 525 365 2021 456">
    <p class='ocr_par' dir='ltr' id='par_1_1' title="bbox 525 365 2021 456">
     <span class='ocr_line' id='line_1_1' title="bbox 525 365 2021 456; baseline -0.004 -16"><span class='ocrx_word' id='word_1_1' title='bbox 525 374 668 456; x_wconf 61' lang='lat' dir='ltr'><strong>740AE</strong></span> <span class='ocrx_word' id='word_1_2' title='bbox 1164 369 1259 437; x_wconf 89' lang='lat' dir='ltr'><strong>M.</strong></span> <span class='ocrx_word' id='word_1_3' title='bbox 1313 371 1392 436; x_wconf 93' lang='lat' dir='ltr'><strong>T.</strong></span> <span class='ocrx_word' id='word_1_4' title='bbox 1447 365 2021 437; x_wconf 86' lang='lat' dir='ltr'>CICERONIS</span> 
     </span>
    </p>
   </div>
   <div class='ocr_carea' id='block_1_2' title="bbox 510 486 2654 2010">
    <p class='ocr_par' dir='ltr' id='par_1_2' title="bbox 521 486 2654 892">
     <span class='ocr_line' id='line_1_2' title="bbox 523 486 2654 586; baseline -0.001 -22"><span class='ocrx_word' id='word_1_5' title='bbox 523 489 776 564; x_wconf 78' lang='lat' dir='ltr'><strong>casus⁶</strong></span> <span class='ocrx_word' id='word_1_6' title='bbox 837 490 1042 560; x_wconf 77' lang='lat' dir='ltr'><strong>inum</strong></span> <span class='ocrx_word' id='word_1_7' title='bbox 1104 492 1429 584; x_wconf 85' lang='lat' dir='ltr'><strong>ignarum</strong></span> <span class='ocrx_word' id='word_1_8' title='bbox 1452 544 1471 573; x_wconf 92' lang='lat'><strong>,</strong></span> <span class='ocrx_word' id='word_1_9' title='bbox 1524 489 1702 584; x_wconf 90' lang='lat' dir='ltr'><strong>quid</strong></span> <span class='ocrx_word' id='word_1_10' title='bbox 1754 486 2239 584; x_wconf 84' lang='lat' dir='ltr'>profiteretur,</span> <span class='ocrx_word' id='word_1_11' title='bbox 2292 511 2521 586; x_wconf 88' lang='lat' dir='ltr'>quum</span> <span class='ocrx_word' id='word_1_12' title='bbox 2576 513 2654 562; x_wconf 84' lang='lat' dir='ltr'><strong>se</strong></span> 
     </span>
     <span class='ocr_line' id='line_1_3' title="bbox 527 597 2653 702; baseline 0 -30"><span class='ocrx_word' id='word_1_13' title='bbox 527 600 1036 702; x_wconf 72' lang='lat' dir='ltr'><strong>philosophum</strong></span> <span class='ocrx_word' id='word_1_14' title='bbox 1093 623 1247 669; x_wconf 86' lang='lat' dir='ltr'><strong>esse</strong></span> <span class='ocrx_word' id='word_1_15' title='bbox 1295 597 1598 685; x_wconf 82' lang='lat' dir='ltr'><strong>diceret,</strong></span> <span class='ocrx_word' id='word_1_16' title='bbox 1640 598 1843 668; x_wconf 85' lang='lat' dir='ltr'><strong>istius</strong></span> <span class='ocrx_word' id='word_1_17' title='bbox 1897 598 2393 695; x_wconf 73' lang='lat' dir='ltr'><strong>impurissimae</strong></span> <span class='ocrx_word' id='word_1_18' title='bbox 2430 615 2653 698; x_wconf 83' lang='lat' dir='ltr'><strong>atque</strong></span> 
     </span>
     <span class='ocr_line' id='line_1_4' title="bbox 523 706 2649 808; baseline -0 -26"><span class='ocrx_word' id='word_1_19' title='bbox 523 709 1257 808; x_wconf 70' lang='lat' dir='ltr'><strong>intemperantissimae</strong></span> <span class='ocrx_word' id='word_1_20' title='bbox 1293 707 1630 804; x_wconf 86' lang='lat' dir='ltr'><strong>pecudis⁷</strong></span> <span class='ocrx_word' id='word_1_21' title='bbox 1680 731 1893 780; x_wconf 89' lang='lat' dir='ltr'><strong>coeno</strong></span> <span class='ocrx_word' id='word_1_22' title='bbox 1934 720 2006 777; x_wconf 86' lang='lat' dir='ltr'><strong>et</strong></span> <span class='ocrx_word' id='word_1_23' title='bbox 2038 706 2371 779; x_wconf 87' lang='lat' dir='ltr'><strong>sordibus</strong></span> <span class='ocrx_word' id='word_1_24' title='bbox 2406 710 2649 806; x_wconf 82' lang='lat' dir='ltr'><strong>iuqui-</strong></span> 
     </span>
     <span class='ocr_line' id='line_1_5' title="bbox 521 823 736 892; baseline -0.014 0"><span class='ocrx_word' id='word_1_25' title='bbox 521 823 736 892; x_wconf 84' lang='lat' dir='ltr'><strong>navit.</strong></span> 
     </span>
    </p>

    <p class='ocr_par' dir='ltr' id='par_1_3' title="bbox 510 923 2647 2010">
     <span class='ocr_line' id='line_1_6' title="bbox 617 923 2647 1024; baseline -0 -24"><span class='ocrx_word' id='word_1_26' title='bbox 617 935 762 1022; x_wconf 89' lang='lat' dir='ltr'><strong>Qui</strong></span> <span class='ocrx_word' id='word_1_27' title='bbox 796 928 1014 1000; x_wconf 87' lang='lat' dir='ltr'><strong>modo</strong></span> <span class='ocrx_word' id='word_1_28' title='bbox 1041 951 1268 1024; x_wconf 86' lang='lat' dir='ltr'>quum</span> <span class='ocrx_word' id='word_1_29' title='bbox 1300 951 1416 998; x_wconf 81' lang='lat' dir='ltr'><strong>res</strong></span> <span class='ocrx_word' id='word_1_30' title='bbox 1451 923 1728 1023; x_wconf 80' lang='lat' dir='ltr'><strong>gestas⁸</strong></span> <span class='ocrx_word' id='word_1_31' title='bbox 1768 927 2185 998; x_wconf 83' lang='lat' dir='ltr'><strong>consulatus</strong></span> <span class='ocrx_word' id='word_1_32' title='bbox 2214 929 2354 998; x_wconf 87' lang='lat' dir='ltr'><strong>mei</strong></span> <span class='ocrx_word' id='word_1_33' title='bbox 2384 928 2647 1000; x_wconf 57' lang='lat' dir='ltr'><strong>coliauss</strong></span> 
     </span>
     <span class='ocr_line' id='line_1_7' title="bbox 519 1035 2647 1136; baseline -0.001 -26"><span class='ocrx_word' id='word_1_34' title='bbox 519 1037 795 1128; x_wconf 55' lang='lat' dir='ltr'><strong>dassen</strong></span> <span class='ocrx_word' id='word_1_35' title='bbox 831 1061 992 1136; x_wconf 81' lang='lat' dir='ltr'><strong>quae</strong></span> <span class='ocrx_word' id='word_1_36' title='bbox 1027 1035 1322 1135; x_wconf 83' lang='lat' dir='ltr'><strong>quidem</strong></span> <span class='ocrx_word' id='word_1_37' title='bbox 1350 1036 1666 1106; x_wconf 84' lang='lat' dir='ltr'><strong>laudatio</strong></span> <span class='ocrx_word' id='word_1_38' title='bbox 1696 1036 2011 1107; x_wconf 85' lang='lat' dir='ltr'><strong>hominis</strong></span> <span class='ocrx_word' id='word_1_39' title='bbox 2042 1037 2435 1134; x_wconf 84' lang='lat' dir='ltr'><strong>turpissimi</strong></span> <span class='ocrx_word' id='word_1_40' title='bbox 2470 1039 2647 1108; x_wconf 79' lang='lat' dir='ltr'><strong>mihi</strong></span> 
     </span>
     <span class='ocr_line' id='line_1_8' title="bbox 517 1143 2643 1246; baseline -0.002 -22"><span class='ocrx_word' id='word_1_41' title='bbox 517 1151 648 1246; x_wconf 87' lang='lat' dir='ltr'><strong>ipsi</strong></span> <span class='ocrx_word' id='word_1_42' title='bbox 693 1161 842 1220; x_wconf 86' lang='lat' dir='ltr'>erat</span> <span class='ocrx_word' id='word_1_43' title='bbox 879 1171 1081 1244; x_wconf 80' lang='lat' dir='ltr'><strong>paene</strong></span> <span class='ocrx_word' id='word_1_44' title='bbox 1121 1149 1353 1243; x_wconf 83' lang='lat' dir='ltr'><strong>turpis</strong></span> <span class='ocrx_word' id='word_1_45' title='bbox 1401 1173 1416 1214; x_wconf 93' lang='lat'><strong>:</strong></span> <span class='ocrx_word' id='word_1_46' title='bbox 1453 1149 1620 1217; x_wconf 87' lang='lat' dir='ltr'><strong>Non</strong></span> <span class='ocrx_word' id='word_1_47' title='bbox 1658 1145 1826 1216; x_wconf 79' lang='lat' dir='ltr'><strong>illa9</strong></span> <span class='ocrx_word' id='word_1_48' title='bbox 1866 1143 2037 1234; x_wconf 88' lang='lat' dir='ltr'><strong>tibi,</strong></span> <span class='ocrx_word' id='word_1_49' title='bbox 2076 1151 2348 1244; x_wconf 78' lang='lat' dir='ltr'><strong>inquit,</strong></span> <span class='ocrx_word' id='word_1_50' title='bbox 2382 1147 2643 1219; x_wconf 85' lang='lat' dir='ltr'><strong>invidia</strong></span> 
     </span>
     <span class='ocr_line' id='line_1_9' title="bbox 518 1255 2643 1356; baseline 0 -27"><span class='ocrx_word' id='word_1_51' title='bbox 518 1260 802 1344; x_wconf 88' lang='lat' dir='ltr'><strong>nocuit,</strong></span> <span class='ocrx_word' id='word_1_52' title='bbox 857 1255 982 1328; x_wconf 89' lang='lat' dir='ltr'><strong>sed</strong></span> <span class='ocrx_word' id='word_1_53' title='bbox 1035 1279 1283 1326; x_wconf 86' lang='lat' dir='ltr'><strong>versus</strong></span> <span class='ocrx_word' id='word_1_54' title='bbox 1338 1257 1829 1328; x_wconf 88' lang='lat' dir='ltr'><strong>tui.—-Nimis</strong></span> <span class='ocrx_word' id='word_1_55' title='bbox 1884 1281 2136 1354; x_wconf 84' lang='lat' dir='ltr'><strong>magna</strong></span> <span class='ocrx_word' id='word_1_56' title='bbox 2196 1269 2523 1356; x_wconf 67' lang='lat' dir='ltr'><strong>pomam,</strong></span> <span class='ocrx_word' id='word_1_57' title='bbox 2571 1275 2643 1330; x_wconf 84' lang='lat' dir='ltr'><strong>te</strong></span> 
     </span>
     <span class='ocr_line' id='line_1_10' title="bbox 515 1367 2642 1463; baseline -0.001 -22"><span class='ocrx_word' id='word_1_58' title='bbox 515 1368 848 1456; x_wconf 85' lang='lat' dir='ltr'><strong>consule,</strong></span> <span class='ocrx_word' id='word_1_59' title='bbox 915 1370 1298 1438; x_wconf 84' lang='lat' dir='ltr'><strong>constituta</strong></span> <span class='ocrx_word' id='word_1_60' title='bbox 1359 1381 1503 1454; x_wconf 85' lang='lat' dir='ltr'><strong>est,</strong></span> <span class='ocrx_word' id='word_1_61' title='bbox 1574 1368 1721 1438; x_wconf 83' lang='lat' dir='ltr'><strong>sive</strong></span> <span class='ocrx_word' id='word_1_62' title='bbox 1786 1367 1975 1438; x_wconf 88' lang='lat' dir='ltr'><strong>malo</strong></span> <span class='ocrx_word' id='word_1_63' title='bbox 2036 1381 2293 1463; x_wconf 68' lang='lat' dir='ltr'><strong>poetae,</strong></span> <span class='ocrx_word' id='word_1_64' title='bbox 2346 1369 2493 1439; x_wconf 84' lang='lat' dir='ltr'><strong>sive</strong></span> <span class='ocrx_word' id='word_1_65' title='bbox 2554 1369 2642 1439; x_wconf 87' lang='lat' dir='ltr'><strong>li-</strong></span> 
     </span>
     <span class='ocr_line' id='line_1_11' title="bbox 514 1475 2639 1572; baseline -0.001 -21"><span class='ocrx_word' id='word_1_66' title='bbox 514 1475 1192 1572; x_wconf 84' lang='lat' dir='ltr'><strong>bero.-—Scripsisti</strong></span> <span class='ocrx_word' id='word_1_67' title='bbox 1220 1479 1406 1544; x_wconf 87' lang='lat' dir='ltr'><strong>enim</strong></span> <span class='ocrx_word' id='word_1_68' title='bbox 1432 1487 1487 1518; x_wconf 84' lang='lat'><strong>¹¹</strong></span> <span class='ocrx_word' id='word_1_69' title='bbox 1508 1529 1528 1560; x_wconf 90' lang='lat'><strong>,</strong></span> <span class='ocrx_word' id='word_1_70' title='bbox 1559 1499 1839 1548; x_wconf 67' lang='lat' dir='ltr'><strong>cunum·</strong></span> <span class='ocrx_word' id='word_1_71' title='bbox 1866 1501 2069 1547; x_wconf 58' lang='lat' dir='ltr'><strong>Anna</strong></span> <span class='ocrx_word' id='word_1_72' title='bbox 2096 1477 2639 1569; x_wconf 55' lang='lat' dir='ltr'><strong>roem—Quid</strong></span> 
     </span>
     <span class='ocr_line' id='line_1_12' title="bbox 514 1583 2642 1658; baseline -0 0"><span class='ocrx_word' id='word_1_73' title='bbox 514 1589 998 1658; x_wconf 81' lang='lat' dir='ltr'>turn?—Haec</span> <span class='ocrx_word' id='word_1_74' title='bbox 1029 1608 1144 1654; x_wconf 85' lang='lat' dir='ltr'><strong>res</strong></span> <span class='ocrx_word' id='word_1_75' title='bbox 1169 1583 1300 1654; x_wconf 87' lang='lat' dir='ltr'><strong>tibi</strong></span> <span class='ocrx_word' id='word_1_76' title='bbox 1334 1587 1593 1655; x_wconf 75' lang='lat' dir='ltr'><strong>fluctus</strong></span> <span class='ocrx_word' id='word_1_77' title='bbox 1618 1586 1777 1656; x_wconf 77' lang='lat' dir='ltr'><strong>ilios</strong></span> <span class='ocrx_word' id='word_1_78' title='bbox 1812 1587 2145 1656; x_wconf 85' lang='lat' dir='ltr'><strong>excitavit</strong></span> <span class='ocrx_word' id='word_1_79' title='bbox 2164 1596 2249 1654; x_wconf 82' lang='lat'><strong>¹².</strong></span> <span class='ocrx_word' id='word_1_80' title='bbox 2270 1591 2473 1656; x_wconf 83' lang='lat' dir='ltr'><strong>-At</strong></span> <span class='ocrx_word' id='word_1_81' title='bbox 2500 1585 2642 1658; x_wconf 90' lang='lat' dir='ltr'><strong>hoc</strong></span> 
     </span>
     <span class='ocr_line' id='line_1_13' title="bbox 512 1692 2643 1793; baseline 0 -27"><span class='ocrx_word' id='word_1_82' title='bbox 512 1717 866 1792; x_wconf 83' lang='lat' dir='ltr'>nusquam</span> <span class='ocrx_word' id='word_1_83' title='bbox 903 1697 1162 1791; x_wconf 85' lang='lat' dir='ltr'><strong>opinor</strong></span> <span class='ocrx_word' id='word_1_84' title='bbox 1193 1696 1543 1793; x_wconf 85' lang='lat' dir='ltr'><strong>scriptum</strong></span> <span class='ocrx_word' id='word_1_85' title='bbox 1574 1692 1790 1766; x_wconf 88' lang='lat' dir='ltr'><strong>fuisse</strong></span> <span class='ocrx_word' id='word_1_86' title='bbox 1836 1698 1909 1764; x_wconf 90' lang='lat' dir='ltr'><strong>in</strong></span> <span class='ocrx_word' id='word_1_87' title='bbox 1943 1693 2069 1765; x_wconf 89' lang='lat' dir='ltr'><strong>illo</strong></span> <span class='ocrx_word' id='word_1_88' title='bbox 2108 1695 2376 1791; x_wconf 86' lang='lat' dir='ltr'><strong>elogi0,</strong></span> <span class='ocrx_word' id='word_1_89' title='bbox 2402 1696 2643 1792; x_wconf 87' lang='lat' dir='ltr'><strong>quod,</strong></span> 
     </span>
     <span class='ocr_line' id='line_1_14' title="bbox 510 1803 2643 1902; baseline -0 -25"><span class='ocrx_word' id='word_1_90' title='bbox 510 1823 582 1878; x_wconf 84' lang='lat' dir='ltr'><strong>te</strong></span> <span class='ocrx_word' id='word_1_91' title='bbox 615 1804 950 1891; x_wconf 84' lang='lat' dir='ltr'><strong>consule,</strong></span> <span class='ocrx_word' id='word_1_92' title='bbox 977 1807 1055 1874; x_wconf 89' lang='lat' dir='ltr'><strong>in</strong></span> <span class='ocrx_word' id='word_1_93' title='bbox 1083 1804 1416 1900; x_wconf 82' lang='lat' dir='ltr'><strong>sepulcro</strong></span> <span class='ocrx_word' id='word_1_94' title='bbox 1445 1803 1861 1902; x_wconf 80' lang='lat' dir='ltr'><strong>reipublicae</strong></span> <span class='ocrx_word' id='word_1_95' title='bbox 1888 1805 2193 1876; x_wconf 82' lang='lat' dir='ltr'><strong>incisum</strong></span> <span class='ocrx_word' id='word_1_96' title='bbox 2223 1821 2364 1891; x_wconf 83' lang='lat' dir='ltr'><strong>est,</strong></span> <span class='ocrx_word' id='word_1_97' title='bbox 2401 1836 2433 1869; x_wconf 75' lang='grc' dir='ltr'><strong>α</strong></span> <span class='ocrx_word' id='word_1_98' title='bbox 2454 1806 2643 1878; x_wconf 86' lang='lat' dir='ltr'><strong>Veli-</strong></span> 
     </span>
     <span class='ocr_line' id='line_1_15' title="bbox 513 1913 2637 2010; baseline 0.001 -24"><span class='ocrx_word' id='word_1_99' title='bbox 513 1919 638 2001; x_wconf 88' lang='lat' dir='ltr'><strong>tis,</strong></span> <span class='ocrx_word' id='word_1_100' title='bbox 675 1913 1022 2010; x_wconf 78' lang='lat' dir='ltr'><strong>jubeatiS,</strong></span> <span class='ocrx_word' id='word_1_101' title='bbox 1091 1929 1210 2000; x_wconf 72' lang='lat' dir='ltr'><strong>ut,</strong></span> <span class='ocrx_word' id='word_1_102' title='bbox 1266 1914 1462 2010; x_wconf 88' lang='lat' dir='ltr'><strong>quod</strong></span> <span class='ocrx_word' id='word_1_103' title='bbox 1526 1919 1623 1985; x_wconf 87' lang='grc' dir='ltr'><strong>Μ.</strong></span> <span class='ocrx_word' id='word_1_104' title='bbox 1692 1916 1946 1985; x_wconf 83' lang='lat' dir='ltr'><strong>Cicero</strong></span> <span class='ocrx_word' id='word_1_105' title='bbox 2014 1939 2299 1986; x_wconf 83' lang='lat' dir='ltr'><strong>versum</strong></span> <span class='ocrx_word' id='word_1_106' title='bbox 2352 1913 2637 2004; x_wconf 78' lang='lat' dir='ltr'><strong>fecerit3</strong></span> 
     </span>
    </p>
   </div>
   <div class='ocr_carea' id='block_1_3' title="bbox 509 2023 1521 2174">
    <p class='ocr_par' dir='ltr' id='par_1_4' title="bbox 509 2023 1521 2174">
     <span class='ocr_line' id='line_1_16' title="bbox 509 2023 1521 2123; baseline -0.004 -25"><span class='ocrx_word' id='word_1_107' title='bbox 509 2025 638 2100; x_wconf 78' lang='lat' dir='ltr'><strong>sed</strong></span> <span class='ocrx_word' id='word_1_108' title='bbox 655 2035 678 2070; x_wconf 86' lang='lat'>¹</span> <span class='ocrx_word' id='word_1_109' title='bbox 693 2025 719 2070; x_wconf 76' lang='lat'><em>³</em></span> <span class='ocrx_word' id='word_1_110' title='bbox 739 2081 761 2114; x_wconf 86' lang='lat'><strong>,</strong></span> <span class='ocrx_word' id='word_1_111' title='bbox 806 2025 1005 2123; x_wconf 89' lang='lat' dir='ltr'><strong>quod</strong></span> <span class='ocrx_word' id='word_1_112' title='bbox 1041 2023 1413 2096; x_wconf 84' lang='lat' dir='ltr'><strong>vindicarit</strong></span> <span class='ocrx_word' id='word_1_113' title='bbox 1435 2028 1521 2094; x_wconf 71' lang='lat'><strong>¹4.</strong></span> 
     </span>
     <span class='ocr_line' id='line_1_17' title="bbox 1029 2143 1060 2174; baseline 0 0"><span class='ocrx_word' id='word_1_114' title='bbox 1029 2143 1060 2174; x_wconf 67' lang='grc' dir='ltr'><strong><em>ο</em></strong></span> 
     </span>
    </p>
   </div>
   <div class='ocr_carea' id='block_1_4' title="bbox 495 2225 1530 4179">
    <p class='ocr_par' dir='ltr' id='par_1_5' title="bbox 505 2225 1530 2763">
     <span class='ocr_line' id='line_1_18' title="bbox 580 2225 1530 2276; baseline -0.002 0"><span class='ocrx_word' id='word_1_115' title='bbox 580 2229 629 2276; x_wconf 87' lang='grc'><strong>6.</strong></span> <span class='ocrx_word' id='word_1_116' title='bbox 665 2227 764 2274; x_wconf 79' lang='lat' dir='ltr'><strong>Sed</strong></span> <span class='ocrx_word' id='word_1_117' title='bbox 789 2225 917 2274; x_wconf 75' lang='lat' dir='ltr'><strong>idem</strong></span> <span class='ocrx_word' id='word_1_118' title='bbox 943 2242 1103 2274; x_wconf 77' lang='lat' dir='ltr'><strong>casus.</strong></span> <span class='ocrx_word' id='word_1_119' title='bbox 1140 2226 1412 2276; x_wconf 70' lang='lat' dir='ltr'><strong>Necessitas</strong></span> <span class='ocrx_word' id='word_1_120' title='bbox 1437 2225 1530 2274; x_wconf 82' lang='lat' dir='ltr'><strong>ob-</strong></span> 
     </span>
     <span class='ocr_line' id='line_1_19' title="bbox 509 2303 1529 2371; baseline 0 -17"><span class='ocrx_word' id='word_1_121' title='bbox 509 2305 745 2371; x_wconf 82' lang='lat' dir='ltr'><strong>sequendi</strong></span> <span class='ocrx_word' id='word_1_122' title='bbox 785 2316 834 2353; x_wconf 88' lang='lat' dir='ltr'><strong>et</strong></span> <span class='ocrx_word' id='word_1_123' title='bbox 876 2303 1242 2369; x_wconf 74' lang='lat' dir='ltr'><strong>obtemperandi</strong></span> <span class='ocrx_word' id='word_1_124' title='bbox 1291 2305 1529 2354; x_wconf 68' lang='lat' dir='ltr'><strong>voluntati</strong></span> 
     </span>
     <span class='ocr_line' id='line_1_20' title="bbox 508 2378 1527 2447; baseline -0.002 -13"><span class='ocrx_word' id='word_1_125' title='bbox 508 2378 720 2443; x_wconf 65' lang='lat' dir='ltr'><strong>Pisonis,</strong></span> <span class='ocrx_word' id='word_1_126' title='bbox 747 2386 833 2447; x_wconf 88' lang='lat' dir='ltr'><strong>qui</strong></span> <span class='ocrx_word' id='word_1_127' title='bbox 860 2395 1053 2447; x_wconf 71' lang='lat' dir='ltr'><strong>poetam</strong></span> <span class='ocrx_word' id='word_1_128' title='bbox 1081 2382 1215 2431; x_wconf 82' lang='lat' dir='ltr'><strong>illum</strong></span> <span class='ocrx_word' id='word_1_129' title='bbox 1240 2384 1440 2444; x_wconf 76' lang='lat' dir='ltr'><strong>jubebat</strong></span> <span class='ocrx_word' id='word_1_130' title='bbox 1464 2384 1527 2432; x_wconf 75' lang='lat' dir='ltr'><strong>nd</strong></span> 
     </span>
     <span class='ocr_line' id='line_1_21' title="bbox 509 2462 1528 2527; baseline 0 -16"><span class='ocrx_word' id='word_1_131' title='bbox 509 2480 676 2511; x_wconf 78' lang='lat' dir='ltr'><strong>versus</strong></span> <span class='ocrx_word' id='word_1_132' title='bbox 707 2462 1000 2510; x_wconf 82' lang='lat' dir='ltr'><strong>libidinosos</strong></span> <span class='ocrx_word' id='word_1_133' title='bbox 1032 2463 1244 2509; x_wconf 72' lang='lat' dir='ltr'><strong>animum</strong></span> <span class='ocrx_word' id='word_1_134' title='bbox 1271 2463 1528 2527; x_wconf 76' lang='lat' dir='ltr'>appellere.</span> 
     </span>
     <span class='ocr_line' id='line_1_22' title="bbox 508 2540 1529 2605; baseline 0 -15"><span class='ocrx_word' id='word_1_135' title='bbox 508 2546 686 2594; x_wconf 76' lang='lat' dir='ltr'><strong>Casum</strong></span> <span class='ocrx_word' id='word_1_136' title='bbox 711 2540 922 2604; x_wconf 69' lang='lat' dir='ltr'>appellnt</span> <span class='ocrx_word' id='word_1_137' title='bbox 939 2574 954 2598; x_wconf 91' lang='lat'><strong>,</strong></span> <span class='ocrx_word' id='word_1_138' title='bbox 972 2540 1084 2603; x_wconf 76' lang='lat' dir='ltr'><strong>quin</strong></span> <span class='ocrx_word' id='word_1_139' title='bbox 1109 2556 1212 2587; x_wconf 86' lang='lat' dir='ltr'><strong>non</strong></span> <span class='ocrx_word' id='word_1_140' title='bbox 1239 2542 1529 2605; x_wconf 66' lang='lat' dir='ltr'><strong>previderat</strong></span> 
     </span>
     <span class='ocr_line' id='line_1_23' title="bbox 505 2618 1525 2669; baseline -0.002 0"><span class='ocrx_word' id='word_1_141' title='bbox 505 2638 572 2669; x_wconf 82' lang='lat' dir='ltr'><strong>ex</strong></span> <span class='ocrx_word' id='word_1_142' title='bbox 597 2618 916 2667; x_wconf 71' lang='lat' dir='ltr'><strong>familiaritate</strong></span> <span class='ocrx_word' id='word_1_143' title='bbox 943 2618 1132 2665; x_wconf 84' lang='lat' dir='ltr'><strong>Pisonis</strong></span> <span class='ocrx_word' id='word_1_144' title='bbox 1164 2618 1290 2666; x_wconf 74' lang='lat' dir='ltr'><strong>hanc</strong></span> <span class='ocrx_word' id='word_1_145' title='bbox 1315 2619 1410 2667; x_wconf 85' lang='lat' dir='ltr'><strong>sibi</strong></span> <span class='ocrx_word' id='word_1_146' title='bbox 1434 2622 1525 2667; x_wconf 86' lang='lat' dir='ltr'><strong>im-</strong></span> 
     </span>
     <span class='ocr_line' id='line_1_24' title="bbox 509 2696 1404 2763; baseline 0.002 -19"><span class='ocrx_word' id='word_1_147' title='bbox 509 2697 764 2763; x_wconf 71' lang='lat' dir='ltr'><strong>pudicitiae</strong></span> <span class='ocrx_word' id='word_1_148' title='bbox 787 2696 1114 2743; x_wconf 73' lang='lat' dir='ltr'><strong>necessitatem</strong></span> <span class='ocrx_word' id='word_1_149' title='bbox 1137 2698 1404 2746; x_wconf 79' lang='lat' dir='ltr'><strong>imminere.</strong></span> 
     </span>
    </p>

    <p class='ocr_par' dir='ltr' id='par_1_6' title="bbox 497 2773 1525 3160">
     <span class='ocr_line' id='line_1_25' title="bbox 581 2773 1523 2840; baseline -0.002 -15"><span class='ocrx_word' id='word_1_150' title='bbox 581 2794 630 2837; x_wconf 83' lang='lat'><strong>¹7.</strong></span> <span class='ocrx_word' id='word_1_151' title='bbox 663 2774 806 2824; x_wconf 76' lang='lat' dir='ltr'><strong>Istius</strong></span> <span class='ocrx_word' id='word_1_152' title='bbox 825 2773 1156 2840; x_wconf 72' lang='lat' dir='ltr'><strong>impurissime</strong></span> <span class='ocrx_word' id='word_1_153' title='bbox 1182 2787 1331 2839; x_wconf 78' lang='lat' dir='ltr'><strong>aeque</strong></span> <span class='ocrx_word' id='word_1_154' title='bbox 1353 2774 1523 2823; x_wconf 73' lang='lat' dir='ltr'><strong>intem·</strong></span> 
     </span>
     <span class='ocr_line' id='line_1_26' title="bbox 497 2852 1523 2921; baseline 0 -18"><span class='ocrx_word' id='word_1_155' title='bbox 497 2853 857 2921; x_wconf 76' lang='lat' dir='ltr'><strong>perantissu&#39;moe</strong></span> <span class='ocrx_word' id='word_1_156' title='bbox 890 2852 1110 2918; x_wconf 79' lang='lat' dir='ltr'><strong>pecudis.</strong></span> <span class='ocrx_word' id='word_1_157' title='bbox 1155 2856 1247 2902; x_wconf 87' lang='lat' dir='ltr'>Per</span> <span class='ocrx_word' id='word_1_158' title='bbox 1287 2854 1523 2920; x_wconf 81' lang='lat' dir='ltr'>pecudem</span> 
     </span>
     <span class='ocr_line' id='line_1_27' title="bbox 503 2932 1523 2999; baseline -0.003 -16"><span class='ocrx_word' id='word_1_159' title='bbox 503 2932 768 2999; x_wconf 71' lang='lat' dir='ltr'><strong>aliquando</strong></span> <span class='ocrx_word' id='word_1_160' title='bbox 814 2932 1060 2981; x_wconf 82' lang='lat' dir='ltr'><strong>hominem</strong></span> <span class='ocrx_word' id='word_1_161' title='bbox 1119 2932 1351 2981; x_wconf 80' lang='lat' dir='ltr'><strong>stolidum</strong></span> <span class='ocrx_word' id='word_1_162' title='bbox 1367 2968 1381 2990; x_wconf 83' lang='grc'><em>,</em></span> <span class='ocrx_word' id='word_1_163' title='bbox 1432 2933 1523 2981; x_wconf 72' lang='lat' dir='ltr'><strong>ali-</strong></span> 
     </span>
     <span class='ocr_line' id='line_1_28' title="bbox 502 3011 1525 3083; baseline -0.003 -19"><span class='ocrx_word' id='word_1_164' title='bbox 502 3014 702 3079; x_wconf 79' lang='lat' dir='ltr'><strong>quando</strong></span> <span class='ocrx_word' id='word_1_165' title='bbox 727 3011 1058 3077; x_wconf 65' lang='lat' dir='ltr'><strong>voluptatibus</strong></span> <span class='ocrx_word' id='word_1_166' title='bbox 1084 3012 1329 3083; x_wconf 76' lang='lat' dir='ltr'><strong>deditum,</strong></span> <span class='ocrx_word' id='word_1_167' title='bbox 1353 3014 1525 3061; x_wconf 79' lang='lat' dir='ltr'><strong>intem-</strong></span> 
     </span>
     <span class='ocr_line' id='line_1_29' title="bbox 501 3090 1356 3160; baseline -0.002 -17"><span class='ocrx_word' id='word_1_168' title='bbox 501 3105 774 3160; x_wconf 82' lang='lat' dir='ltr'><strong>perantem,</strong></span> <span class='ocrx_word' id='word_1_169' title='bbox 798 3092 1041 3155; x_wconf 84' lang='lat' dir='ltr'><strong>impurum</strong></span> <span class='ocrx_word' id='word_1_170' title='bbox 1065 3090 1356 3157; x_wconf 80' lang='lat' dir='ltr'><strong>intelligunt.</strong></span> 
     </span>
    </p>

    <p class='ocr_par' dir='ltr' id='par_1_7' title="bbox 495 3170 1521 4011">
     <span class='ocr_line' id='line_1_30' title="bbox 572 3170 1521 3237; baseline -0.002 -16"><span class='ocrx_word' id='word_1_171' title='bbox 572 3176 620 3224; x_wconf 84' lang='lat'><strong>8.</strong></span> <span class='ocrx_word' id='word_1_172' title='bbox 653 3171 749 3237; x_wconf 82' lang='lat' dir='ltr'><strong>Qm‘</strong></span> <span class='ocrx_word' id='word_1_173' title='bbox 767 3170 912 3219; x_wconf 81' lang='lat' dir='ltr'><strong>modo</strong></span> <span class='ocrx_word' id='word_1_174' title='bbox 932 3186 1080 3234; x_wconf 82' lang='lat' dir='ltr'><strong>quum</strong></span> <span class='ocrx_word' id='word_1_175' title='bbox 1108 3186 1182 3217; x_wconf 83' lang='lat' dir='ltr'><strong>res</strong></span> <span class='ocrx_word' id='word_1_176' title='bbox 1203 3183 1380 3236; x_wconf 74' lang='lat' dir='ltr'><strong>gestas.</strong></span> <span class='ocrx_word' id='word_1_177' title='bbox 1408 3172 1521 3220; x_wconf 85' lang='lat' dir='ltr'><strong>Piso</strong></span> 
     </span>
     <span class='ocr_line' id='line_1_31' title="bbox 499 3250 1515 3317; baseline -0.002 -16"><span class='ocrx_word' id='word_1_178' title='bbox 499 3270 649 3317; x_wconf 85' lang='lat' dir='ltr'>quum</span> <span class='ocrx_word' id='word_1_179' title='bbox 662 3251 902 3300; x_wconf 68' lang='lat' dir='ltr'><strong>laudasset</strong></span> <span class='ocrx_word' id='word_1_180' title='bbox 923 3266 996 3297; x_wconf 88' lang='lat' dir='ltr'><strong>res</strong></span> <span class='ocrx_word' id='word_1_181' title='bbox 1020 3260 1174 3313; x_wconf 78' lang='lat' dir='ltr'><strong>gestas</strong></span> <span class='ocrx_word' id='word_1_182' title='bbox 1192 3250 1246 3298; x_wconf 86' lang='lat' dir='ltr'><strong>in</strong></span> <span class='ocrx_word' id='word_1_183' title='bbox 1265 3268 1374 3299; x_wconf 82' lang='lat' dir='ltr'><strong>meo</strong></span> <span class='ocrx_word' id='word_1_184' title='bbox 1395 3266 1515 3299; x_wconf 82' lang='lat' dir='ltr'><strong>eon·</strong></span> 
     </span>
     <span class='ocr_line' id='line_1_32' title="bbox 499 3329 1515 3390; baseline -0.002 -10"><span class='ocrx_word' id='word_1_185' title='bbox 499 3332 657 3380; x_wconf 83' lang='lat' dir='ltr'><strong>sulatu</strong></span> <span class='ocrx_word' id='word_1_186' title='bbox 677 3366 691 3389; x_wconf 93' lang='lat'><strong>,</strong></span> <span class='ocrx_word' id='word_1_187' title='bbox 755 3340 805 3378; x_wconf 88' lang='lat' dir='ltr'><strong>et</strong></span> <span class='ocrx_word' id='word_1_188' title='bbox 858 3329 1078 3379; x_wconf 65' lang='lat' dir='ltr'><strong>Catilium</strong></span> <span class='ocrx_word' id='word_1_189' title='bbox 1132 3330 1515 3390; x_wconf 73' lang='lat' dir='ltr'><strong>conjurationem</strong></span> 
     </span>
     <span class='ocr_line' id='line_1_33' title="bbox 499 3406 1515 3470; baseline -0.002 -13"><span class='ocrx_word' id='word_1_190' title='bbox 499 3411 616 3457; x_wconf 81' lang='lat' dir='ltr'><strong>meis</strong></span> <span class='ocrx_word' id='word_1_191' title='bbox 657 3407 876 3456; x_wconf 82' lang='lat' dir='ltr'><strong>consiliis</strong></span> <span class='ocrx_word' id='word_1_192' title='bbox 923 3406 1188 3470; x_wconf 80' lang='lat' dir='ltr'>prudenter</span> <span class='ocrx_word' id='word_1_193' title='bbox 1230 3410 1515 3456; x_wconf 78' lang='lat' dir='ltr'><strong>exstinctam</strong></span> 
     </span>
     <span class='ocr_line' id='line_1_34' title="bbox 497 3482 1516 3550; baseline -0.001 -14"><span class='ocrx_word' id='word_1_194' title='bbox 497 3506 600 3536; x_wconf 85' lang='lat' dir='ltr'><strong>esse</strong></span> <span class='ocrx_word' id='word_1_195' title='bbox 619 3488 843 3542; x_wconf 79' lang='lat' dir='ltr'><strong>dixisset,</strong></span> <span class='ocrx_word' id='word_1_196' title='bbox 861 3482 1066 3545; x_wconf 85' lang='lat' dir='ltr'><strong>subjecit</strong></span> <span class='ocrx_word' id='word_1_197' title='bbox 1088 3500 1163 3531; x_wconf 86' lang='lat' dir='ltr'><strong>me</strong></span> <span class='ocrx_word' id='word_1_198' title='bbox 1191 3500 1291 3532; x_wconf 87' lang='lat' dir='ltr'><strong>non</strong></span> <span class='ocrx_word' id='word_1_199' title='bbox 1313 3497 1516 3550; x_wconf 84' lang='lat' dir='ltr'>propter</span> 
     </span>
     <span class='ocr_line' id='line_1_35' title="bbox 497 3562 1514 3629; baseline -0.001 -14"><span class='ocrx_word' id='word_1_200' title='bbox 497 3584 572 3615; x_wconf 86' lang='lat' dir='ltr'><strong>res</strong></span> <span class='ocrx_word' id='word_1_201' title='bbox 593 3576 768 3629; x_wconf 70' lang='lat' dir='ltr'><strong>gestas,</strong></span> <span class='ocrx_word' id='word_1_202' title='bbox 793 3562 878 3611; x_wconf 85' lang='lat' dir='ltr'><strong>sed</strong></span> <span class='ocrx_word' id='word_1_203' title='bbox 894 3573 1098 3627; x_wconf 86' lang='lat' dir='ltr'>propter</span> <span class='ocrx_word' id='word_1_204' title='bbox 1121 3578 1284 3611; x_wconf 80' lang='lat' dir='ltr'><strong>versus</strong></span> <span class='ocrx_word' id='word_1_205' title='bbox 1306 3580 1439 3613; x_wconf 84' lang='lat' dir='ltr'><strong>meos</strong></span> <span class='ocrx_word' id='word_1_206' title='bbox 1460 3567 1514 3614; x_wconf 86' lang='lat' dir='ltr'><strong>in</strong></span> 
     </span>
     <span class='ocr_line' id='line_1_36' title="bbox 495 3640 1514 3708; baseline 0 -15"><span class='ocrx_word' id='word_1_207' title='bbox 495 3645 724 3693; x_wconf 82' lang='lat' dir='ltr'><strong>invidiam</strong></span> <span class='ocrx_word' id='word_1_208' title='bbox 753 3642 966 3699; x_wconf 84' lang='lat' dir='ltr'><strong>venisse,</strong></span> <span class='ocrx_word' id='word_1_209' title='bbox 1001 3640 1221 3704; x_wconf 78' lang='lat' dir='ltr'><strong>adeoque</strong></span> <span class='ocrx_word' id='word_1_210' title='bbox 1257 3643 1514 3708; x_wconf 87' lang='lat' dir='ltr'><strong>impudens</strong></span> 
     </span>
     <span class='ocr_line' id='line_1_37' title="bbox 497 3718 1516 3787; baseline -0.002 -15"><span class='ocrx_word' id='word_1_211' title='bbox 497 3726 588 3773; x_wconf 83' lang='lat' dir='ltr'><strong>suit</strong></span> <span class='ocrx_word' id='word_1_212' title='bbox 600 3760 615 3784; x_wconf 95' lang='lat'><strong>,</strong></span> <span class='ocrx_word' id='word_1_213' title='bbox 633 3732 686 3770; x_wconf 90' lang='lat' dir='ltr'><strong>ut</strong></span> <span class='ocrx_word' id='word_1_214' title='bbox 705 3722 790 3785; x_wconf 84' lang='lat' dir='ltr'><strong>qui</strong></span> <span class='ocrx_word' id='word_1_215' title='bbox 807 3719 955 3767; x_wconf 81' lang='lat' dir='ltr'><strong>alium</strong></span> <span class='ocrx_word' id='word_1_216' title='bbox 973 3718 1034 3766; x_wconf 82' lang='lat' dir='ltr'><strong>ad</strong></span> <span class='ocrx_word' id='word_1_217' title='bbox 1054 3720 1338 3769; x_wconf 76' lang='lat' dir='ltr'><strong>scribendos</strong></span> <span class='ocrx_word' id='word_1_218' title='bbox 1356 3723 1516 3787; x_wconf 86' lang='lat' dir='ltr'><strong>impu·</strong></span> 
     </span>
     <span class='ocr_line' id='line_1_38' title="bbox 498 3796 1513 3864; baseline -0.002 -12"><span class='ocrx_word' id='word_1_219' title='bbox 498 3805 634 3852; x_wconf 83' lang='lat' dir='ltr'><strong>dicos</strong></span> <span class='ocrx_word' id='word_1_220' title='bbox 656 3816 819 3848; x_wconf 84' lang='lat' dir='ltr'><strong>versus</strong></span> <span class='ocrx_word' id='word_1_221' title='bbox 839 3796 1095 3845; x_wconf 73' lang='lat' dir='ltr'>induxerat</span> <span class='ocrx_word' id='word_1_222' title='bbox 1107 3830 1122 3853; x_wconf 88' lang='lat'>‚</span> <span class='ocrx_word' id='word_1_223' title='bbox 1141 3800 1513 3864; x_wconf 79' lang='lat' dir='ltr'><strong>reprehenderet</strong></span> 
     </span>
     <span class='ocr_line' id='line_1_39' title="bbox 499 3876 1514 3945; baseline 0 -16"><span class='ocrx_word' id='word_1_224' title='bbox 499 3900 644 3931; x_wconf 76' lang='lat' dir='ltr'><strong>meos.</strong></span> <span class='ocrx_word' id='word_1_225' title='bbox 677 3878 975 3941; x_wconf 73' lang='lat' dir='ltr'><strong>Dialogismo</strong></span> <span class='ocrx_word' id='word_1_226' title='bbox 1009 3876 1184 3925; x_wconf 77' lang='lat' dir='ltr'><strong>festivo</strong></span> <span class='ocrx_word' id='word_1_227' title='bbox 1223 3890 1270 3926; x_wconf 88' lang='lat' dir='ltr'><strong>et</strong></span> <span class='ocrx_word' id='word_1_228' title='bbox 1307 3880 1514 3945; x_wconf 72' lang='lat' dir='ltr'><strong>eleganti</strong></span> 
     </span>
     <span class='ocr_line' id='line_1_40' title="bbox 498 3956 1010 4011; baseline -0.012 0"><span class='ocrx_word' id='word_1_229' title='bbox 498 3963 765 4011; x_wconf 83' lang='lat' dir='ltr'><strong>orationem</strong></span> <span class='ocrx_word' id='word_1_230' title='bbox 787 3956 1010 4005; x_wconf 77' lang='lat' dir='ltr'><strong>illustrat.</strong></span> 
     </span>
    </p>

    <p class='ocr_par' dir='ltr' id='par_1_8' title="bbox 570 4036 1129 4103">
     <span class='ocr_line' id='line_1_41' title="bbox 570 4036 1129 4103; baseline -0.011 -14"><span class='ocrx_word' id='word_1_231' title='bbox 570 4058 622 4103; x_wconf 81' lang='grc'><strong>9.</strong></span> <span class='ocrx_word' id='word_1_232' title='bbox 657 4038 735 4087; x_wconf 76' lang='lat' dir='ltr'><strong>Al.</strong></span> <span class='ocrx_word' id='word_1_233' title='bbox 763 4036 882 4085; x_wconf 83' lang='lat' dir='ltr'><strong>ulla.</strong></span> <span class='ocrx_word' id='word_1_234' title='bbox 909 4036 960 4084; x_wconf 82' lang='lat' dir='ltr'><strong>J.</strong></span> <span class='ocrx_word' id='word_1_235' title='bbox 983 4036 1045 4084; x_wconf 78' lang='lat' dir='ltr'><strong>V.</strong></span> <span class='ocrx_word' id='word_1_236' title='bbox 1075 4036 1129 4083; x_wconf 82' lang='lat'><strong>1..</strong></span> 
     </span>
    </p>

    <p class='ocr_par' dir='ltr' id='par_1_9' title="bbox 571 4115 1515 4179">
     <span class='ocr_line' id='line_1_42' title="bbox 571 4115 1515 4179; baseline -0.002 -14"><span class='ocrx_word' id='word_1_237' title='bbox 571 4134 646 4167; x_wconf 78' lang='grc' dir='ltr'><strong>ιο.</strong></span> <span class='ocrx_word' id='word_1_238' title='bbox 688 4115 844 4165; x_wconf 77' lang='lat' dir='ltr'><strong>Nimis</strong></span> <span class='ocrx_word' id='word_1_239' title='bbox 870 4128 1055 4178; x_wconf 72' lang='lat' dir='ltr'><strong><em>magua</em></strong></span> <span class='ocrx_word' id='word_1_240' title='bbox 1073 4130 1240 4179; x_wconf 79' lang='lat' dir='ltr'><strong>poena.</strong></span> <span class='ocrx_word' id='word_1_241' title='bbox 1277 4116 1515 4177; x_wconf 73' lang='lat' dir='ltr'><strong>Quando-</strong></span> 
     </span>
    </p>
   </div>
   <div class='ocr_carea' id='block_1_5' title="bbox 1598 2225 2641 4188">
    <p class='ocr_par' dir='ltr' id='par_1_10' title="bbox 1610 2225 2641 2907">
     <span class='ocr_line' id='line_1_43' title="bbox 1614 2225 2637 2292; baseline 0.002 -18"><span class='ocrx_word' id='word_1_242' title='bbox 1614 2225 1813 2292; x_wconf 80' lang='lat' dir='ltr'>quidem</span> <span class='ocrx_word' id='word_1_243' title='bbox 1849 2243 1924 2276; x_wconf 84' lang='lat' dir='ltr'><strong>res</strong></span> <span class='ocrx_word' id='word_1_244' title='bbox 1952 2244 1979 2276; x_wconf 78' lang='lat' dir='ltr'><strong>s</strong></span> <span class='ocrx_word' id='word_1_245' title='bbox 2006 2244 2083 2276; x_wconf 79' lang='lat' dir='ltr'><strong>me</strong></span> <span class='ocrx_word' id='word_1_246' title='bbox 2119 2237 2272 2292; x_wconf 69' lang='lat' dir='ltr'><strong>gestas</strong></span> <span class='ocrx_word' id='word_1_247' title='bbox 2296 2225 2496 2289; x_wconf 68' lang='lat' dir='ltr'><strong>laudas,</strong></span> <span class='ocrx_word' id='word_1_248' title='bbox 2536 2243 2637 2276; x_wconf 82' lang='lat' dir='ltr'><strong>uon</strong></span> 
     </span>
     <span class='ocr_line' id='line_1_44' title="bbox 1616 2304 2641 2372; baseline 0.004 -20"><span class='ocrx_word' id='word_1_249' title='bbox 1616 2304 1828 2354; x_wconf 85' lang='lat' dir='ltr'><strong>debuisti</strong></span> <span class='ocrx_word' id='word_1_250' title='bbox 1849 2307 2023 2355; x_wconf 80' lang='lat' dir='ltr'><strong>consul</strong></span> <span class='ocrx_word' id='word_1_251' title='bbox 2041 2308 2345 2372; x_wconf 78' lang='lat' dir='ltr'><strong>permittere,</strong></span> <span class='ocrx_word' id='word_1_252' title='bbox 2364 2317 2421 2355; x_wconf 85' lang='lat' dir='ltr'><strong>ut</strong></span> <span class='ocrx_word' id='word_1_253' title='bbox 2437 2317 2641 2372; x_wconf 83' lang='lat' dir='ltr'>propter</span> 
     </span>
     <span class='ocr_line' id='line_1_45' title="bbox 1614 2386 2639 2446; baseline 0.004 -15"><span class='ocrx_word' id='word_1_254' title='bbox 1614 2398 1781 2432; x_wconf 80' lang='lat' dir='ltr'><strong>versus</strong></span> <span class='ocrx_word' id='word_1_255' title='bbox 1806 2386 2005 2446; x_wconf 75' lang='lat' dir='ltr'>ejiceret</span> <span class='ocrx_word' id='word_1_256' title='bbox 2026 2400 2054 2432; x_wconf 88' lang='lat' dir='ltr'><strong>e</strong></span> <span class='ocrx_word' id='word_1_257' title='bbox 2074 2386 2302 2435; x_wconf 71' lang='lat' dir='ltr'><strong>civitate:</strong></span> <span class='ocrx_word' id='word_1_258' title='bbox 2330 2386 2407 2433; x_wconf 78' lang='lat' dir='ltr'><strong>vel</strong></span> <span class='ocrx_word' id='word_1_259' title='bbox 2434 2386 2561 2433; x_wconf 80' lang='lat' dir='ltr'><strong>enim</strong></span> <span class='ocrx_word' id='word_1_260' title='bbox 2582 2388 2639 2435; x_wconf 80' lang='lat' dir='ltr'><strong>iu</strong></span> 
     </span>
     <span class='ocr_line' id='line_1_46' title="bbox 1616 2464 2637 2529; baseline 0.002 -18"><span class='ocrx_word' id='word_1_261' title='bbox 1616 2466 1736 2511; x_wconf 75' lang='lat' dir='ltr'><strong>meis</strong></span> <span class='ocrx_word' id='word_1_262' title='bbox 1755 2464 1975 2513; x_wconf 79' lang='lat' dir='ltr'><strong>versibus</strong></span> <span class='ocrx_word' id='word_1_263' title='bbox 1996 2464 2085 2513; x_wconf 82' lang='lat' dir='ltr'><strong>tibi</strong></span> <span class='ocrx_word' id='word_1_264' title='bbox 2098 2464 2296 2513; x_wconf 66' lang='lat' dir='ltr'><strong>libertas</strong></span> <span class='ocrx_word' id='word_1_265' title='bbox 2307 2465 2357 2513; x_wconf 80' lang='lat' dir='ltr'><strong>iu</strong></span> <span class='ocrx_word' id='word_1_266' title='bbox 2372 2465 2637 2529; x_wconf 80' lang='lat' dir='ltr'><strong>loquendo,</strong></span> 
     </span>
     <span class='ocr_line' id='line_1_47' title="bbox 1614 2542 2637 2609; baseline 0.003 -20"><span class='ocrx_word' id='word_1_267' title='bbox 1614 2543 1691 2589; x_wconf 80' lang='lat' dir='ltr'><strong>vel</strong></span> <span class='ocrx_word' id='word_1_268' title='bbox 1712 2542 2068 2607; x_wconf 74' lang='lat' dir='ltr'><strong>ineoneiunitas</strong></span> <span class='ocrx_word' id='word_1_269' title='bbox 2091 2543 2409 2609; x_wconf 75' lang='lat' dir='ltr'><strong>displicebat:</strong></span> <span class='ocrx_word' id='word_1_270' title='bbox 2440 2555 2490 2592; x_wconf 82' lang='lat' dir='ltr'><strong>at</strong></span> <span class='ocrx_word' id='word_1_271' title='bbox 2511 2560 2637 2592; x_wconf 83' lang='lat' dir='ltr'><strong>neu-</strong></span> 
     </span>
     <span class='ocr_line' id='line_1_48' title="bbox 1614 2622 2636 2684; baseline 0.003 -16"><span class='ocrx_word' id='word_1_272' title='bbox 1614 2632 1742 2669; x_wconf 82' lang='lat' dir='ltr'>trum</span> <span class='ocrx_word' id='word_1_273' title='bbox 1783 2638 1924 2670; x_wconf 77' lang='lat' dir='ltr'><strong>causa</strong></span> <span class='ocrx_word' id='word_1_274' title='bbox 1965 2622 2058 2671; x_wconf 80' lang='lat' dir='ltr'><strong>suit</strong></span> <span class='ocrx_word' id='word_1_275' title='bbox 2096 2624 2227 2684; x_wconf 71' lang='lat' dir='ltr'><strong>justa</strong></span> <span class='ocrx_word' id='word_1_276' title='bbox 2243 2657 2258 2682; x_wconf 89' lang='lat'><strong>,</strong></span> <span class='ocrx_word' id='word_1_277' title='bbox 2294 2640 2384 2671; x_wconf 82' lang='lat' dir='ltr'>eur</span> <span class='ocrx_word' id='word_1_278' title='bbox 2413 2624 2636 2672; x_wconf 77' lang='lat' dir='ltr'><strong>exsilium</strong></span> 
     </span>
     <span class='ocr_line' id='line_1_49' title="bbox 1610 2700 2637 2765; baseline 0.004 -18"><span class='ocrx_word' id='word_1_279' title='bbox 1610 2700 1733 2747; x_wconf 73' lang='lat' dir='ltr'><strong>mihi</strong></span> <span class='ocrx_word' id='word_1_280' title='bbox 1784 2704 1965 2749; x_wconf 81' lang='lat' dir='ltr'><strong>sineres</strong></span> <span class='ocrx_word' id='word_1_281' title='bbox 2002 2702 2207 2765; x_wconf 76' lang='lat' dir='ltr'><strong>irrogari</strong></span> <span class='ocrx_word' id='word_1_282' title='bbox 2244 2715 2259 2748; x_wconf 72' lang='grc' dir='ltr'><strong><em>ε</em></strong></span> <span class='ocrx_word' id='word_1_283' title='bbox 2306 2720 2455 2765; x_wconf 68' lang='lat' dir='ltr'><strong>queue</strong></span> <span class='ocrx_word' id='word_1_284' title='bbox 2492 2704 2637 2751; x_wconf 72' lang='lat' dir='ltr'><strong>uinis</strong></span> 
     </span>
     <span class='ocr_line' id='line_1_50' title="bbox 1612 2780 2637 2847; baseline 0.005 -22"><span class='ocrx_word' id='word_1_285' title='bbox 1612 2794 1785 2843; x_wconf 75' lang='lat' dir='ltr'><strong>magun</strong></span> <span class='ocrx_word' id='word_1_286' title='bbox 1803 2796 1947 2844; x_wconf 82' lang='lat' dir='ltr'><strong>poena</strong></span> <span class='ocrx_word' id='word_1_287' title='bbox 1964 2792 2013 2829; x_wconf 87' lang='lat' dir='ltr'><strong>te</strong></span> <span class='ocrx_word' id='word_1_288' title='bbox 2026 2780 2227 2829; x_wconf 80' lang='lat' dir='ltr'><strong>eonsule</strong></span> <span class='ocrx_word' id='word_1_289' title='bbox 2238 2782 2291 2828; x_wconf 86' lang='lat' dir='ltr'><strong>iu</strong></span> <span class='ocrx_word' id='word_1_290' title='bbox 2308 2798 2467 2830; x_wconf 82' lang='lat' dir='ltr'><strong>meum</strong></span> <span class='ocrx_word' id='word_1_291' title='bbox 2486 2793 2637 2847; x_wconf 69' lang='lat' dir='ltr'>eaput</span> 
     </span>
     <span class='ocr_line' id='line_1_51' title="bbox 1611 2860 1987 2907; baseline 0.008 -3"><span class='ocrx_word' id='word_1_292' title='bbox 1611 2867 1684 2905; x_wconf 83' lang='lat' dir='ltr'><strong>est</strong></span> <span class='ocrx_word' id='word_1_293' title='bbox 1704 2860 1987 2907; x_wconf 76' lang='lat' dir='ltr'><strong>constituta.</strong></span> 
     </span>
    </p>

    <p class='ocr_par' dir='ltr' id='par_1_11' title="bbox 1688 2937 2595 2988">
     <span class='ocr_line' id='line_1_52' title="bbox 1688 2937 2595 2988; baseline 0.004 -5"><span class='ocrx_word' id='word_1_294' title='bbox 1688 2950 1708 2983; x_wconf 76' lang='grc' dir='ltr'><strong>ι</strong></span> <span class='ocrx_word' id='word_1_295' title='bbox 1728 2952 1770 2986; x_wconf 76' lang='lat' dir='ltr'><strong>t.</strong></span> <span class='ocrx_word' id='word_1_296' title='bbox 1794 2937 1873 2985; x_wconf 75' lang='lat' dir='ltr'><strong>Al.</strong></span> <span class='ocrx_word' id='word_1_297' title='bbox 1896 2940 1999 2986; x_wconf 79' lang='lat' dir='ltr'><strong>Ser.</strong></span> <span class='ocrx_word' id='word_1_298' title='bbox 2014 2938 2142 2986; x_wconf 79' lang='lat' dir='ltr'><strong>enim</strong></span> <span class='ocrx_word' id='word_1_299' title='bbox 2160 2954 2352 2987; x_wconf 79' lang='lat' dir='ltr'><strong>versus.</strong></span> <span class='ocrx_word' id='word_1_300' title='bbox 2372 2941 2423 2988; x_wconf 81' lang='lat' dir='ltr'><strong>J.</strong></span> <span class='ocrx_word' id='word_1_301' title='bbox 2440 2942 2508 2987; x_wconf 74' lang='lat' dir='ltr'><strong>V.</strong></span> <span class='ocrx_word' id='word_1_302' title='bbox 2534 2940 2595 2987; x_wconf 86' lang='lat'><strong>1..</strong></span> 
     </span>
    </p>

    <p class='ocr_par' dir='ltr' id='par_1_12' title="bbox 1606 3018 2635 3396">
     <span class='ocr_line' id='line_1_53' title="bbox 1687 3018 2635 3085; baseline 0.005 -24"><span class='ocrx_word' id='word_1_303' title='bbox 1687 3030 1767 3065; x_wconf 73' lang='grc' dir='ltr'><strong>η.</strong></span> <span class='ocrx_word' id='word_1_304' title='bbox 1796 3018 1917 3063; x_wconf 83' lang='lat' dir='ltr'><strong>Hoee</strong></span> <span class='ocrx_word' id='word_1_305' title='bbox 1937 3034 2013 3065; x_wconf 78' lang='lat' dir='ltr'><strong>res</strong></span> <span class='ocrx_word' id='word_1_306' title='bbox 2034 3018 2339 3085; x_wconf 73' lang='lat' dir='ltr'><strong>eibifhoetus.</strong></span> <span class='ocrx_word' id='word_1_307' title='bbox 2359 3052 2376 3066; x_wconf 88' lang='lat'><strong>.</strong></span> <span class='ocrx_word' id='word_1_308' title='bbox 2396 3055 2411 3067; x_wconf 92' lang='lat'><strong>.</strong></span> <span class='ocrx_word' id='word_1_309' title='bbox 2434 3018 2635 3066; x_wconf 72' lang='lat' dir='ltr'><strong>excita·</strong></span> 
     </span>
     <span class='ocr_line' id='line_1_54' title="bbox 1610 3093 2633 3155; baseline 0.004 -14"><span class='ocrx_word' id='word_1_310' title='bbox 1610 3093 1689 3141; x_wconf 74' lang='lat' dir='ltr'><strong>vit.</strong></span> <span class='ocrx_word' id='word_1_311' title='bbox 1734 3097 1853 3143; x_wconf 65' lang='lat' dir='ltr'><strong>Hac</strong></span> <span class='ocrx_word' id='word_1_312' title='bbox 1894 3096 2128 3155; x_wconf 70' lang='lat' dir='ltr'><strong>jactantia</strong></span> <span class='ocrx_word' id='word_1_313' title='bbox 2175 3097 2265 3144; x_wconf 87' lang='lat' dir='ltr'><strong>tibi</strong></span> <span class='ocrx_word' id='word_1_314' title='bbox 2311 3098 2633 3145; x_wconf 77' lang='lat' dir='ltr'><strong>offensionem</strong></span> 
     </span>
     <span class='ocr_line' id='line_1_55' title="bbox 1609 3173 2633 3236; baseline 0.006 -18"><span class='ocrx_word' id='word_1_315' title='bbox 1609 3173 1829 3236; x_wconf 80' lang='lat' dir='ltr'><strong>Pompeii</strong></span> <span class='ocrx_word' id='word_1_316' title='bbox 1851 3176 2143 3233; x_wconf 72' lang='lat' dir='ltr'><strong>concitavit,</strong></span> <span class='ocrx_word' id='word_1_317' title='bbox 2168 3184 2217 3223; x_wconf 86' lang='lat' dir='ltr'><strong>et</strong></span> <span class='ocrx_word' id='word_1_318' title='bbox 2240 3174 2351 3223; x_wconf 80' lang='lat' dir='ltr'><strong>iilos</strong></span> <span class='ocrx_word' id='word_1_319' title='bbox 2378 3175 2533 3223; x_wconf 73' lang='lat' dir='ltr'><strong>civilis</strong></span> <span class='ocrx_word' id='word_1_320' title='bbox 2556 3178 2633 3224; x_wconf 83' lang='lat' dir='ltr'><strong>iu·</strong></span> 
     </span>
     <span class='ocr_line' id='line_1_56' title="bbox 1606 3249 2635 3318; baseline 0.008 -21"><span class='ocrx_word' id='word_1_321' title='bbox 1606 3249 1751 3299; x_wconf 77' lang='lat' dir='ltr'><strong>vidiae</strong></span> <span class='ocrx_word' id='word_1_322' title='bbox 1768 3252 1945 3302; x_wconf 83' lang='lat' dir='ltr'>fluctus</span> <span class='ocrx_word' id='word_1_323' title='bbox 1961 3290 1976 3311; x_wconf 90' lang='lat'><strong>,</strong></span> <span class='ocrx_word' id='word_1_324' title='bbox 2002 3254 2089 3318; x_wconf 86' lang='lat' dir='ltr'><strong>qui</strong></span> <span class='ocrx_word' id='word_1_325' title='bbox 2116 3256 2168 3301; x_wconf 85' lang='lat' dir='ltr'><strong>in</strong></span> <span class='ocrx_word' id='word_1_326' title='bbox 2196 3266 2242 3303; x_wconf 92' lang='lat' dir='ltr'><strong>te</strong></span> <span class='ocrx_word' id='word_1_327' title='bbox 2268 3256 2603 3305; x_wconf 76' lang='lat' dir='ltr'>redundarunt</span> <span class='ocrx_word' id='word_1_328' title='bbox 2620 3292 2635 3315; x_wconf 90' lang='lat'><strong>,</strong></span> 
     </span>
     <span class='ocr_line' id='line_1_57' title="bbox 1606 3326 2315 3396; baseline 0.01 -21"><span class='ocrx_word' id='word_1_329' title='bbox 1606 3326 1725 3376; x_wconf 81' lang='lat' dir='ltr'><strong>dum</strong></span> <span class='ocrx_word' id='word_1_330' title='bbox 1744 3331 1908 3380; x_wconf 82' lang='lat' dir='ltr'><strong>Clodii</strong></span> <span class='ocrx_word' id='word_1_331' title='bbox 1926 3332 2031 3396; x_wconf 73' lang='lat' dir='ltr'><strong>lege</strong></span> <span class='ocrx_word' id='word_1_332' title='bbox 2048 3334 2232 3393; x_wconf 81' lang='lat' dir='ltr'><strong>ejectus</strong></span> <span class='ocrx_word' id='word_1_333' title='bbox 2248 3350 2315 3383; x_wconf 90' lang='lat' dir='ltr'><strong>es.</strong></span> 
     </span>
    </p>

    <p class='ocr_par' dir='ltr' id='par_1_13' title="bbox 1602 3408 2633 3628">
     <span class='ocr_line' id='line_1_58' title="bbox 1682 3408 2623 3471; baseline 0.01 -17"><span class='ocrx_word' id='word_1_334' title='bbox 1682 3410 1760 3456; x_wconf 71' lang='lat'><strong>13.</strong></span> <span class='ocrx_word' id='word_1_335' title='bbox 1804 3408 2002 3459; x_wconf 74' lang='lat' dir='ltr'><strong>Schiiiz.</strong></span> <span class='ocrx_word' id='word_1_336' title='bbox 2044 3412 2190 3459; x_wconf 74' lang='lat' dir='ltr'>verba</span> <span class='ocrx_word' id='word_1_337' title='bbox 2230 3410 2335 3460; x_wconf 71' lang='lat' dir='ltr'><strong>haec</strong></span> <span class='ocrx_word' id='word_1_338' title='bbox 2351 3447 2365 3471; x_wconf 91' lang='lat'><strong>,</strong></span> <span class='ocrx_word' id='word_1_339' title='bbox 2402 3414 2511 3461; x_wconf 78' lang='lat' dir='ltr'><strong>sed.</strong></span> <span class='ocrx_word' id='word_1_340' title='bbox 2536 3446 2548 3459; x_wconf 92' lang='lat'><strong>.</strong></span> <span class='ocrx_word' id='word_1_341' title='bbox 2571 3450 2585 3463; x_wconf 97' lang='lat'><strong>.</strong></span> <span class='ocrx_word' id='word_1_342' title='bbox 2609 3449 2623 3462; x_wconf 89' lang='lat'><strong>.</strong></span> 
     </span>
     <span class='ocr_line' id='line_1_59' title="bbox 1602 3485 2633 3555; baseline 0.01 -23"><span class='ocrx_word' id='word_1_343' title='bbox 1602 3485 1876 3536; x_wconf 70' lang='lat' dir='ltr'><strong>vindieat-ie</strong></span> <span class='ocrx_word' id='word_1_344' title='bbox 1894 3525 1910 3549; x_wconf 88' lang='lat'><strong>,</strong></span> <span class='ocrx_word' id='word_1_345' title='bbox 1947 3492 2225 3555; x_wconf 82' lang='lat' dir='ltr'><strong>interpretis</strong></span> <span class='ocrx_word' id='word_1_346' title='bbox 2251 3492 2501 3554; x_wconf 76' lang='lat' dir='ltr'><strong>eujusdam</strong></span> <span class='ocrx_word' id='word_1_347' title='bbox 2528 3510 2633 3542; x_wconf 84' lang='lat' dir='ltr'><strong>esse</strong></span> 
     </span>
     <span class='ocr_line' id='line_1_60' title="bbox 1602 3569 1989 3628; baseline 0.013 -16"><span class='ocrx_word' id='word_1_348' title='bbox 1602 3576 1755 3628; x_wconf 74' lang='lat' dir='ltr'>putat.</span> <span class='ocrx_word' id='word_1_349' title='bbox 1776 3569 1829 3620; x_wconf 87' lang='lat' dir='ltr'><strong>J.</strong></span> <span class='ocrx_word' id='word_1_350' title='bbox 1844 3570 1907 3617; x_wconf 82' lang='lat' dir='ltr'><strong>V.</strong></span> <span class='ocrx_word' id='word_1_351' title='bbox 1936 3572 1989 3617; x_wconf 87' lang='lat' dir='ltr'><strong>L.</strong></span> 
     </span>
    </p>

    <p class='ocr_par' dir='ltr' id='par_1_14' title="bbox 1598 3649 2633 4188">
     <span class='ocr_line' id='line_1_61' title="bbox 1680 3649 2632 3714; baseline 0.011 -23"><span class='ocrx_word' id='word_1_352' title='bbox 1680 3654 1758 3702; x_wconf 63' lang='grc' dir='ltr'><strong>η.</strong></span> <span class='ocrx_word' id='word_1_353' title='bbox 1808 3649 1958 3711; x_wconf 79' lang='lat' dir='ltr'><strong>Quod</strong></span> <span class='ocrx_word' id='word_1_354' title='bbox 1994 3649 2283 3700; x_wconf 77' lang='lat' dir='ltr'><strong>vindieat-it.</strong></span> <span class='ocrx_word' id='word_1_355' title='bbox 2324 3652 2473 3714; x_wconf 86' lang='lat' dir='ltr'><strong>Quod</strong></span> <span class='ocrx_word' id='word_1_356' title='bbox 2510 3668 2632 3701; x_wconf 76' lang='lat' dir='ltr'><strong>cou-</strong></span> 
     </span>
     <span class='ocr_line' id='line_1_62' title="bbox 1598 3726 2631 3785; baseline 0.01 -15"><span class='ocrx_word' id='word_1_357' title='bbox 1598 3726 1784 3785; x_wconf 72' lang='lat' dir='ltr'><strong>iuratos</strong></span> <span class='ocrx_word' id='word_1_358' title='bbox 1828 3729 1963 3777; x_wconf 87' lang='lat' dir='ltr'><strong>ultus</strong></span> <span class='ocrx_word' id='word_1_359' title='bbox 2009 3742 2099 3779; x_wconf 83' lang='lat' dir='ltr'><strong>est.</strong></span> <span class='ocrx_word' id='word_1_360' title='bbox 2142 3734 2253 3779; x_wconf 79' lang='lat' dir='ltr'><strong>Hoc</strong></span> <span class='ocrx_word' id='word_1_361' title='bbox 2298 3732 2451 3780; x_wconf 80' lang='lat' dir='ltr'><strong>verbo</strong></span> <span class='ocrx_word' id='word_1_362' title='bbox 2488 3748 2631 3780; x_wconf 78' lang='lat' dir='ltr'><strong>usum</strong></span> 
     </span>
     <span class='ocr_line' id='line_1_63' title="bbox 1604 3806 2633 3873; baseline 0.009 -24"><span class='ocrx_word' id='word_1_363' title='bbox 1604 3818 1706 3851; x_wconf 84' lang='lat' dir='ltr'><strong>esse</strong></span> <span class='ocrx_word' id='word_1_364' title='bbox 1728 3806 1958 3856; x_wconf 86' lang='lat' dir='ltr'><strong>Clodium</strong></span> <span class='ocrx_word' id='word_1_365' title='bbox 1996 3810 2049 3856; x_wconf 86' lang='lat' dir='ltr'><strong>in</strong></span> <span class='ocrx_word' id='word_1_366' title='bbox 2076 3809 2181 3873; x_wconf 79' lang='lat' dir='ltr'><strong>lege</strong></span> <span class='ocrx_word' id='word_1_367' title='bbox 2200 3844 2216 3869; x_wconf 89' lang='lat'><strong>,</strong></span> <span class='ocrx_word' id='word_1_368' title='bbox 2244 3825 2348 3858; x_wconf 81' lang='lat' dir='ltr'><strong>uon</strong></span> <span class='ocrx_word' id='word_1_369' title='bbox 2376 3810 2433 3857; x_wconf 78' lang='lat' dir='ltr'><strong>fit</strong></span> <span class='ocrx_word' id='word_1_370' title='bbox 2462 3811 2633 3858; x_wconf 80' lang='lat' dir='ltr'><strong>verisi-</strong></span> 
     </span>
     <span class='ocr_line' id='line_1_64' title="bbox 1604 3885 2629 3955; baseline 0.008 -24"><span class='ocrx_word' id='word_1_371' title='bbox 1604 3885 1742 3944; x_wconf 88' lang='lat' dir='ltr'><strong>mile,</strong></span> <span class='ocrx_word' id='word_1_372' title='bbox 1770 3888 1855 3935; x_wconf 87' lang='lat' dir='ltr'><strong>sed</strong></span> <span class='ocrx_word' id='word_1_373' title='bbox 1884 3906 1991 3937; x_wconf 85' lang='lat' dir='ltr'><strong>eum</strong></span> <span class='ocrx_word' id='word_1_374' title='bbox 2016 3892 2185 3955; x_wconf 83' lang='lat' dir='ltr'><strong>potius</strong></span> <span class='ocrx_word' id='word_1_375' title='bbox 2205 3890 2413 3951; x_wconf 79' lang='lat' dir='ltr'><strong>dixisse,</strong></span> <span class='ocrx_word' id='word_1_376' title='bbox 2441 3892 2629 3953; x_wconf 73' lang='lat' dir='ltr'><strong>«Quod</strong></span> 
     </span>
     <span class='ocr_line' id='line_1_65' title="bbox 1602 3963 2631 4017; baseline 0.008 -9"><span class='ocrx_word' id='word_1_377' title='bbox 1602 3963 1731 4011; x_wconf 82' lang='lat' dir='ltr'><strong>cives</strong></span> <span class='ocrx_word' id='word_1_378' title='bbox 1747 3982 1870 4016; x_wconf 83' lang='lat' dir='ltr'><strong>rom.</strong></span> <span class='ocrx_word' id='word_1_379' title='bbox 1882 3968 2062 4016; x_wconf 69' lang='lat' dir='ltr'><strong>indicta</strong></span> <span class='ocrx_word' id='word_1_380' title='bbox 2076 3984 2219 4016; x_wconf 69' lang='lat' dir='ltr'><strong>caiisa</strong></span> <span class='ocrx_word' id='word_1_381' title='bbox 2236 3967 2577 4017; x_wconf 69' lang='lat' dir='ltr'><strong>condemnavit</strong></span> <span class='ocrx_word' id='word_1_382' title='bbox 2588 3992 2631 4011; x_wconf 71' lang='grc' dir='ltr'><strong>ι·</strong></span> 
     </span>
     <span class='ocr_line' id='line_1_66' title="bbox 1600 4042 2631 4097; baseline 0.008 -8"><span class='ocrx_word' id='word_1_383' title='bbox 1600 4042 1775 4092; x_wconf 85' lang='lat' dir='ltr'><strong>Cicero</strong></span> <span class='ocrx_word' id='word_1_384' title='bbox 1794 4046 1859 4094; x_wconf 72' lang='lat' dir='ltr'><strong>ad</strong></span> <span class='ocrx_word' id='word_1_385' title='bbox 1880 4062 2014 4095; x_wconf 80' lang='lat' dir='ltr'><strong>suam</strong></span> <span class='ocrx_word' id='word_1_386' title='bbox 2040 4046 2233 4095; x_wconf 74' lang='lat' dir='ltr'>laudem</span> <span class='ocrx_word' id='word_1_387' title='bbox 2260 4047 2412 4096; x_wconf 82' lang='lat' dir='ltr'><strong>verbo</strong></span> <span class='ocrx_word' id='word_1_388' title='bbox 2433 4048 2631 4097; x_wconf 80' lang='lat' dir='ltr'><strong>mitiore</strong></span> 
     </span>
     <span class='ocr_line' id='line_1_67' title="bbox 1602 4126 2521 4188; baseline 0.011 -22"><span class='ocrx_word' id='word_1_389' title='bbox 1602 4135 1718 4169; x_wconf 69' lang='lat' dir='ltr'><strong>usus</strong></span> <span class='ocrx_word' id='word_1_390' title='bbox 1738 4134 1840 4185; x_wconf 74' lang='lat' dir='ltr'><strong>est3</strong></span> <span class='ocrx_word' id='word_1_391' title='bbox 1870 4126 1953 4188; x_wconf 87' lang='lat' dir='ltr'><strong>qui</strong></span> <span class='ocrx_word' id='word_1_392' title='bbox 1981 4126 2026 4174; x_wconf 84' lang='lat' dir='ltr'><strong>ei</strong></span> <span class='ocrx_word' id='word_1_393' title='bbox 2053 4142 2159 4174; x_wconf 82' lang='lat' dir='ltr'><strong>mos</strong></span> <span class='ocrx_word' id='word_1_394' title='bbox 2182 4138 2254 4176; x_wconf 81' lang='lat' dir='ltr'><strong>est</strong></span> <span class='ocrx_word' id='word_1_395' title='bbox 2273 4126 2521 4177; x_wconf 68' lang='lat' dir='ltr'><strong>solemnis.</strong></span> 
     </span>
    </p>
   </div>
  </div>
 </body>
</html>
