2996 4694
782 364 1424 435 ORATIOPRO
1473 370 1551 435 T.
1598 370 1680 435 A.
1738 368 2176 437 MILONE.
2404 364 2543 437 523

412 484 630 557 chum
647 475 700 572 ⁵,
739 487 868 583 qui
889 484 1176 585 collegae
1203 488 1695 585 magistratum
1724 512 1855 586 per
1879 486 2303 561 seditionem
2334 487 2543 561 abro-

409 600 632 693 gavit3
677 620 992 693 quorum
1041 594 1538 695 interfectores
1580 600 1977 697 implerunt
2015 598 2269 671 orbem
2316 615 2541 672 terra-

411 732 572 778 rum
599 708 916 777 nominis
937 709 1048 778 sui
1073 705 1326 803 gloria;
1355 708 1478 779 sed
1504 730 1673 780 eum
1700 706 2041 803 (auderet
2064 709 2258 779 enim
2284 707 2543 798 dicere,

413 842 640 914 quum
674 821 976 914 patriam
1018 816 1342 915 periculo
1382 842 1517 889 suo
1548 818 2001 914 liberasset),
2046 819 2253 914 cujus
2292 818 2543 892 nefan-

411 925 588 997 dum
615 926 1050 998 adulterium
1067 922 1098 971 ⁶
1128 928 1201 997 in
1230 927 1729 1025 pulvinaribus
1754 930 2217 1001 sanctissimis
2242 928 2541 1001 nobilis-

412 1039 604 1107 simae
644 1035 926 1109 feminae
961 1037 1705 1136 comprehenderunt3
1734 1064 1923 1128 eum,
1948 1040 2153 1135 cujus
2184 1039 2539 1139 supplicio

413 1163 702 1219 senatus
739 1149 1098 1221 solemnes
1137 1149 1521 1247 religiones
1562 1150 1951 1249 expiandas
1998 1174 2185 1247 saepe
2224 1151 2539 1239 censuit3

411 1282 580 1327 eum
603 1311 623 1346 ,
669 1282 891 1355 quem
937 1282 1104 1329 cum
1143 1284 1392 1332 sorore
1437 1284 1769 1357 germana
1812 1259 2167 1333 nefarium
2203 1270 2537 1360 stuprum

411 1366 661 1439 fecisse
697 1376 776 1441 L.
819 1371 1164 1442 Lucullus
1188 1372 1475 1466 juratus
1502 1396 1612 1458 se,
1649 1370 2217 1469 quaestionibus?
2246 1372 2542 1463 habitis,

411 1476 592 1549 dixit
641 1483 1112 1580 comperisse3
1153 1506 1360 1571 eum,
1421 1482 1551 1579 qui
1592 1483 1859 1572 civem,
1898 1480 2171 1581 quem8
2212 1498 2542 1574 senatus»,

411 1614 632 1685 quem
663 1590 1016 1688 populus,
1049 1614 1270 1688 quem
1307 1614 1563 1661 omnes
1600 1606 1851 1688 gentes
1894 1590 2095 1663 urbis
2130 1618 2211 1665 ac
2252 1595 2413 1665 vitae'
2450 1594 2545 1665 ci-

410 1700 604 1769 vium
683 1714 1259 1771 conservatorem
1327 1698 1755 1795 judicabant
1783 1756 1803 1787 ‚
1889 1726 2259 1774 servorum
2329 1705 2545 1775 armis

409 1809 942 1896 exterminavit3
978 1832 1184 1895 eum,
1220 1812 1349 1907 qui
1385 1834 1604 1906 regna
1637 1810 1835 1882 dedit
1852 1824 1909 1897 9,
1948 1812 2254 1901 ademit,
2288 1814 2543 1886 orbem

408 1932 758 1989 terrarum
776 1971 795 2006 ‚
824 1917 1260 2015 quibuscum
1289 1917 1551 2007 voluit,
1580 1922 1883 2017 partitus
1902 1936 2010 1996 est
2035 1934 2127 2005 ¹⁰3
2154 1948 2353 2010 eum,
2381 1926 2543 2022 qui,'

407 2027 734 2126 plurimis
777 2028 1108 2101 caedibus·
1130 2031 1201 2099 in
1231 2024 1412 2101 ‘foro
1448 2028 1651 2101 factis
1673 2041 1755 2113 ¹¹,
1792 2032 2133 2127 singulari
2168 2034 2435 2104 virtute
2472 2048 2547 2105 et

407 2138 631 2235 gloria
660 2140 889 2211 civem
918 2138 1218 2210 domum
1267 2140 1336 2208 vi
1383 2153 1458 2209 et
1489 2141 1706 2209 armis
1751 2138 2139 2236 compulit;
2179 2166 2344 2211 eum
2366 2195 2385 2228 ,
2422 2144 2541 2211 cui

407 2248 592 2319 nihil
623 2273 970 2347 umquam
1011 2246 1212 2321 nefas
1247 2246 1385 2319 fuit
1419 2248 1659 2320 necin
1688 2246 2039 2337 facinore,
2080 2258 2215 2321 n'ec
2252 2254 2331 2320 in
2372 2250 2541 2322 libi-

408 2360 614 2448 dine;
673 2384 883 2448 eum,
937 2360 1067 2458 qui
1120 2358 1346 2430 aedem
1398 2359 1983 2459 Nympharum¹²
2044 2361 2400 2450 incendit,
2458 2378 2541 2434 ut

478 2525 529 2576 5.
561 2527 674 2574 Non
699 2526 802 2574 Tib.
824 2525 1118 2576 Gracchum.
1142 2527 1304 2588 Quem
1326 2526 1430 2574 Sci·

407 2605 494 2670 pio
529 2607 704 2656 Nasica
724 2640 740 2666 ,
775 2606 982 2656 mediam
1021 2623 1108 2670 per
1142 2606 1428 2654 concionem

406 2687 625 2749 irruens,
660 2686 864 2737 oceidit.
921 2689 1104 2736 Orator
1145 2684 1306 2734 verbis
1339 2687 1429 2749 Sp.

406 2763 544 2811 Melii
581 2777 629 2813 et
663 2765 775 2815 Tib.
811 2766 1019 2814 Gracchi
1049 2765 1264 2814 facinora
1303 2774 1428 2812 atte-

408 2854 550 2903 nuet,
583 2861 688 2908 quo
711 2845 962 2894 clariorem
995 2847 1048 2893 in
1079 2844 1236 2892 lucem
1265 2841 1429 2894 Clodii

407 2923 618 2970 facinore
635 2958 650 2982 ‚
677 2935 860 2988 quante
879 2925 1001 2983 sint,
1024 2925 1258 2988 proferet.

476 3003 526 3051 6.
547 3003 832 3068 Nefandum
859 3004 1164 3052 adulterium.
1190 3001 1340 3065 Quod
1365 3017 1429 3048 sn

407 3097 568 3130 revers
599 3083 844 3145 intulerit,
869 3086 1122 3132 incertum.
1162 3082 1322 3131 Caessr
1349 3093 1426 3130 ts·

405 3177 516 3210 men
559 3179 763 3212 uxorem
811 3163 994 3213 dimisit
1007 3199 1021 3222 ,
1068 3163 1181 3228 quis
1223 3161 1424 3210 domum

405 3256 542 3288 susm
583 3241 805 3300 dicebat,
847 3257 952 3290 non
993 3242 1150 3290 solum
1185 3241 1420 3299 crimine,

403 3317 490 3366 sed
513 3319 657 3368 etism
682 3321 962 3385 suspicione
980 3338 1140 3370 carere
1165 3321 1358 3370 debere.

476 3413 524 3458 7.
566 3399 920 3460 Quoeseionibus
946 3400 1136 3449 habitis.
1164 3403 1221 3450 L.
1249 3401 1426 3450 Lucul-

403 3475 477 3523 lus
537 3478 724 3527 clodiae
779 3481 990 3529 minimae
1057 3483 1200 3530 trium
1261 3482 1426 3532 Clodii

401 3571 624 3604 sororum
649 3570 901 3621 nupserat.
945 3562 1110 3623 Quum
1145 3561 1333 3626 aliquid
1361 3562 1424 3611 de

403 3652 456 3684 es
483 3636 830 3700 suspiceretur,
847 3639 1262 3696 ancillam,habits
1291 3658 1422 3705 quae-

401 3717 558 3764 stione
572 3753 587 3779 ,
603 3713 828 3765 confiteri
843 3720 1006 3780 coegit
1016 3753 1031 3776 ,
1045 3719 1174 3782 hane
1189 3736 1290 3768 rem
1309 3737 1422 3769 cum

401 3796 578 3846 Clodio
597 3797 742 3844 fratre
763 3812 852 3844 suo
872 3795 1112 3848 habuisse.

472 3877 523 3925 8.
561 3874 658 3940 ραι·
687 3875 832 3923 civem
852 3909 868 3934 ‚
911 3892 1054 3939 quem
1089 3887 1306 3926 cenaeus.
1341 3877 1422 3926 Ci-

402 3971 628 4004 ceronem
641 3989 656 4013 ‚
701 3954 788 4018 qui
833 3955 1055 4005 Catilina!
1099 3955 1287 4002 furores
1334 3969 1422 4020 op-

403 4043 655 4099 presserat.

474 4121 525 4168 9.
559 4105 729 4169 Regem
754 4103 904 4154 dedit.
929 4103 1261 4153 Pessinuntem
1288 4103 1424 4153 scili-

1519 2536 1595 2574 cet
1614 2563 1629 2588 ,
1669 2526 1829 2576 sedem
1874 2543 1930 2575 sc
1966 2527 2267 2584 domicilium
2301 2497 2547 2594 Cybeles,v

1518 2609 1784 2672 Brogitsro
1810 2607 2115 2672 Gallograeco
2151 2609 2345 2658 cuidam
2386 2610 2546 2676 impu·
2608 2599 2611 2604 ¹
2696 2605 2707 2616 ⁶

1516 2685 1710 2735 rissimo
1731 2687 1919 2736 homini
1946 2687 2199 2745 vendidit,
2226 2703 2435 2753 cumque
2461 2707 2541 2738 re·

1519 2783 1625 2830 gem
1652 2767 1797 2828 jussit
1832 2767 2094 2832 appellari:
2128 2767 2309 2816 ademit
2345 2786 2543 2834 quoque

1518 2847 1783 2896 Ptolemaeo
1817 2847 2024 2895 insulam
2056 2848 2304 2912 Cyprum,
2338 2864 2542 2914 eamque

1518 2941 1629 2974 cnm
1652 2925 2040 2990 possessionibus
2060 2926 2202 2987 jussit
2224 2927 2479 2991 publicari.

1595 3019 1673 3052 io.
1710 3006 1920 3052 Par-tirus
1952 3015 2037 3052 ese.
2084 3005 2343 3069 Imperium
2383 3023 2549 3056 roms-

1519 3098 1634 3130 num
1666 3093 1831 3130 orator
1873 3082 2145 3145 intelligit:
2186 3098 2295 3129 nam
2337 3085 2541 3136 Clodius

1514 3163 1703 3224 Syriam
1744 3161 2049 3226 provinciam
2092 3161 2338 3223 Gabinio,
2377 3165 2544 3215 Mace-

1515 3239 1808 3304 donismque
1873 3240 2039 3288 Pisoni
2101 3239 2333 3290 tribuerat
2351 3277 2367 3302 ‚
2426 3246 2541 3308 quis

1513 3335 1680 3367 eorum
1727 3336 1823 3386 ope
1872 3320 2159 3370 Ciceronem
2193 3338 2220 3370 e
2248 3322 2402 3385 patria
2442 3325 2540 3387 eje-

1514 3409 1659 3448 emt.

1588 3495 1609 3525 1
1626 3494 1669 3528 1.
1702 3481 1763 3525 112
1780 3477 1907 3544 foro
1934 3475 2111 3542 scietis.
2150 3481 2315 3543 Quum
2354 3482 2539 3543 judicis

1513 3556 1828 3616 disturbaret,
1857 3567 2217 3624 quaestoresque
2244 3577 2271 3607 e
2296 3561 2539 3612 subselliis

1512 3637 1646 3686 daret
1665 3638 1957 3702 praecipites.

1588 3733 1670 3766 ω.
1700 3717 1877 3765 AEdem
1903 3717 2253 3782 Nympharum.
2284 3721 2395 3769 Hoc
2419 3733 2540 3770 tem-

1510 3795 1597 3861 plo
1614 3811 1785 3845 census
1802 3796 2031 3860 publicus
2046 3797 2343 3856 servabatur,
2361 3807 2538 3863 quiim-

1510 3891 1605 3939 que
1632 3875 1703 3922 ibi
1730 3875 1970 3924 notissimi
1996 3879 2233 3941 cuiusque
2258 3878 2359 3924 vita
2384 3879 2536 3926 refer·

1510 3966 1667 4014 retur,
1696 3954 1925 4017 Clodius,
1950 3966 2008 4003 ut
2036 3957 2303 4004 facinorum
2326 3957 2535 4007 dilueret

1513 4034 1789 4081 memoriam
1810 4069 1825 4094 ‚
1885 4037 2119 4101 templum
2158 4035 2361 4084 flammis
2396 4037 2533 4087 dedit

1512 4109 1823 4162 abolendum.
1900 4153 1903 4158 .
