2996 4694
815 376 1190 445 ORATIO
1240 374 1456 444 PRO
1506 376 1581 443 P.
1622 376 2035 445 SEXTIO.
2407 378 2505 477 93

361 504 740 569 cursum¹⁰
769 496 1081 594 possint,
1120 510 1193 567 et
1235 518 1494 593 capere
1537 496 1668 565 otii
1706 495 1914 568 illum
1949 510 2247 597 portum
2284 514 2359 573 et
2394 501 2503 575 di-

359 609 670 706 gnitatis.
709 612 913 679 Hanc
947 631 1085 705 ego
1111 606 1298 677 viam
1315 659 1336 694 ,
1361 604 1677 701 judices»,
1718 608 1779 678 si
1816 622 1941 680 aut
1978 632 2305 707 asperam
2322 666 2343 701 ,
2378 628 2507 685 aut

357 716 695 805 arduam,
731 732 857 787 aut
886 716 1174 815 plenam
1211 738 1366 788 esse
1395 714 1891 814 periculorum
1922 732 2051 789 aut
2078 720 2499 795 insidiarum

357 850 616 925 negem
638 882 659 915 ‚
697 830 1050 899 mentiar:
1099 828 1498 925 praesertim
1534 850 1761 924 quum
1810 826 1886 898 id
1932 852 2087 900 non
2129 830 2353 901 modo
2382 833 2499 905 in-

355 937 755 1009 tellexerim
781 960 1092 1036 semper,
1117 934 1256 1007 sed
1285 939 1501 1007 etiam
1532 952 1791 1035 praeter
1814 951 2095 1011 ceteros
2122 943 2491 1015 senserim.

450 1050 734 1119 XLVII.
779 1045 1178 1143 Major-ibus
1229 1046 1579 1145 praesidiis
1635 1062 1709 1119 et
1758 1050 1983 1147 copiis
2026 1066 2497 1149 oppugnatur

351 1156 807 1267 respublica,
865 1180 1086 1255 quam
1157 1154 1595 1246 defenditur,
1653 1172 2037 1257 propterea
2096 1159 2302 1259 quod
2368 1187 2493 1235 au·

351 1268 565 1341 daces
620 1268 955 1341 homines
1011 1280 1086 1338 et
1135 1266 1406 1366 perditi
1445 1282 1633 1339 nutu
1680 1268 2197 1368 impelluntur,
2236 1286 2309 1343 et
2348 1275 2485 1372 ipsi

351 1380 572 1453 etiam
595 1392 858 1479 sponte
883 1402 1012 1451 sua
1035 1392 1290 1451 contra
1317 1376 1839 1477 rempublicam
1863 1380 2283 1471 incitantur3
2312 1381 2493 1454 boni

349 1492 596 1563 nescio
627 1490 1002 1588 quomodo
1034 1489 1388 1561 tardiores
1415 1503 1587 1561 sunt
1605 1500 1658 1580 ¹,
1686 1504 1797 1578 et,
1835 1490 2207 1589 principiis
2240 1516 2485 1565 rerum

345 1602 696 1699 neglectis
715 1653 736 1690 ,
771 1599 864 1671 ad
899 1614 1304 1671 extremum
1350 1600 1507 1697 ipsa
1541 1597 1861 1697 denique
1902 1602 2321 1673 necessitate
2360 1627 2488 1673 ex-

345 1712 702 1782 citantur:
751 1713 850 1781 ita
895 1723 980 1780 ut
1025 1734 1587 1807 nonnumquam
1635 1713 2095 1783 cunctatione
2134 1736 2219 1783 ac
2262 1712 2489 1785 tardi-

344 1834 492 1893 tate
514 1875 534 1906 ,
569 1818 744 1890 dum
785 1819 1013 1891 otium
1049 1818 1307 1890 volunt
1331 1823 1545 1891 etiam
1576 1822 1732 1893 sine
1758 1819 2107 1919 dignitate
2135 1826 2485 1912 retinere,

343 1932 482 2028 ipsi
521 1944 916 2028 utrumque
951 1934 1304 2001 amittant.
1350 1934 1933 2030 Propugnatores
1970 1948 2211 2005 autem
2248 1936 2485 2032 reipu-

341 2040 548 2113 blica:
598 2043 726 2139 qui
776 2065 930 2113 esse
977 2040 1372 2112 voluerunt
1395 2095 1416 2130 ‚
1461 2043 1517 2113 si
1575 2040 1877 2114 leviores
1901 2052 1931 2085 ²
1988 2056 2193 2131 sunt,
2253 2042 2483 2116 desci-

341 2148 646 2240 scunt³;
683 2152 742 2221 si
779 2148 1215 2237 timidiores,
1259 2148 1567 2221 desunt‘*
1602 2176 1617 2219 ε
1660 2167 2090 2250 permanent
2129 2152 2267 2224 illi⁵
2305 2154 2482 2244 soli,

339 2276 561 2360 atque
617 2260 860 2334 omnia
921 2257 1334 2359 reipublicae
1394 2284 1609 2333 causa
1666 2258 2081 2360 perferunt,
2123 2265 2250 2361 qui
2306 2279 2479 2336 sunt

339 2374 554 2462 tales,
602 2372 838 2471 qualis
891 2386 1096 2470 pater
1157 2383 1329 2442 tuus
1351 2367 1409 2460 ⁶,
1465 2375 1561 2443 Μ.
1623 2375 1886 2443 Scaure
1914 2383 1967 2461 ⁷,
2018 2369 2155 2444 fuit
2177 2425 2198 2462 ,
2254 2375 2383 2471 qui
2437 2398 2480 2445 a

415 2623 496 2656 ιο.
525 2609 708 2655 Tam-e
731 2621 937 2660 cunum.
963 2604 1202 2674 Navigare
1229 2613 1362 2654 tuto.
1452 2605 1542 2671 qui
1562 2617 1695 2656 metu
1714 2605 1930 2655 deterriti
1951 2621 1981 2654 a
2002 2607 2318 2658 contentione
2340 2611 2485 2662 abati-

337 2688 464 2751 ραι
497 2687 746 2736 mulatio
783 2701 880 2735 usu
915 2685 983 2735 ita
1021 2685 1134 2735 trita
1169 2695 1270 2746 est,
1307 2697 1366 2735 ut
1453 2697 1595 2746 nonu
1630 2685 1825 2735 tertium
1858 2699 2053 2746 eorum,
2080 2687 2170 2752 qui
2194 2691 2357 2738 omnia
2384 2707 2479 2756 pro

334 2781 478 2832 pane
493 2767 691 2830 propn’a
707 2780 812 2814 erae
829 2764 1068 2814 videatur.
1087 2765 1168 2815 Cf.
1188 2781 1235 2816 c.
1256 2772 1344 2828 47.
1451 2767 1605 2815 salute
1624 2765 1905 2830 reipublice
1918 2776 1969 2815 et
1983 2767 2283 2833 suscipiunt,
2304 2781 2353 2820 et
2368 2787 2479 2836 per-

407 2846 616 2894 XVLH.
649 2857 698 2894 1.
720 2843 870 2893 Boni.
891 2877 906 2892 .
928 2875 942 2890 .
969 2842 1206 2892 tardiores
1223 2855 1358 2894 seme.
1447 2846 1625 2896 serunt.

335 2923 420 2972 Sic
459 2923 812 2972 Demccthenea
853 2933 1024 2971 contra
1065 2923 1364 2987 Aristogito-

335 3018 467 3051 nem.
507 3004 780 3051 Temeraria
817 3017 895 3049 rea
933 3013 1008 3050 eat
1043 3001 1330 3064 improbitas
1341 3035 1360 3060 ,

334 3091 386 3130 et
413 3081 600 3139 audax,
629 3091 680 3130 et
702 3080 946 3139 violenta3
975 3091 1146 3155 contra
1169 3079 1364 3128 bonitas

335 3165 614 3229 tiu-anquina,
627 3173 678 3212 et
687 3162 876 3222 timida,
887 3173 938 3211 et
949 3161 1106 3220 tarda,
1115 3171 1164 3210 et
1177 3161 1364 3210 damnis

333 3243 572 3293 ohnoxia.
603 3243 787 3293 Consen-
809 3241 958 3291 Plinii
981 3258 1059 3307 ep.
1088 3241 1182 3302 IV,
1206 3257 1256 3303 7.

407 3338 459 3371 a.
485 3323 720 3372 Levium.
745 3323 864 3371 Non
879 3321 1146 3371 admodum
1169 3321 1336 3368 fortes.

406 3403 458 3450 3.
481 3401 784 3452 Deseiscant.
801 3402 850 3450 Δ
875 3399 1158 3466 reipublice
1177 3411 1356 3448 causa:

331 3493 602 3546 susceptam
623 3481 954 3530 defensionem
969 3478 1227 3541 abjiciunt.

405 3570 456 3618 4.
477 3561 678 3610 Desunt.
695 3560 886 3609 Volunt
907 3560 1106 3624 quidem
1118 3593 1134 3618 ,
1152 3557 1240 3607 aed
1257 3573 1360 3623 pre

331 3641 510 3691 timore
532 3656 635 3690 non
655 3637 1017 3705 aggrediuntur.

403 3722 456 3770 5.
503 3719 590 3769 1112·
625 3719 733 3768 soli.
781 3719 896 3767 Tria
943 3718 1062 3767 facit
1100 3715 1353 3765 hominum

328 3815 504 3864 genera
519 3799 582 3848 dc
596 3798 848 3864 republica
865 3809 996 3847 recte
1015 3796 1354 3846 sentientium:

327 3895 482 3928 unu-
505 3893 672 3927 eornm
686 3910 702 3939 ,
723 3879 810 3942 qni
831 3893 924 3942 pro
949 3877 1198 3926 communi
1217 3889 1356 3924 com·

329 3958 482 4007 niodo
493 3959 686 4008 labores
701 3967 752 4006 ct
769 3957 984 4021 pericula
999 3955 1230 4016 subeunt,
1243 3957 1354 4020 quia

329 4049 493 4086 umen
519 4039 702 4087 virtute
733 4051 836 4084 non
867 4051 1040 4101 magna
1075 4045 1217 4095 aunt,
1255 4050 1358 4083 non

329 4127 618 4180 penmanent
631 4116 686 4165 in
697 4115 922 4180 inceptu
939 4116 1146 4165 alterum
1163 4129 1330 4162 eornm
1344 4146 1359 4172 ,

1522 2925 1577 2974 6.
1606 2929 1759 2974 Pater·
1775 2936 1900 2974 eum.
1914 2926 1991 2975 M.
2008 2927 2235 2986 Scaurus,
2248 2927 2480 2994 princeps

1449 3013 1673 3065 senatun
1717 3005 1856 3066 enjus
1904 3005 1959 3052 in
2004 3006 2187 3054 tuenda
2228 3007 2477 3071 republica
2572 3001 2585 3008 ’

1450 3084 1773 3132 constantiam
1802 3083 2013 3132 declarat
2038 3086 2181 3132 etiam
2216 3085 2269 3132 in
2300 3099 2355 3134 ea
2382 3102 2477 3151 pro

1450 3163 1509 3212 G.
1529 3161 1733 3210 Rabirio
1748 3161 1826 3210 hia
1842 3157 2031 3211 verbis:
2048 3183 2073 3204 οι
2089 3165 2253 3226 Quum
2265 3175 2479 3214 armatus

1448 3243 1524 3289 M.
1578 3241 1830 3302 AEmiliua,
1880 3241 2109 3307 princeps
2152 3245 2348 3290 amatus
2363 3278 2378 3302 ,
2422 3245 2475 3293 in

1447 3319 1649 3369 comitio
1657 3320 1959 3388 pcnadtiaset
1978 3334 1991 3369 ε
2010 3322 2099 3384 qui
2116 3336 2268 3384 quum
2284 3322 2477 3387 ingredi

1443 3401 1535 3448 vix
1556 3411 1748 3465 posset,
1774 3415 1879 3448 non
1910 3399 1975 3448 ad
2004 3401 2356 3465 insequendum
2382 3405 2481 3453 sibi

1444 3478 1719 3528 tarditatem
1744 3479 1925 3544 pedum
1941 3515 1956 3539 ,
1990 3479 2077 3528 sed
2102 3479 2169 3529 ad
2190 3480 2475 3546 fugiendum

1445 3557 1795 3623 inpedimento
1816 3559 1923 3608 sore
1944 3559 2150 3625 putabat
2166 3579 2211 3608 n.
2237 3563 2475 3613 Eundem

1445 3637 1498 3686 in
1532 3653 1589 3685 ea
1617 3653 1713 3701 pro
1745 3641 1957 3696 Scauro,
1998 3655 2109 3703 qno
2141 3639 2329 3706 integra
2366 3659 2473 3693 non

1441 3727 1627 3780 exstat,
1647 3718 1901 3766 custodem
1920 3717 2204 3782 reipublice
2220 3733 2382 3772 vocat.

1516 3813 1566 3857 ⁶7.
1602 3799 1675 3846 M.
1714 3799 1910 3845 Senum.
1958 3799 2179 3863 Apparet
2212 3815 2276 3846 ex
2308 3799 2389 3848 hia
2424 3815 2475 3852 et

1443 3875 1569 3924 infra
1582 3909 1599 3936 ,
1625 3891 1730 3924 non
1754 3876 1907 3924 modo
1928 3875 2057 3924 inter
2078 3875 2271 3937 indices
2294 3879 2476 3930 sedisse

1445 3953 1683 4003 Scaunun
1700 3989 1716 4014 ,
1747 3971 1919 4004 verum
1950 3955 2235 4019 questionis
2258 3957 2473 4017 jndicem

1444 4034 1753 4099 potissimum
1788 4035 1963 4093 fuisae3
2006 4049 2163 4099 neque
2204 4035 2332 4084 enim
2375 4039 2474 4088 hoc

1445 4127 1581 4162 anno
1596 4124 1859 4178 pratu-am
1876 4115 2147 4164 exercuisse
2170 4114 2475 4182 maida-in,
