2996 4694
531 401 670 492 406
1167 405 1264 471 Μ.
1317 404 1395 471 Τ.
1451 401 2019 473 CICERONIS

523 539 806 624 portam
829 524 1272 622 Esquilinam
1293 523 1613 620 abjecisti
1636 550 1657 614 3
1696 522 2065 610 indicasti,
2096 545 2246 593 non
2274 521 2491 594 modo
2514 549 2663 594 am-

525 634 894 734 piissimae,
949 633 1078 706 sed
1131 636 1346 705 etiam
1393 635 1703 705 minimae
1754 633 1948 704 laudi
1990 632 2306 704 lauream
2360 657 2660 706 conces-

521 745 714 816 sisse.
757 749 992 841 Atque
1021 747 1152 815 ista
1174 746 1456 816 ratione
1488 743 1631 815 hoc
1663 759 1901 814 tamen
1932 742 2263 839 intelligi,
2288 743 2661 826 scelerate,

523 855 663 943 vis,
697 857 1120 954 Pompeium
1149 856 1522 927 inimicum
1556 855 1735 926 mihi
1762 857 1901 925 isto
1924 877 2137 924 versu
2161 877 2313 925 esse
2342 851 2607 926 factum
2638 883 2655 924 ε

523 979 644 1053 ut,
697 968 756 1036 si
791 989 1039 1038 versus
1083 967 1264 1039 mihi
1299 967 1670 1053 nocuerit,
1706 963 1799 1036 ab
1850 988 1978 1050 eo,
2029 987 2251 1061 quem
2302 964 2361 1034 is
2410 989 2660 1036 versus

519 1073 943 1164 offenderit,
970 1075 1298 1149 videatur
1327 1075 1507 1148 mihi
1530 1076 1883 1175 pernicies
1910 1097 2065 1144 esse
2088 1073 2404 1170 quaesita.
2434 1076 2659 1145 Omit-

519 1196 598 1257 to
615 1242 634 1274 ,
661 1185 838 1258 nihil
863 1188 1082 1259 istum
1108 1211 1390 1260 versum
1422 1186 1855 1285 pertinuisse
1878 1183 1967 1255 ad
1994 1183 2230 1270 illum3
2260 1171 2411 1254 non
2441 1182 2658 1255 fuisse

519 1321 801 1385 meum,
847 1323 1106 1396 quem,
1149 1313 1507 1398 quantum
1543 1299 1976 1397 potuissem,
2006 1295 2255 1365 multis
2284 1319 2469 1393 saepe
2502 1321 2657 1366 ora-

519 1407 842 1479 tionibus
911 1407 1340 1506 scriptisque
1396 1407 1842 1480 decorassem
1864 1463 1883 1495 ,
1934 1404 2133 1476 hunc
2188 1431 2337 1476 uno
2388 1406 2657 1480 violare

518 1540 757 1588 versu.
815 1515 954 1588 Sed
1001 1519 1091 1590 sit
1149 1515 1492 1590 offensus.
1560 1520 1803 1590 Primo
1852 1541 2100 1588 nonne
2156 1515 2658 1614 compensabit

519 1649 686 1696 cum
717 1650 869 1697 uno
895 1629 1252 1700 versiculo
1281 1643 1392 1700 tot
1418 1653 1575 1700 mea
1604 1629 1971 1699 volumina
2000 1626 2293 1697 laudum
2323 1629 2661 1697 suarum?

517 1734 736 1826 Quod
775 1737 833 1807 si
873 1752 982 1808 est
1017 1751 1468 1824 commotus,
1522 1736 1615 1809 ad
1651 1736 2140 1836 perniciemne
2163 1792 2181 1825 ‚
2221 1760 2375 1807 uon
2420 1735 2657 1806 dicam

519 1848 960 1934 amicissimi,
1003 1872 1154 1919 non
1203 1851 1300 1919 ita
1337 1849 1430 1920 de
1479 1872 1611 1920 sua
1662 1848 1875 1920 laude
1926 1847 2198 1935 meriti,
2238 1871 2383 1918 non
2422 1845 2519 1917 ita
2566 1845 2658 1916 de

517 1955 922 2055 republica,
960 1982 1110 2030 non
1148 1960 1549 2032 consularis
1570 2015 1589 2046 ‚
1627 1985 1779 2031 non
1822 1961 2209 2047 senatoris,
2246 1983 2397 2031 non
2442 1957 2657 2041 civis⁹

518 2093 673 2140 non
721 2068 930 2141 liberi
965 2098 980 2140 ε
1015 2071 1091 2140 in
1126 2069 1448 2141 hominis
1479 2081 1743 2170 caput9
1782 2068 1900 2140 ille
1929 2080 2077 2137 tam
2124 2067 2437 2139 crudelis
2480 2089 2657 2164 pro-

519 2194 686 2277 pter
711 2203 998 2252 versum
1031 2177 1328 2252 fuisset?

619 2293 872 2361 XXXI.
925 2295 1034 2361 Tu
1077 2288 1290 2387 quid,
1345 2304 1424 2360 tu
1471 2287 1665 2389 apud
1712 2313 1939 2387 quoS‚
1974 2303 2053 2359 tu
2100 2287 2193 2359 de
2229 2311 2381 2385 quo
2424 2285 2655 2363 dicas,

519 2405 906 2501 intelligis?
955 2404 1511 2502 Complecteri3¹
1554 2403 2033 2503 amplissimos
2076 2406 2266 2473 viros
2309 2400 2397 2472 ad
2444 2416 2657 2472 tuum

523 2528 596 2587 et
625 2512 913 2584 Gabinii
941 2513 1203 2597 scelus3
1239 2538 1480 2611 neque
1508 2512 1581 2583 id
1616 2513 1919 2585 occulte.
1954 2516 2135 2605 Nam
2166 2510 2461 2611 paullo²
2489 2526 2658 2583 ante

521 2624 796 2709 dixisti,
827 2646 942 2694 me
973 2648 1142 2694 cum
1184 2624 1270 2693 iis
1307 2622 1730 2721 confligere,
1768 2649 1954 2721 quos
1991 2622 2465 2721 despicerem3
2504 2646 2655 2692 non

523 2736 871 2830 attingere
899 2757 1046 2819 eos,
1089 2732 1418 2830 qui-plus
1451 2750 1771 2830 possent,
1805 2732 2075 2831 quibus
2103 2735 2325 2805 iratus
2352 2757 2505 2805 esse
2534 2732 2657 2805 de·

521 2844 792 2916 berem.
855 2846 1188 2935 Quorum
1243 2842 1539 2941 quidem
1588 2846 1799 2943 (quis
1844 2847 2036 2915 enim
2088 2868 2233 2914 non
2284 2843 2656 2939 intelligit,

1634 3036 1681 3075 et
1712 3024 1842 3075 rich.
1874 3048 1901 3069 ιι
1928 3024 2189 3089 complecti
2227 3026 2303 3072 vis
2335 3026 2657 3091 amplissimos

1632 3122 1765 3153 viros
1784 3128 1826 3155 ι».

523 3030 656 3077 vium
679 3042 990 3075 romanorum
1011 3037 1062 3073 et
1086 3024 1290 3074 eliorum
1323 3040 1448 3090 quos
1469 3026 1547 3075 in·

520 3108 650 3171 jusu
671 3120 825 3155 morte
843 3106 1086 3155 effeceras.

596 3202 648 3251 9.
687 3186 751 3233 In
786 3182 994 3232 bominis
1023 3194 1184 3249 caput.
1213 3184 1332 3233 Non
1361 3184 1543 3245 dicam,

527 3266 590 3316 nd
625 3263 890 3331 pernicicm
923 3260 1229 3323 amicissim33
1267 3279 1370 3313 non
1412 3266 1547 3326 eius,

526 3346 609 3411 qui
639 3356 689 3391 et
714 3342 775 3391 de
797 3344 928 3405 ipso,
957 3352 1004 3387 et
1032 3340 1092 3389 de
1120 3358 1223 3406 rep.
1255 3343 1321 3390 ita
1349 3342 1547 3390 meritus

526 3434 683 3480 esset3
717 3436 846 3478 nou,
881 3418 1173 3479 consulat-1⁸3
1203 3435 1329 3478 non,
1355 3430 1547 3469 senato-

529 3502 633 3561 πίας
687 3514 822 3557 uon,
864 3498 1020 3561 civis3
1061 3516 1167 3547 nou
1184 3534 1198 3557 ‚
1249 3497 1386 3545 liberi
1407 3515 1422 3554 ς
1464 3498 1550 3547 sed

528 3581 732 3630 omnino
757 3578 806 3626 in
823 3578 1036 3627 hominis
1053 3588 1200 3643 ceput
1217 3576 1300 3625 ille
1325 3588 1420 3625 tam
1443 3594 1551 3625 cru-

535 3660 656 3709 delis
675 3668 877 3723 propter
901 3674 1086 3705 versum
1109 3652 1315 3705 suisset?

601 3738 800 3787 XXXI.
835 3750 882 3786 ι.
920 3734 1268 3800 complecteris.
1296 3734 1387 3783 Cn.
1414 3738 1554 3784 Pom-

531 3820 696 3885 peium
722 3828 770 3865 et
797 3816 853 3866 C.
885 3816 1118 3865 Caesarem
1145 3815 1194 3861 in
1219 3814 1412 3862 sceleris
1436 3816 1541 3873 tui,

531 3896 848 3960 Gabiniique‚
867 3904 1131 3956 vestraque
1157 3894 1208 3941 in
1231 3910 1308 3941 me
1329 3892 1549 3959 perfidie

533 3978 809 4027 societatem
831 3988 974 4019 voces
1002 3988 1016 4020 ε
1046 3973 1180 4036 qussi
1203 3988 1320 4021 vero
1343 3974 1412 4021 illi
1432 3987 1547 4039 pet·-

529 4058 643 4107 inde
669 4068 814 4121 atque
839 4063 919 4112 tu,
941 4063 990 4100 et
1003 4050 1354 4116 Gabinius,me
1367 4052 1547 4101 Publio

527 4136 703 4188 Clodio
741 4130 1082 4199 prodidissent.
1121 4134 1322 4198 Optime
1363 4132 1545 4183 Erfurt.

1705 3200 1754 3233 s.
1788 3184 1919 3233 Nam
1940 3184 2111 3249 paullo
2138 3196 2268 3233 anm.
2294 3186 2460 3249 Quum
2486 3183 2547 3231 de
2578 3200 2658 3232 me

1634 3262 1765 3328 apud
1793 3272 2010 3311 senatum
2041 3264 2329 3327 querereris,
2356 3262 2553 3311 dicebas
2576 3280 2656 3312 me

1636 3352 1794 3390 tecum
1813 3379 1826 3402 ,
1866 3354 1915 3389 et
1958 3358 2067 3390 cum
2114 3344 2326 3391 Gabinio
2370 3342 2657 3407 confligere,

1635 3438 1761 3487 quos
1782 3421 2075 3488 despicerem
2092 3458 2105 3481 ,
2126 3420 2337 3487 ideoque
2354 3438 2430 3470 me
2448 3424 2658 3486 graviter

1634 3500 1687 3548 in
1715 3518 1805 3549 vos
1830 3500 2074 3549 invectum
2090 3536 2104 3560 ,
2126 3510 2373 3549 auctorem
2400 3502 2573 3559 fuisse,
2596 3512 2659 3549 ut

1638 3580 1776 3627 vobis
1826 3596 2077 3629 successor
2118 3583 2414 3643 mitteretur,
2463 3592 2511 3629 et
2566 3578 2657 3627 tibi

1634 3658 1952 3717 Macedonia,
1992 3659 2205 3707 Gabinio
2240 3660 2377 3724 Syri·
2404 3658 2657 3724 provincia

1634 3735 1916 3798 tolleretur3
1954 3754 2031 3786 me
2068 3749 2229 3787 entem
2274 3753 2375 3787 non
2420 3738 2658 3803 attingere

1636 3814 1828 3864 dicebas
1843 3851 1858 3875 ,
1876 3819 2095 3881 quamvis
2120 3818 2271 3866 tacito
2298 3817 2519 3874 nomine,
2546 3819 2657 3865 Ce-

1634 3910 1786 3943 ssrem
1815 3907 1864 3944 et
1890 3897 2174 3961 Pompeium
2191 3932 2205 3957 ,
2241 3914 2266 3944 a
2308 3896 2486 3961 quibus
2510 3896 2657 3944 etism

1636 3973 1815 4023 fueram
1858 3976 2093 4038 violatus,
2134 3974 2409 4041 quibusque
2452 3974 2658 4039 perinde

1635 4054 1786 4104 iratus
1804 4072 1906 4104 esse
1934 4054 2175 4105 deberem.
2198 4056 2372 4119 Neque
2400 4068 2531 4105 certe
2564 4057 2657 4105 bne

1636 4134 1697 4181 de
1714 4150 1765 4182 re
1790 4136 1993 4183 omnino
2012 4134 2213 4183 furcifer
2229 4133 2433 4183 errabat.
