2996 4694
843 375 1231 445 ORATIO
1281 377 1489 447 PRO
1543 380 1618 446 L.
1662 380 1741 447 C.
1796 376 2144 446 BALBO.
2419 369 2556 458 345

433 493 898 567 immortales!
934 494 1250 590 judices,
1279 495 1477 569 hunc
1505 498 1606 568 illi
1640 496 1981 569 acerbum
2003 498 2344 566 nuntium
2372 496 2558 569 velle

430 603 769 703 perferri,
806 621 890 677 ut
942 630 1151 677 suum
1204 604 1620 705 praefectnm
1669 606 1996 692 fabrum,
2047 620 2131 675 ut
2183 604 2552 677 hominem

428 712 563 786 sibi
623 717 1063 787 carissimum
1128 730 1203 788 et
1251 715 1878 809 familiarissimum
1894 770 1916 803 ‚
1977 740 2129 787 non
2177 712 2279 785 ob
2329 715 2556 813 ipsius

426 823 724 922 aliquod
753 824 1134 914 delictum,
1161 826 1289 899 sed
1326 826 1423 899 ob
1460 853 1664 900 suam
1707 827 2261 900 familiaritatem
2297 828 2554 901 vestris

427 957 883 1033 oppressum·
917 938 1289 1008 sententiis
1342 937 1610 1009 audiat.
1663 936 2103 1009 Miseremini
2165 934 2359 1029 eju5‚
2419 936 2546 1032 qui

426 1070 580 1115 non
625 1044 717 1117 de
752 1070 887 1117 suo
918 1060 1248 1145 peccato,
1278 1047 1407 1119 sed
1454 1046 1546 1121 de
1581 1040 1844 1145 hujus⁵
1876 1048 2140 1117 summi
2183 1058 2256 1115 et
2303 1044 2548 1115 claris-

425 1157 588 1228 simi
630 1157 762 1227 viri
804 1154 1038 1245 facto;
1084 1183 1237 1229 non
1271 1156 1362 1231 de
1396 1158 1644 1257 aliquo
1681 1159 2014 1243 crimine,
2051 1152 2178 1226 sed
2225 1153 2547 1253 periculo

422 1292 556 1338 suo
581 1264 673 1339 de
698 1266 993 1365 publico
1027 1269 1193 1364 jure
1230 1268 1604 1367 disceptat.
1640 1266 1860 1359 Quod
1896 1268 2018 1364 jus
2067 1270 2126 1337 si
2171 1269 2300 1337 Cn.
2336 1270 2548 1337 Pom-

418 1378 627 1473 peius
678 1378 1072 1475 ignoravit,
1116 1378 1177 1450 si
1233 1382 1331 1451 M.
1398 1382 1695 1451 Crassus
1724 1434 1745 1468 ‚
1812 1378 1870 1448 si
1924 1378 2014 1466 Q.
2058 1375 2434 1466 Metellus,
2489 1379 2550 1446 si

420 1490 549 1557 Cn.
611 1488 998 1586 Pompeius
1058 1503 1288 1587 pater,
1334 1488 1396 1561 si
1444 1493 1524 1560 L.
1576 1488 1774 1561 Sulla
1799 1542 1819 1578 ,
1859 1488 1922 1559 si
1963 1491 2044 1558 L.
2089 1488 2424 1574 Crassm,
2490 1486 2552 1556 si
2615 1480 2624 1491 ’

418 1600 495 1669 C.
529 1599 830 1683 Marius,
869 1599 929 1669 si
955 1613 1284 1686 senatus,
1310 1600 1367 1668 si
1403 1600 1722 1696 populus
1747 1618 2128 1681 romanus,
2161 1596 2259 1681 si,
2298 1592 2545 1692 quide

418 1730 499 1777 re
563 1706 776 1778 simili
827 1705 1280 1802 judicarunt,
1316 1708 1375 1777 si
1425 1704 1758 1779 foederati
1791 1704 2085 1805 populi,
2121 1707 2178 1775 si
2223 1704 2431 1792 socii,
2490 1704 2546 1773 si

419 1816 521 1887 illi
572 1817 849 1914 antiqui
889 1818 1124 1887 Latini
1160 1842 1178 1886 ε
1220 1816 1459 1887 videte
1484 1870 1505 1905 ,
1531 1842 1638 1887 ‚ne
1677 1815 1924 1886 utilius
1962 1812 2170 1885 vobis
2203 1828 2278 1884 et
2312 1812 2548 1883 hone-

420 1928 597 1995 stius
632 1928 753 2011 sit,
788 1924 926 1996 illis
963 1924 1274 1996 ducibus
1298 1950 1569 2014 errare,
1602 1950 1822 2023 quam
1845 1923 1988 1996 hoc
2020 1924 2362 2021 magistro
2386 1948 2548 1995 eru-

420 2032 578 2104 diri.
621 2034 759 2106 Sed
780 2090 800 2123 ‚
840 2035 898 2105 si
926 2033 1017 2106 de
1046 2049 1281 2118 cei-tc,
1316 2034 1407 2107 de
1434 2038 1861 2134 perspicuo,
1905 2034 1997 2107 de
2035 2034 2225 2117 utili,
2255 2032 2347 2105 de
2376 2058 2546 2131 pro-

418 2140 629 2225 bato,
665 2142 755 2214 de
803 2143 1126 2240 judicato
1187 2143 1395 2215 vobis
1451 2146 1616 2243 jure
1645 2142 1678 2187 ⁶
1742 2168 1895 2217 esse
1955 2143 2542 2216 constituendum

418 2252 723 2325 videtis:
764 2254 991 2327 nolite
1053 2258 1534 2344 committere,
1569 2270 1653 2327 ut
1701 2256 1776 2327 in
1827 2280 1908 2327 re
1961 2269 2107 2327 tam
2152 2254 2544 2325 inveterata

419 2362 817 2463 quidquam
848 2366 1019 2436 novi
1045 2369 1389 2438 sentiatis.
1424 2367 1653 2438 Simul
1690 2381 1764 2438 et
1789 2366 1946 2456 illa,
1965 2364 2278 2462 judiceS‚
2302 2367 2545 2436 omnia

416 2489 585 2546 ante
627 2475 879 2546 oculos
909 2489 1185 2547 vestros
1228 2480 1659 2575 proponite:
1699 2469 2054 2577 primurn,
2097 2499 2250 2548 esse
2296 2499 2550 2547 omnes

416 2587 635 2656 etiam
669 2597 836 2682 post
872 2599 1181 2657 mortem
1220 2597 1472 2673 reos7‚
1501 2585 1932 2658 clarissimos
1956 2586 2122 2658 illos
2159 2587 2386 2670 vii-OS,
2415 2586 2544 2683 qui

417 2692 807 2766 foederatos
869 2697 1154 2767 civitate
1213 2695 1630 2785 donarunt3
1674 2696 1939 2769 deinde
1999 2710 2366 2782 senatum,
2419 2695 2546 2792 qui

418 2827 735 2901 persaepe
782 2804 921 2876 hoc
946 2803 1327 2899 judicavit3
1372 2806 1766 2905 populum,
1801 2808 1931 2906 qui
1952 2807 2199 2903 jussit3
2225 2805 2546 2902 judices,

419 2912 549 3009 qui
578 2912 1099 3010 approbarunt.
1144 2919 1327 2986 Tum
1359 2917 1572 2986 etiam
1617 2915 1798 2988 illud
1831 2919 2218 3014 cogitatote
2247 2945 2263 2986 ε
2308 2917 2409 2987 sic
2445 2916 2549 2984 vi-

421 3046 622 3108 vere,
662 3047 743 3094 ac
779 3025 1038 3097 vixisse
1070 3024 1527 3114 Cornelium,
1573 3040 1690 3110 ut,
1726 3033 1958 3123 quum
2001 3029 2330 3096 omnium
2377 3045 2580 3122 pec-¹

422 3145 749 3203 catorum
804 3139 1238 3231 quaestiones
1299 3138 1479 3223 sint,
1530 3159 1682 3205 non
1732 3135 1824 3206 de
1865 3137 2206 3206 vitiorum
2253 3157 2550 3204 suorum

423 3263 670 3336 poena,
701 3241 827 3313 sed
884 3243 977 3314 de
1029 3244 1313 3314 virtutis
1362 3245 1664 3342 praemio
1705 3244 1783 3314 in
1828 3242 2181 3339 judicium
2223 3257 2548 3314 vocetur.

422 3351 727 3422 Accedat
774 3354 987 3423 etiam
1029 3353 1247 3442 illud,
1290 3368 1374 3425 ut
1410 3354 1736 3424 statuatis
1781 3353 1922 3425 hoc
1951 3352 2262 3449 judicio,
2304 3367 2549 3425 utrum

423 3460 731 3557 posthac
772 3465 1119 3536 amicitias
1162 3464 1527 3538 clarorum
1572 3465 1894 3535 virorum
1917 3460 1946 3507 ⁸
1994 3461 2376 3535 calamitati
2422 3464 2554 3536 ho-

422 3645 567 3710 epist.
613 3659 681 3692 ao
720 3657 733 3692 :
781 3667 804 3688 ι
826 3646 981 3708 Quod
1024 3649 1197 3698 scribis
1247 3648 1309 3698 de
1356 3649 1443 3698 be·
1604 3648 1658 3698 6.
1684 3649 1818 3696 Im.
1844 3649 1956 3695 Huc
1975 3646 2057 3694 illa
2075 3646 2238 3694 omnia
2263 3648 2552 3708 referuntur,

422 3721 631 3784 ncficiis,
654 3723 779 3772 scito
810 3740 839 3771 a
873 3741 951 3772 me
976 3737 1027 3774 et
1059 3726 1283 3776 tribunos
1318 3728 1447 3776 mili·
1538 3749 1561 3772 ιι
1589 3737 1756 3789 certo,
1795 3726 2091 3791 perspicuo,
2133 3726 2274 3786 utili,
2311 3728 2558 3792 probato,

424 3815 549 3852 tures
563 3837 578 3859 ,
604 3814 655 3851 ct
674 3803 964 3866 prefectos,
999 3813 1049 3852 et
1072 3805 1443 3856 contubernale·
1525 3805 1750 3868 judicato
1767 3826 1810 3855 ι.

423 3883 677 3931 dumtaxat
704 3899 840 3930 meon
868 3881 1056 3931 delatos
1082 3899 1187 3931 eae
1208 3906 1250 3931 ι.
1606 3901 1653 3946 7.
1675 3887 1817 3934 Reos.
1841 3885 1994 3934 Simul
2019 3901 2130 3933 cum
2155 3884 2308 3934 Balbo
2330 3900 2344 3932 :
2373 3894 2430 3932 nt
2449 3901 2560 3932 cum

498 3962 546 4009 5.
592 3963 667 4009 Do
701 3960 844 4026 liujus
884 3961 1063 4009 summi
1099 3973 1150 4010 ec
1190 3961 1447 4010 clarissimi
1535 3980 1596 4013 eo
1637 3966 1716 4012 vel
1757 3964 1974 4014 damnari
2017 3981 2215 4025 omnes,
2254 3963 2330 4011 vel
2372 3963 2562 4013 absolvi

423 4039 539 4088 viri.
584 4040 836 4105 Pompeii,
892 4038 979 4103 qni
1029 4055 1139 4088 eum
1156 4074 1172 4097 ‚
1222 4041 1449 4090 confecto
1537 4043 1793 4093 sententiis
1809 4044 1984 4093 vestris
2005 4059 2198 4093 neeesse
2216 4042 2298 4091 sit.

424 4119 737 4185 Hispaniensi
765 4119 923 4182 bello,
944 4120 1143 4168 civitate
1171 4119 1447 4171 donaverat.
1614 4124 1661 4170 8.
1685 4120 1946 4170 Amicitias
1971 4123 2220 4170 clarorum
2242 4119 2480 4172 virorum.
2503 4123 2561 4170 Et
