2996 4694
497 376 637 457 244
1123 373 1220 439 M.
1270 373 1345 439 Τ.
1400 372 1987 462 CICERONIS

492 500 591 567 Μ.
627 492 858 565 Coelio
899 489 1300 588 respublica
1319 545 1340 576 ,
1372 491 1686 585 judiceS,
1732 489 1909 563 duas
1942 497 2469 583 accusationes,
2510 498 2625 567 vel

491 602 780 676 obsides
815 599 1119 700 periculi
1135 596 1190 690 ⁵,
1226 595 1679 700 vel'piguora
1726 602 2135 674 voluntatis.
2176 608 2417 695 Quare
2452 631 2625 694 or0,

489 712 961 808 obtestorque
993 734 1156 797 νος,
1179 710 1457 805 judices
1479 764 1497 799 ,
1534 726 1615 781 ut
1648 736 1793 808 qua
1826 714 1901 782 in
1930 714 2211 785 civitate
2239 717 2485 812 paucis
2512 716 2623 787 bis

491 821 750 895 diebus
804 824 992 891 Sext.
1041 817 1386 890 Clodius⁶
1439 819 1811 892 absolutus
1864 823 1989 910 sit,
2044 848 2263 921 quem
2316 850 2445 897 vos
2493 850 2623 925 per

487 932 860 1005 biennium
919 944 1042 1001 aut
1095 931 1506 1002 ministrum
1558 930 1965 1019 seditionis»,
2026 950 2151 1005 aut
2204 932 2459 1007 ducem
2513 939 2621 1007 vi·-

487 1040 688 1115 distis
715 1097 736 1130 ,
785 1042 913 1139 qui
957 1041 1142 1111 aedes
1177 1065 1448 1127 sacraS,
1493 1044 1621 1138 qui
1660 1065 1955 1113 censum
2004 1044 2253 1142 populi
2294 1050 2621 1133 romani,

486 1157 616 1250 qui
657 1151 1078 1222 memoriam
1123 1148 1488 1247 publicam
1532 1153 1677 1222 suis
1718 1151 2052 1224 manibus
2095 1153 2452 1243 incendit,
2492 1156 2623 1227 ho-

483 1266 754 1335 minem
809 1264 964 1334 sine
1013 1286 1090 1333 re
1109 1274 1163 1351 ⁷,
1213 1263 1368 1333 sine
1409 1260 1597 1349 fide,
1632 1265 1785 1335 sine
1823 1287 1985 1361 spe,
2026 1266 2183 1338 sine
2218 1266 2429 1355 sede,
2464 1272 2621 1339 sine

483 1372 832 1461 fortunis,
869 1396 994 1443 ore
1018 1426 1038 1459 ,
1076 1372 1316 1467 lingua
1344 1426 1363 1459 ,
1404 1397 1660 1455 manu,
1698 1374 1840 1442 vita
1876 1378 2076 1444 omni
2110 1377 2617 1472 inquinatum3

483 1487 616 1582 qui
671 1484 910 1554 Catuli
961 1496 1517 1553 monumentum
1558 1480 1849 1571 afflixit,
1900 1510 2131 1555 meam
2180 1484 2476 1558 domum
2516 1488 2621 1558 di-

481 1598 676 1681 ruit,
727 1593 870 1663 mei
937 1590 1172 1661 fratris
1227 1590 1591 1679 incendit;
1650 1593 1777 1687 qui
1836 1594 1911 1663 in
1965 1594 2229 1691 palatio
2282 1611 2501 1693 atque
2539 1598 2614 1667 in

483 1704 688 1776 urbis
723 1701 952 1773 oculis
989 1703 1268 1773 servitia
1308 1701 1398 1771 ad
1437 1700 1741 1789 caedem,
1774 1717 1847 1772 et
1881 1704 2467 1777 inflammandam
2502 1732 2621 1777 nr-

483 1814 652 1885 bem
696 1812 1056 1883 incitavit:
1101 1816 1176 1881 in
1230 1836 1312 1882 ea
1355 1814 1641 1881 civitate
1690 1836 1783 1881 ne
1834 1816 2207 1909 patiamini
2255 1815 2459 1886 illum
2494 1816 2618 1887 ab·

482 1924 802 1995 solutum
836 1920 1170 1993 muliebri
1201 1924 1428 2018 gratia
1451 1974 1469 2009 ,
1500 1924 1595 1991 M.
1628 1918 1935 1993 Coelium
1968 1922 2247 1996 libidini
2278 1926 2616 1998 muliebri

477 2032 968 2108 condonatum
989 2026 1062 2120 ⁸3
1103 2058 1195 2103 ne
1229 2030 1480 2102 eadem
1517 2031 1801 2117 mulier,
1834 2056 2001 2103 cum
2037 2058 2169 2106 suo
2204 2036 2513 2133 conjuge
2542 2052 2617 2107 et

475 2144 695 2217 fratre
714 2155 771 2229 9,
807 2142 1302 2237 turpissimum
1343 2140 1695 2213 latronem
1732 2142 2114 2241 eripuisse,
2158 2160 2231 2217 et
2266 2146 2619 2219 honestis-

478 2258 736 2327 simu'm
775 2240 1303 2325 adolescentem
1343 2252 1784 2350 oppressisse
1815 2250 2164 2325 videatur.

571 2363 794 2457 Quod
844 2388 1074 2460 quum
1126 2362 1343 2457 hujus
1393 2361 1600 2433 vobis
1626 2373 1688 2406 ¹⁰
1742 2361 2297 2439 adolescentiam
2351 2392 2615 2466 propo-

1662 2605 1716 2653 8.
1760 2603 1966 2654 Libidini
2006 2605 2226 2657 mealiebn'
2264 2610 2613 2660 condonatum.

1590 2683 1647 2730 Id
1672 2694 1776 2744 eat,
1803 2683 2079 2735 damnatum
2095 2720 2112 2748 ‚
2145 2698 2202 2734 ut
2228 2688 2479 2738 muliebria
2506 2692 2616 2740 vin-

551 2611 601 2656 5.
626 2606 716 2654 Vel
734 2589 1160 2666 obsides'poriculi.
1185 2602 1385 2665 Fabius,
1405 2603 1500 2652 lib.

483 2687 608 2743 m,
635 2699 748 2746 cap.
774 2699 800 2744 7
823 2695 836 2728 :
867 2703 890 2724 ι
915 2681 1196 2743 Creditique
1218 2691 1330 2728 suut
1357 2682 1503 2729 etiam

479 2763 596 2814 clari
618 2763 822 2823 iuvenca
845 2759 1066 2808 obsidem
1088 2758 1368 2822 reipublice
1387 2759 1503 2809 dare

483 2841 720 2892 malorum
747 2839 926 2886 civium
958 2838 1315 2886 accusationem
1331 2873 1348 2898 ,
1387 2840 1502 2903 quia

480 2937 572 2970 neo
603 2919 766 2968 odisse
790 2916 1074 2982 improbos,
1115 2932 1206 2964 nec
1235 2917 1505 2966 simultates

478 3013 750 3066 provocare
768 3033 785 3059 ,
813 2997 906 3045 nisi
925 3013 986 3045 ex
997 2996 1188 3058 judicio
1207 2995 1350 3046 bona
1371 3013 1506 3046 men·

481 3081 542 3128 tia
559 3115 574 3138 ,
599 3076 896 3126 videBantur
913 3097 960 3124 υ.

551 3160 602 3206 6.
649 3157 786 3204 Sext.
825 3154 1040 3207 Clodius.
1088 3151 1503 3204 Familiariaaimua

480 3241 540 3288 P.
571 3236 764 3295 Clodii,
801 3247 852 3284 et
883 3249 1142 3300 operarum
1177 3232 1278 3282 dux
1303 3233 1503 3284 Clodia.

477 3332 664 3364 narum.

552 3413 602 3455 7.
629 3392 890 3442 Hominem
915 3389 1022 3438 se‘ne
1048 3404 1119 3438 re.
1149 3389 1409 3438 Lambinus
1429 3390 1501 3439 le·

479 3471 694 3537 gendum
726 3480 891 3517 censet
921 3467 1066 3516 homo
1079 3501 1094 3527 ,
1125 3478 1174 3515 et
1199 3468 1400 3516 inferius
1426 3468 1505 3516 ἰη-

481 3549 742 3616 quinam,
785 3547 899 3594 loco
930 3544 1262 3610 inquinatum.
1290 3571 1361 3581 —
1383 3547 1501 3594 Sine

465 3629 599 3697 fide.
627 3625 687 3674 Id
708 3635 780 3673 eat
797 3659 812 3681 ,
843 3625 947 3672 sine
973 3624 1182 3671 honore.
1212 3623 1417 3686 Gorgias
1447 3624 1501 3670 in

477 3705 710 3773 apologia
727 3703 1022 3750 Palamedis:
1046 3723 1071 3742 ι
1083 3703 1198 3748 Vita
1216 3715 1320 3747 non
1339 3701 1386 3748 ei
1405 3717 1501 3766 po-

480 3797 576 3836 teat
613 3799 716 3832 esse
752 3781 942 3841 vitalia,
969 3781 1056 3845 qui
1081 3777 1228 3827 fldem
1256 3779 1501 3840 amiserit3

479 3881 592 3914 nam
610 3863 699 3926 qui
715 3861 1027 3926 pecuniarum
1042 3857 1280 3919 jacturam
1307 3857 1498 3917 fecerit,

480 3943 568 4006 qui
590 3955 776 4003 regno,
815 3937 900 4000 qui
928 3935 1080 4000 patria
1109 3932 1374 3992 ceciderit,
1404 3937 1500 3999 pri.

486 4019 662 4066 atinam
700 4025 864 4079 potest
902 4027 1186 4075 recuperare
1226 4011 1494 4071 fortunam,

482 4106 529 4143 at
548 4095 632 4158 qui
655 4091 802 4140 fidem
817 4088 1111 4155 perdiderit,
1139 4103 1237 4135 non
1259 4099 1422 4152 potest
1433 4111 1474 4138 a.

1592 2761 1782 2810 dicetur
1814 2763 1999 2825 libido,
2038 2765 2200 2824 furor,
2243 2767 2457 2820 infamia.
2483 2771 2615 2820 vide

1589 2855 1735 2905 supra
1765 2855 1875 2905 cap.
1908 2843 1986 2892 13.

1664 2935 1714 2982 9.
1742 2919 1859 2968 Cum
1880 2937 1971 2968 suo
2000 2924 2211 2990 conjuge
2231 2937 2283 2973 et
2282 2923 2475 2991 fratre
2514 2930 2615 2977 Pro

1592 3000 1757 3047 Domo
1783 3012 1906 3046 ana:
1934 3021 1960 3042 α
1979 3000 2075 3048 Sed
2115 3002 2229 3051 vide
2262 3021 2325 3052 ne
2354 3016 2412 3055 tu
2440 3019 2487 3056 te
2524 3007 2614 3055 de-

1590 3075 1705 3124 beas
1726 3076 1901 3124 Jovem
1921 3077 2081 3128 dicere
2094 3115 2109 3140 ,
2130 3083 2269 3145 quod
2288 3095 2342 3132 tu
2354 3086 2466 3148 jure
2484 3101 2617 3134 eam-

1592 3152 1703 3203 dem
1759 3171 1977 3204 sororem
2025 3170 2075 3206 et
2098 3175 2321 3218 ,uxorem
2368 3165 2615 3230 appellare

1590 3233 1749 3297 possis
1769 3255 1811 3282 n.
1859 3235 1989 3283 uino
2027 3235 2089 3284 ad
2128 3241 2380 3304 Atticum,
2420 3245 2495 3302 11,
2535 3243 2615 3291 bia

1592 3311 1808 3361 Clodiam
1822 3309 2054 3376 βοῶπιδα
2065 3330 2390 3382 cognomento
2400 3325 2435 3372 J
2436 3323 2617 3372 nnouis

1590 3391 1815 3456 appellat.
2192 3457 2199 3464 .

1667 3485 1745 3520 ιο.
1789 3471 1936 3534 Quod
1965 3489 2110 3537 queem
2141 3475 2285 3542 liujus
2311 3481 2471 3530 vobis.
2506 3483 2613 3533 Cic.

1591 3546 1655 3594 de
1691 3550 1827 3596 Orat.
1861 3549 1939 3608 11,
1976 3567 2042 3600 a:
2078 3557 2235 3605 -Jam
2280 3560 2613 3611 misericordia

1589 3636 1830 3683 movetur,
1855 3627 1897 3674 ai
1922 3629 1966 3676 ia
1992 3633 2075 3693 qui
2106 3635 2247 3686 audit
2262 3672 2277 3696 ,
2303 3639 2487 3688 adduci
2512 3658 2613 3707 po-

1589 3713 1705 3762 test,
1722 3715 1779 3753 ut
1797 3703 1905 3762 illa,
1942 3724 2051 3771 quae
2079 3711 2139 3760 de
2163 3714 2317 3766 altero
2357 3719 2615 3785 deploren-

1591 3789 1689 3841 tur,
1714 3781 1777 3828 ad
1800 3799 1909 3830 suaa
1933 3802 2009 3834 rea
2030 3805 2255 3853 revocet,
2280 3813 2404 3860 quas
2428 3812 2512 3849 aut
2540 3812 2617 3849 tu·

1587 3856 1701 3906 lei-it
1718 3861 1916 3909 acerbae
1930 3897 1945 3922 ,
1977 3878 2061 3916 aut
2087 3871 2283 3938 timeat,
2304 3889 2389 3925 ant
2416 3879 2615 3928 intuen-

1588 3937 1939 3998 alium,crebro
1959 3944 2022 3994 ad
2035 3963 2086 3994 se
2100 3950 2261 4014 ipsum
2280 3967 2553 4006 revertatur
2568 3981 2613 4006 ιι.

1584 4017 1661 4066 Ex
1683 4018 1894 4069 Aristot.
1928 4022 2073 4073 Rbet.
2099 4031 2147 4076 11
2163 4065 2179 4090 ,
2206 4049 2320 4099 cap.
2351 4039 2381 4084 8
2399 4072 2415 4097 ,
2450 4055 2478 4086 a
2505 4055 2614 4102 quo

1585 4107 1902 4145 numerantur
1940 4101 2065 4151 inter
2096 4123 2179 4156 eos
2208 4113 2297 4174 qni
2318 4116 2527 4164 maxime
2546 4119 2611 4166 ad
