2996 4694
565 406 659 492 84
1205 402 1296 469 Μ.
1349 402 1429 469 Τ.
1477 400 2057 471 CICERONIS

561 552 784 629 quam
825 538 1272 625 susceperat,
1316 522 1522 595 nullo
1578 520 1827 595 labore
1870 534 2332 618 peracturum
2378 521 2687 597 videbat.

557 637 834 738 Agebat
873 638 1331 723 auctoritate,
1367 631 1626 730 agebat
1664 631 2004 719 consilio,
2040 629 2299 727 agebat
2328 655 2463 729 per
2500 658 2685 704 sum·

557 776 763 823 mum
799 746 1126 819 ordinem
1147 799 1167 833 ,
1199 742 1452 841 agebat
1484 740 1819 839 exemplo
1855 738 2225 811 bonorum
2275 755 2349 811 et
2394 739 2686 814 sortium

555 862 856 947 civium3
901 855 1081 955 quid
1121 852 1532 953 republica,
1572 849 1753 949 quid
1796 874 1871 921 se
1916 848 2216 946 dignum
2268 866 2492 939 esset,
2528 856 2687 949 quis

552 974 710 1069 ipse
741 982 964 1055 esset,
1000 962 1182 1063 quid
1207 988 1496 1062 sperare
1517 1017 1539 1053 ,
1624 960 1753 1033 uid
1782 957 2176 1055 majoribus
2206 962 2353 1033 suis
2382 960 2685 1034 reddere

551 1076 892 1163 deberet,
932 1074 1474 1172 diligentissime
1516 1072 1881 1168 cogitarat.

644 1192 824 1261 XLI.
865 1188 1049 1256 Huic
1084 1185 1406 1282 gravitati
1439 1182 1758 1253 hominis
1779 1235 1799 1268 ,
1838 1179 2133 1253 videbat
2162 1180 2285 1253 ille
2312 1180 2679 1279 gladiator,

550 1326 667 1388 se,
714 1299 776 1370 si
826 1294 1156 1371 moribus
1207 1303 1529 1392 ageret‘,
1586 1314 1833 1390 parem
1886 1314 2040 1363 esse
2089 1316 2240 1363 non
2292 1315 2549 1390 posse:
2594 1292 2677 1364 ad

548 1408 866 1495 ferrum,
909 1405 1001 1477 ad
1042 1403 1271 1491 {aceS,
1311 1402 1400 1474 ad
1434 1401 1931 1500 quotidianam
1970 1400 2272 1489 caedem,
2313 1401 2675 1490 incendia,

543 1520 873 1618 rapinas,
915 1541 992 1589 se
1042 1540 1210 1588 cum
1259 1518 1580 1586 exercitu
1633 1536 1767 1583 suo
1815 1504 2155 1599 contulit}
2198 1509 2499 1583 domum
2542 1538 2671 1611 op-

543 1652 871 1729 pugnare
891 1682 910 1713 ,
939 1624 1319 1697 itineribus
1346 1646 1758 1712 occurrere,
1790 1624 1863 1693 vi
1896 1622 2275 1707 lacessere,
2302 1636 2375 1693 et
2407 1636 2673 1695 terrere

543 1740 787 1837 coepit.
831 1740 1000 1809 Non
1048 1734 1275 1805 movit
1317 1734 1691 1805 hominem
1727 1756 2006 1804 summa
2048 1735 2426 1829 gravitate,
2478 1760 2671 1807 sum-

541 1873 804 1947 maque
857 1847 1306 1919 constantia:
1345 1844 1470 1916 sed
1518 1867 1960 1941 quamquam
2006 1842 2219 1914 dolor
2266 1846 2524 1934 animi,
2558 1847 2669 1916 in·

534 1974 704 2031 nata
749 1956 1075 2045 libertaS,
1116 1970 1454 2055 prompta
1506 1955 2009 2052 excellensque
2058 1956 2287 2026 virtus
2307 2010 2326 2042 ,
2370 1953 2669 2028 fortissi-

537 2094 740 2143 mum
775 2071 1010 2140 virum
1053 2067 1558 2157 hortabantur,
1593 2067 1665 2137 vi
1705 2067 1851 2136 vim
1882 2064 2199 2137 oblatam
2219 2119 2240 2154 ,
2280 2073 2665 2164 praesertim

535 2184 836 2281 saepius,
890 2193 974 2250 ut
1029 2176 1392 2277 frangeret
1445 2192 1521 2249 et
1570 2174 1971 2262 refutaret;
2024 2190 2225 2248 tanta
2272 2177 2665 2250 moderatio

532 2290 675 2364 fuit
717 2290 1068 2379 hominis,
1117 2302 1403 2360 tantum
1441 2286 1822 2360 consilium
1846 2340 1866 2372 ,
1902 2301 1988 2358 ut
2022 2288 2427 2360 contineret
2462 2286 2664 2361 dolo-

527 2427 718 2488 rem,
754 2423 993 2497 neque
1027 2397 1276 2470 eadem
1311 2423 1386 2470 se
1419 2424 1501 2470 re
1536 2396 2029 2483 ulcisceretur,
2064 2419 2211 2495 qua
2238 2413 2425 2471 esset
2459 2399 2663 2472 laces-

527 2515 749 2599 situs;
795 2509 922 2580 sed
965 2506 1170 2578 illum
1219 2521 1326 2578 tot
1369 2508 1518 2601 jam
1560 2505 1939 2579 funeribus
1982 2507 2398 2606 reipublicae
2435 2513 2661 2584 exsul-

523 2635 798 2692 tantem
847 2641 932 2688 ac
981 2615 1537 2714 tripudiantem,
1591 2616 1831 2714 legum
1856 2672 1877 2706 ,
1934 2619 1993 2689 si
2047 2633 2330 2715 posset,
2386 2619 2658 2718 laqueis

522 2726 1070 2821 constringeret.
1122 2725 1514 2797 Descendit
1564 2725 1656 2798 ad
1714 2727 2222 2800 accusandum.
2270 2731 2656 2820 Quisum-

523 2846 796 2936 quam²
823 2851 971 2907 tam
999 2836 1292 2934 proprie
1313 2833 1342 2880 ³
1378 2835 1793 2936 reipublicae
1832 2863 2063 2926 causa,
2100 2839 2318 2913 nullis
2348 2843 2655 2914 inimici-

520 2950 637 3021 tiis
659 3004 679 3036 ,
717 2945 934 3017 nullis
960 2948 1309 3044 praemiis,
1339 2946 1539 3018 nulla
1563 2947 1944 3019 hominum
1973 2949 2459 3047 postulatione
2482 3005 2502 3039 ,
2532 2967 2657 3023 aut

518 3065 732 3135 etiam
782 3058 1130 3156 opinione
1155 3111 1174 3146 ,
1227 3057 1303 3129 id
1365 3082 1711 3157 umquam
1767 3083 1920 3131 esse
1970 3057 2383 3130 facturum?
2426 3065 2655 3133 Fracti

515 3186 720 3246 erant
762 3170 982 3241 animi
1036 3167 1372 3240 hominis.
1431 3172 1589 3241 Hoc
1642 3173 1835 3241 enim
1876 3183 2254 3241 accusante
2274 3173 2327 3259 4,
2368 3173 2652 3266 pristini

583 3354 716 3402 xu.
743 3367 790 3402 r.
824 3348 1033 3398 ridebas
1055 3347 1139 3398 ille
1158 3347 1424 3415 gladiator,
1449 3367 1535 3412 se,
1622 3365 1714 3398 nee
1737 3351 1945 3400 mutanti
1960 3351 2189 3416 cuiquem
2206 3362 2376 3400 contra
2396 3353 2649 3403 ustorum

513 3435 560 3482 si
577 3431 784 3481 moribus
804 3439 986 3494 agee-ee.
996 3428 1050 3475 Si
1062 3443 1200 3476 more
1215 3429 1537 3494 institutoque
1621 3428 1769 3480 fidem
1792 3447 1934 3480 nure·
1960 3431 2345 3481 commodandae.

511 3511 730 3562 omnium
748 3507 795 3555 ei
812 3507 1068 3555 resisteret.
1694 3511 1745 3560 3.
1780 3509 1996 3576 Proprie.
2040 3511 2122 3561 Al.
2154 3511 2386 3576 propria.
2428 3511 2649 3562 Graevius

581 3606 630 3638 2.
661 3585 778 3653 Quis
806 3601 1052 3650 umquam
1080 3585 1161 3635 Sic
1189 3587 1328 3635 locus
1353 3586 1535 3636 intelli·
1620 3589 1919 3652 corrigebat,
1945 3610 1972 3632 u·
1987 3602 2241 3655 prompte.
2263 3625 2277 3638 .
2298 3623 2313 3636 .
2344 3589 2397 3638 id
2418 3607 2648 3656 umquam

507 3669 695 3736 gendos
717 3680 732 3714 ε
755 3665 882 3730 Quis
917 3681 1150 3729 umquem
1179 3666 1429 3715 deseendit
1463 3667 1526 3715 ad
1545 3697 1557 3710 .
1620 3679 1743 3716 met
1758 3669 2209 3718 factum-‚Parum
2224 3669 2577 3721 felicium-IN.
2592 3674 2645 3721 1..

501 3746 829 3798 accusandum
851 3757 950 3792 tam
967 3746 1166 3810 proprie
1185 3779 1202 3804 ,
1221 3747 1341 3810 reip.
1359 3762 1529 3808 causa,
1688 3753 1736 3802 4.
1756 3750 1865 3796 Hoc
1881 3745 2009 3794 em'm
2032 3759 2314 3797 accusante.
2332 3751 2497 3813 Quum
2518 3751 2645 3800 Milo

502 3830 652 3878 nullis
711 3824 977 3874 inimicitiis
1007 3859 1022 3886 ,
1079 3823 1212 3872 nulla
1273 3825 1527 3874 hominum
1588 3837 1861 3874 mutant
1876 3858 1893 3886 ,
1940 3841 2043 3874 non
2091 3839 2195 3876 eret
2245 3827 2385 3893 quod
2438 3829 2645 3878 Clodius

501 3907 830 3974 putul-tione
881 3915 936 3953 ut
985 3904 1164 3953 faceret
1183 3937 1200 3963 ,
1252 3915 1336 3952 eut
1376 3905 1523 3952 etiam
1612 3915 1823 3968 speraret
1874 3919 1924 3952 ee
1974 3905 2188 3971 effugere
2238 3923 2381 3971 posse
2436 3910 2643 3973 turpiter

499 3989 734 4052 opinione
778 3982 870 4049 (h.
905 4000 953 4032 e.
995 3998 1146 4047 quum
1187 3983 1376 4047 opinari
1415 3997 1519 4032 non
1609 3983 2113 4048 eormptisjudicihm
2128 4021 2145 4046 ,
2167 3997 2224 4035 ut
2244 3987 2305 4036 de
2324 3989 2471 4036 uaeris
2492 3991 2643 4038 Bone

494 4064 730 4114 auderent
747 4065 768 4128 )
795 4063 848 4111 id
871 4077 1102 4126 umquam
1131 4075 1232 4108 esse
1257 4061 1515 4114 facturum.
1604 4063 1720 4112 Dea
1737 4063 1931 4114 violatis
1950 4081 2059 4115 reus
2077 4065 2276 4117 fecerat.
2296 4066 2374 4116 Cf.
2404 4067 2635 4118 Senecam

493 4147 736 4196 Postrema
773 4142 855 4190 illa
896 4139 958 4188 ab
999 4138 1226 4204 opinione
1263 4137 1480 4204 pendent
1504 4175 1517 4202 ,
1603 4143 1745 4208 epist.
1774 4145 1861 4208 98.
