2996 4694
1038 418 1823 492 ARGUMENTUM.
2454 443 2501 513 9

461 543 656 602 «natio
682 541 1026 620 optimatum
1045 565 1106 616 n,
1147 531 1356 621 arripit
1389 542 1507 600 hoc
1534 539 1787 600 nationis
1830 536 2105 610 verbum,
2138 538 2395 617 dicitque
2436 561 2498 598 se

461 638 626 717 cujus
669 641 742 698 sit
779 655 1120 716 agnoscere,
1169 640 1386 698 scilicet
1413 637 1667 709 Vatinii,
1706 635 1809 714 qui
1838 634 1989 693 banc
2020 635 2366 715 optimatum
2396 657 2501 694 na-

462 737 676 794 tionem
710 734 892 795 dcleri
927 749 985 794 et
1023 735 1254 794 concidi
1293 734 1609 814 cupiverit,
1646 753 1763 810 qua
1802 732 2103 790 occasione
2134 731 2393 792 abutitur
2424 732 2499 791 ad

461 851 596 892 eum
622 831 986 892 acerbissime
1017 831 1555 912 perstringendum,
1594 849 1720 908 cap.
1762 831 1867 900 64,
1902 829 1997 888 65.
2045 830 2271 889 Deinde
2304 829 2499 888 locum

459 929 624 991 illum
655 929 730 989 de
755 929 1130 1008 optimatibus
1155 929 1474 1002 concludit,
1495 928 1886 988 adolescentes
1915 926 1989 985 ad
2014 945 2213 985 veram
2238 925 2501 1000 laudem,

457 1026 806 1105 virtutisque
835 1026 1119 1104 majorum
1151 1025 1535 1086 imitationem
1568 1023 1910 1099 excitando,
1938 1023 2226 1102 simulque
2248 1024 2501 1102 optima-

458 1124 602 1184 tium
629 1123 966 1202 dignitatem
991 1123 1268 1202 exemplis
1289 1143 1364 1182 ex
1385 1129 1724 1184 Graecorum
1755 1135 1815 1181 et
1832 1125 2231 1182 Romanorum
2257 1120 2502 1179 historia

459 1220 658 1300 petitis
681 1220 932 1280 illustrat
947 1261 964 1289 ,
987 1239 1112 1298 cap.
1135 1221 1331 1280 66-68.
2372 1191 2411 1244 s

533 1321 602 1376 In
631 1318 1000 1396 peroratione
1025 1318 1284 1378 Sextium
1315 1337 1434 1376 suae
1457 1316 1685 1386 salutis,
1710 1315 1973 1394 judicum
2000 1315 2359 1374 auctoritatis
2378 1334 2500 1372 non

459 1416 634 1474 semel
673 1414 1034 1474 defensorem
1067 1414 1278 1493 injuria
1305 1413 1380 1474 de
1419 1415 1480 1474 vi
1521 1427 1851 1474 accusatum
1879 1411 2175 1491 judicibus
2205 1431 2503 1471 commen-

458 1509 589 1583 dat,
627 1530 839 1589 eosque
870 1510 1211 1583 obtestatur,
1238 1525 1304 1570 ut
1331 1511 1379 1570 si
1411 1531 1473 1569 se
1504 1511 1725 1569 salvum
1755 1529 1879 1568 esse
1905 1509 2119 1579 velint,
2142 1527 2244 1568 eos
2272 1527 2502 1568 conser-

457 1619 624 1680 vent,
650 1627 758 1687 per
779 1628 926 1686 quos
959 1628 1022 1668 se
1051 1609 1240 1688 ipsum
1266 1608 1701 1686 recuperat-int,
1733 1625 1865 1684 cap.
1891 1604 1993 1684 69.

535 1707 806 1764 Ceterum
832 1705 1092 1766 Sextium
1125 1704 1456 1765 absolutum
1490 1725 1640 1779 esse,
1668 1723 1919 1783 eumque
1944 1702 2158 1763 deinde
2186 1715 2499 1782 praetorem

460 1799 636 1860 fuisse
666 1822 801 1862 ann.
829 1801 974 1864 Urb.
1006 1821 1122 1877 7⁰0
1149 1815 1395 1862 constat.

439 2113 446 2118 ’
519 2110 770 2169 Cuilibet
797 2121 990 2168 autem
1017 2109 1169 2167 hanc
1195 2110 1517 2168 orationem
1542 2109 1889 2187 perlegenti,
1916 2107 2061 2166 illud
2088 2109 2338 2166 fortasse·
2358 2106 2505 2166 sub·

457 2204 697 2273 orietur,
729 2205 913 2263 multo
940 2203 1206 2283 pluribus
1234 2205 1482 2264 oratoris
1509 2191 1775 2264 cnsilium
1802 2225 1870 2263 ac
1896 2203 2181 2276 reditum,
2224 2224 2399 2282 quam
2420 2204 2505 2284 rei

459 2297 852 2359 defensionem
877 2298 1122 2359 facunde
1152 2299 1434 2373 describi;
1466 2300 1629 2379 quod
1670 2298 1818 2359 adeo
1859 2319 1965 2359 nos
1998 2299 2356 2359 dissimulare
2387 2317 2509 2358 non

459 2397 769 2475 quaerimus
788 2440 806 2469 ,
869 2411 934 2457 ut
985 2410 1188 2455 contra
1240 2398 1524 2477 legentem
1576 2395 1899 2455 meminisse
1946 2397 2187 2456 velimus
2206 2440 2226 2467 ‚
2270 2395 2508 2455 omnino

457 2514 688 2553 causam
732 2493 808 2552 ab
847 2496 1159 2555 Hortensio
1195 2494 1316 2573 jam
1348 2495 1524 2554 fuisse
1549 2507 1915 2575 peroratam,
1952 2495 2132 2553 multa
2151 2494 2273 2569 jam
2302 2493 2509 2571 dispu-

459 2603 577 2649 tata
616 2610 748 2669 quae
777 2590 1035 2649 veritatis
1060 2590 1356 2668 judicibus
1386 2590 1562 2649 fidem
1590 2590 1874 2662 facerent;
1901 2590 2042 2649 nihil
2071 2603 2273 2649 nostro
2308 2608 2511 2668 super-

457 2706 610 2759 esse,
647 2705 821 2764 quam
865 2698 933 2745 ut
976 2685 1214 2755 dolore,
1264 2706 1399 2765 quae
1435 2686 1735 2764 praecipua
1779 2685 1835 2744 ei
1877 2685 1985 2744 dos
2029 2686 2169 2758 fuit,
2212 2685 2508 2745 audientes

456 2796 866 2843 commoveret.
897 2788 1032 2857 Qua
1057 2797 1248 2842 autem
1275 2783 1501 2841 ratione
1528 2784 1733 2842 melius
1762 2782 1823 2841 id
1852 2796 2305 2855 consummaret,
2336 2802 2511 2861 quam

455 2880 506 2939 si
541 2898 920 2958 quaecumque
955 2900 1265 2960 perpessus
1310 2894 1437 2940 erat
1483 2880 1635 2939 mala
1672 2881 1795 2955 ipse
1839 2894 2131 2953 narraret,
2182 2880 2511 2959 gratiasque

457 2976 722 3056 publicas
745 2979 1028 3037 servatori
1048 2978 1248 3038 Sextio
1267 2991 1326 3036 et
1351 2990 1547 3056 ageret
1565 2991 1627 3036 et
1651 2976 1931 3037 haberet?
1954 2981 2028 3037 Se
2054 2977 2206 3035 enim
2229 2978 2354 3056 ip‘se
2379 2997 2511 3036 cum

457 3094 560 3135 reo
588 3074 964 3149 defendebat,
995 3076 1120 3154 ipse
1145 3096 1180 3134 a
1205 3075 1412 3135 Clodio
1439 3076 1666 3137 occulte
1694 3095 1804 3155 per
1831 3076 2093 3135 Sextium
2124 3074 2453 3154 petebatur,
2478 3096 2513 3134 a

457 3190 576 3249 quo
603 3170 844 3231 factioso
871 3170 1105 3231 homine
1133 3184 1198 3229 ut
1230 3172 1476 3233 Romani
1518 3170 1903 3230 abhorrerent
1921 3214 1939 3244 ,
1967 3190 2199 3230 necesse
2232 3185 2357 3230 erat
2386 3192 2513 3231 sce-

457 3268 602 3327 lesta
627 3268 750 3347 ejus
787 3269 1045 3328 facinora
1081 3288 1202 3326 non
1240 3268 1418 3327 semel
1457 3268 1543 3327 eis
1582 3268 1903 3327 ostendere.
1970 3272 2106 3327 Duo
2150 3282 2340 3329 autem
2378 3268 2513 3328 inde

458 3362 951 3441 consequebatur,
979 3366 1226 3425 alterum
1263 3376 1329 3423 ut
1371 3365 1705 3443 reipublicae
1730 3385 1799 3423 ac
1825 3364 1939 3423 sibi
1968 3364 2093 3443 ipse
2120 3365 2511 3439 satisfaceret,

461 3462 702 3521 alterum
741 3476 804 3521 ut
844 3481 948 3522 sua
987 3463 1248 3542 pericula
1291 3482 1424 3521 cum
1453 3464 1731 3543 Romanis
1764 3464 2249 3537 communicaret,
2293 3476 2351 3522 et
2381 3464 2512 3523 illos

461 3558 946 3633 quemadmodum
972 3560 1034 3617 in
1061 3559 1478 3629 calamitatum,
1500 3560 1581 3617 ita
1605 3560 1664 3617 in
1688 3560 1889 3619 salutis
1910 3560 2241 3619 societatem
2255 3572 2509 3619 vocaret.

540 3658 734 3731 Atque
771 3656 915 3715 illud
959 3656 1130 3715 etiam
1160 3655 1331 3715 nobis
1365 3658 1710 3735 plerumque
1740 3663 2019 3717 Veterum
2060 3658 2348 3717 orationes
2398 3670 2511 3715 tra-

460 3753 749 3814 ctantibus
795 3757 990 3816 fucum
1035 3758 1206 3832 facit,
1236 3757 1394 3835 quod
1439 3762 1745 3815 advocatos
1792 3758 1928 3837 (qui
1967 3758 2125 3837 apud
2164 3758 2512 3816 recentiores

461 3870 598 3909 usus
627 3849 894 3932 invaluit)
921 3853 1123 3913 audire
1150 3873 1258 3913 nos
1287 3866 1589 3932 putamus;
1626 3874 1805 3933 quum
1846 3868 2049 3913 contra
2088 3854 2407 3931 gravissimi
2443 3872 2510 3911 ac

461 3966 697 4006 summae
722 3948 1080 4009 auctoritatis
1105 3950 1249 4021 viri,
1278 3951 1517 4009 summis
1548 3948 1975 4029 magistratibus
1999 3949 2257 4009 defuncti
2294 3948 2367 4007 ad
2410 3948 2509 4007 de-

464 4042 784 4102 fendendos
805 4062 940 4101 reos
969 4057 1399 4124 consurgerent.
1431 4044 1660 4119 Quibus
1682 4066 1819 4105 sane
1848 4046 2155 4124 pulchrum
2183 4059 2243 4105 et
2278 4066 2507 4125 aequum

464 4154 588 4199 erat
623 4138 695 4199 de
724 4160 786 4199 se
819 4140 957 4220 ipsis
982 4139 1160 4200 verba
1189 4143 1408 4217 facere,
1438 4164 1617 4223 quum
1656 4142 1890 4225 publica
1936 4144 2143 4204 civium
2186 4164 2356 4204 causa
2386 4146 2513 4205 vin-
