2996 4694
787 401 1174 472 ORATIO
1225 402 1336 473 IN
1385 403 1464 470 L.
1510 405 1589 473 C.
1642 403 2137 474 PISONEM.
2384 409 2517 490 [με

399 547 534 596 cur
570 521 701 595 tibi
758 531 1028 594 nomen
1081 546 1232 594 non
1287 521 1644 596 deferrem
1668 579 1687 613 ‚
1748 525 2189 623 requirebas.
2254 529 2531 620 Quam-

397 657 618 731 quam
641 687 661 720 ‚
693 631 898 730 quod
933 631 1024 704 ad
1054 655 1172 702 me
1215 635 1471 706 attinet
1486 627 1544 722 ⁸,

621 811 953 886 Numquam
983 807 1194 866 istam⁹
1225 808 1559 867 imminuam
1594 829 1793 868 curam
1820 810 2123 870 infitiando
2152 810 2261 870 tibi
2286 834 2301 868 :

399 979 639 1036 tamen
685 978 793 1037 est
837 964 1018 1036 mihi
1053 963 1657 1038 considerandum
1679 1020 1698 1054 ‚
1744 969 2279 1064 quantum-illi,
2318 976 2537 1043 tantis

395 1073 810 1174 reipublicae
866 1075 1207 1170 negotiis»,
1267 1089 1621 1175 tantoque
1678 1076 1872 1150 bello
1932 1079 2282 1178 impedito
2312 1135 2332 1160 ,
2400 1106 2535 1179 ego

322 1279 327 1289 .
398 1186 625 1258 bomo
663 1187 1166 1274 amicissimu5‚
1211 1186 1716 1259 sollicitudinis
1754 1191 1972 1286 atque
2023 1193 2263 1261 oneris
2284 1201 2346 1236 ¹⁰
2398 1194 2534 1262 im-

401 1320 688 1394 ponam.
733 1297 886 1368 Nec
929 1294 1236 1394 despero
1277 1311 1521 1369 tamen
1546 1307 1632 1386 ¹¹,
1676 1322 2115 1397 quamquam
2158 1300 2533 1400 languet¹²

394 1408 770 1502 juventus,
811 1431 946 1477 nec
989 1403 1326 1505 perinde,
1360 1421 1582 1506 atque
1611 1406 2043 1495 debebat¹³‚
2080 1401 2159 1480 i'n
2196 1409 2426 1482 laudis
2464 1421 2539 1480 et

397 1517 640 1614 gloriae
689 1515 1080 1616 cupiditate
1124 1533 1487 1606 versatur,
1522 1518 1811 1589 futuros
1840 1516 2153 1616 aliqum,
2188 1521 2316 1616 qui
2345 1517 2539 1615 abje-

399 1643 598 1700 ctum
657 1629 800 1700 hoc
861 1627 1244 1700 cadaver¹⁴
1299 1628 1801 1700 consularibus
1856 1629 2109 1727 spoliis
2130 1625 2192 1672 ¹⁵
2262 1627 2537 1700 nudare

399 1763 548 1811 non
581 1740 854 1826 nolint,
883 1741 1280 1836 praesertim
1313 1753 1461 1810 tam
1495 1737 1763 1810 afflicto
1785 1793 1803 1826 ,
1844 1754 1989 1812 tam
2028 1737 2357 1826 infirmO,
2386 1753 2532 1810 tam

395 1864 738 1921 enervato
775 1873 938 1933 re03
993 1851 1124 1947 qui
1173 1863 1244 1920 te
1283 1851 1380 1919 ita
1421 1851 1759 1945 gesseris,
1796 1863 1878 1920 ut
1916 1853 2245 1938 timeres,
2297 1873 2391 1921 ne
2430 1851 2537 1919 in-

401 1957 664 2057 dignus
707 1957 1062 2029 beneficio
1084 1956 1150 2004 ¹⁶
1187 1957 1569 2046 videreris,
1613 1960 1748 2030 nisi
1786 1959 1981 2052 ejus,
2015 1985 2051 2029 a
2094 1983 2248 2056 quo
2280 1963 2541 2032 missus

401 2092 592 2152 eraS,
626 2067 1030 2138 simillimus
1071 2069 1482 2140 exstitisses,

473 2243 526 2293 8.
567 2241 713 2305 Quod
742 2241 818 2290 ad
845 2257 922 2290 mc
947 2241 1144 2291 attinet.
1183 2245 1280 2291 Ista
1306 2259 1422 2318 cura

401 2333 451 2372 te
487 2337 590 2371 non
625 2321 784 2370 libero
805 2335 818 2372 ε
845 2331 1178 2371 verumtamen
1203 2332 1277 2371 est
1303 2321 1424 2371 mihi

1588 2257 1672 2293 ω.
1714 2247 1950 2308 [anguet.
1978 2243 2189 2292 Desidiae
2218 2241 2380 2291 dedita
2397 2279 2411 2302 ,
2436 2261 2541 2293 non

1514 2319 1579 2371 cd
1596 2337 1699 2371 eam
1719 2321 1920 2389 gloriam
1938 2337 2179 2389 propensa
2191 2356 2205 2381 ,
2231 2337 2341 2387 quae
2360 2323 2541 2373 civium

401 2400 806 2453 considerandum
820 2436 834 2458 ,
847 2416 909 2450 ne
926 2418 1021 2466 qua
1041 2403 1278 2452 Coessrem
1297 2402 1428 2451 solli-

399 2481 618 2533 citudine
631 2480 836 2531 afficiam
851 2516 866 2541 ,
887 2498 952 2529 ne
969 2480 1109 2545 quod
1127 2482 1172 2529 ei
1191 2481 1426 2531 molestia

399 2579 526 2613 onus
539 2563 788 2626 imponam
800 2595 814 2619 ,
825 2562 1093 2625 presertim
1107 2560 1426 2609 amicissimus

399 2642 598 2691 summis
619 2642 740 2706 reip.
761 2639 969 2703 negotiis
989 2638 1246 2704 impedito.
1411 2628 1418 2635 ¹

471 2737 524 2785 9.
555 2722 841 2784 Numquam
863 2717 1006 2767 istam
1029 2717 1310 2767 imminuam
1334 2734 1422 2766 cu·

401 2816 508 2848 ram
526 2798 779 2867 itfitiando
799 2797 897 2846 eibi.
917 2796 1140 2847 senarius
1155 2796 1294 2845 Accii
1313 2812 1426 2862 poe-

401 2889 465 2926 ta
487 2878 537 2925 in
557 2882 732 2935 Atreu,
755 2893 898 2941 quem
923 2876 1137 2925 imitatus
1157 2884 1228 2923 est
1247 2876 1424 2925 Cicero

401 2966 516 3022 post
529 2956 762 3006 Reditum
784 2957 835 3004 in
853 2967 1050 3005 senatu:
1077 2976 1100 2997 -ι
1117 2958 1425 3018 Numquam,

403 3036 566 3099 inquit
577 3072 590 3095 ,
609 3035 868 3084 infitiando
881 3069 895 3094 ,
913 3035 1240 3099 suspicionem
1259 3034 1424 3087 homi-

403 3130 520 3163 uum
532 3149 546 3174 ,
565 3130 824 3181 curamque
843 3118 1123 3163 minuerunt
1145 3136 1188 3162 ιο.

481 3208 556 3241 10.
571 3193 1000 3261 Sollicituclim'saeq
1006 3210 1064 3241 ue
1072 3192 1246 3241 ornet-is.
1261 3190 1426 3255 Quum

404 3282 518 3320 ante
540 3271 716 3321 dixerit
737 3294 764 3315 α
781 3274 1175 3334 conjunctionem
1198 3287 1349 3320 meam
1377 3284 1427 3321 et

403 3351 607 3400 Cesaris
626 3374 667 3408 n,
690 3349 884 3400 videtur
903 3350 1171 3416 significare
1190 3354 1425 3402 Caesarem

403 3446 508 3478 non
531 3428 739 3478 alienum
763 3430 825 3478 ab
849 3430 932 3478 illa
958 3432 1264 3479 accusatione
1288 3431 1424 3480 futu·

405 3523 542 3557 rum:
582 3523 727 3572 quam
767 3509 1094 3569 coniecturam
1128 3526 1233 3558 vox
1267 3510 1424 3559 oneris

403 3586 640 3651 adauget:
669 3586 871 3635 verbum
895 3598 1055 3635 tamen
1085 3588 1424 3637 sollicitudinis

403 3668 467 3716 ad
497 3682 660 3714 curam
697 3664 758 3712 dc
794 3680 964 3713 socero
1005 3677 1232 3715 accusato
1261 3668 1426 3731 potius

403 3746 643 3813 pertinere
665 3741 872 3792 videtur.

479 3840 500 3873 r
515 3838 536 3871 a
545 3861 558 3874 .
577 3822 674 3871 Nec
686 3821 882 3885 despero
895 3830 1072 3870 tamen.
1083 3822 1427 3887 Superioribus

401 3906 562 3954 verbis
586 3902 738 3953 videri
761 3912 982 3967 poteret,
1009 3904 1233 3953 Pisonem
1251 3904 1426 3965 iudicii

403 3998 532 4037 metu
541 3982 763 4034 nonnihil
778 3982 1056 4043 liberatum3
1065 3998 1196 4031 nune
1205 3984 1428 4031 timorem

403 4067 604 4125 incutit,
624 4074 676 4113 et
693 4062 859 4111 Pisoni
877 4076 1081 4121 nomen,
1105 4062 1147 4108 ai
1171 4076 1275 4109 nou
1299 4076 1323 4109 a
1345 4078 1396 4110 se
1411 4098 1426 4121 ,

402 4145 568 4195 saltem
581 4144 645 4193 ab
661 4142 768 4192 aliis
782 4140 992 4191 delatum
1007 4140 1066 4188 iri
1084 4140 1423 4190 comminatur.

1516 2402 1905 2452 accusationibus
1926 2401 2265 2467 improborum
2288 2403 2443 2464 qnaeri
2464 2418 2545 2449 so-

1514 2480 1659 2531 lebat.
1709 2482 1801 2531 Cui
1844 2481 1915 2530 rei
1966 2482 2145 2545 sapius
2192 2480 2247 2528 in
2289 2480 2543 2545 prioribus

1515 2553 1822 2610 orationibus
1848 2559 2025 2610 alludit
2054 2571 2239 2608 orator.

1589 2642 1670 2689 13.
1693 2640 1773 2689 Al.
1798 2640 1987 2689 debeat.
2014 2642 2069 2690 J.
2088 2640 2155 2689 V.
2173 2642 2230 2687 L.

1588 2728 1669 2776 14.
1707 2718 1953 2785 Abjecenm
1982 2718 2077 2768 1000
2102 2718 2329 2776 cadaver,
2363 2729 2457 2767 etc.
2487 2720 2539 2767 Si

1512 2801 1744 2861 juventus
1766 2800 1995 2865 perinde,
2024 2809 2170 2864 atque
2193 2799 2419 2857 deberet,
2440 2798 2546 2847 lau-

1514 2879 1589 2927 dis
1614 2890 1661 2926 et
1685 2878 1852 2943 glorie
1885 2878 2051 2928 studio
2074 2894 2127 2925 se
2150 2878 2438 2926 industriam
2462 2895 2547 2926 ex-

1514 2956 1727 3017 hiberet,
1752 2968 1931 3005 stantes
1962 2968 2011 3005 et
2036 2957 2307 3007 incolumes
2338 2958 2542 3006 scelera-

1514 3046 1605 3093 tos,
1622 3034 1919 3096 iudiciorum
1935 3034 2081 3084 ermis
2094 3034 2399 3099 percelleret:
2413 3052 2545 3085 nunc

1516 3128 1807 3179 quamquam
1852 3114 2073 3178 languet,
2122 3114 2459 3178 voluptatibus
2496 3127 2546 3162 et

1516 3192 1707 3241 deliciis
1740 3202 1990 3253 enervata,
2019 3206 2120 3240 non
2148 3203 2307 3240 tamen
2334 3191 2402 3241 sic
2438 3194 2547 3243 ani-

1514 3288 1647 3319 mum
1690 3270 1888 3332 abjecit,
1930 3282 1987 3319 ut
2034 3286 2139 3319 non
2173 3272 2298 3319 ausit
2336 3272 2543 3323 cadaver

1512 3351 1755 3413 abjectum
1770 3348 2107 3400 consularibus
2121 3354 2417 3401 ornamentis
2429 3368 2546 3418 spo-

1510 3428 1647 3479 liare.

1508 3501 1525 3507 ‘
1592 3511 1670 3560 15.
1704 3507 2042 3559 consularibus
2073 3507 2547 3573 spoliis.,Consnlsri
2588 3572 2593 3579 ι

1515 3587 1750 3654 dignitate
1770 3622 1785 3648 ,
1830 3588 2138 3653 exponendis
2186 3588 2317 3653 apud
2357 3588 2550 3649 judices

1512 3666 1707 3733 flagitiis
1743 3668 1846 3729 eihs
1892 3681 1949 3715 ac
1987 3666 2266 3717 sceleribus.
2312 3696 2383 3705 —
2429 3670 2545 3719 Non

1514 3749 1687 3797 nolint.
1702 3746 1851 3810 Quasi
1868 3746 2195 3811 dedignentur
2206 3763 2219 3795 ε
2230 3762 2382 3811 quum
2396 3764 2545 3813 parva

1512 3826 1619 3875 laus
1640 3844 1702 3875 ex
1722 3824 1907 3874 afflicto
1930 3861 1945 3886 ,
1969 3824 2163 3876 infirmo
2178 3861 2193 3883 ,
2216 3838 2444 3875 enervato
2463 3846 2547 3879 reo

1520 3914 1845 3971 exspectetur.

1593 3986 1675 4034 16.
1708 3984 1785 4031 Ne-
1809 3982 2039 4049 Indignus
2062 3981 2307 4051 benficia.
2335 3984 2543 4034 Provin-

1516 4064 1614 4121 cia,
1642 4078 1787 4129 quam
1812 4060 1901 4109 tibi
1923 4063 1978 4110 Ρ.
2000 4062 2201 4112 Clodius
2218 4096 2235 4121 ,
2259 4075 2287 4107 a
2309 4078 2411 4127 quo
2432 4067 2543 4114 mis-

1516 4156 1596 4191 sus
1620 4158 1695 4201 es,
1714 4138 1941 4189 beneficii
1954 4140 2069 4189 loco
2088 4138 2307 4189 tradidit.
