2996 4694
814 410 1200 480 oRA‘r-lo
1247 414 1448 481 Pno
1497 416 1594 482 Μ.
1646 416 2051 490 cosmo.
2370 431 2503 525 193

371 529 584 599 etiam
625 552 664 599 a
703 533 1160 604 conscientiae
1203 534 1614 630 suspicione
1666 533 1943 609 abfuit?
1982 554 2053 612 et
2076 596 2095 629 ‚
2133 544 2192 614 si
2237 550 2507 623 Ascitio

371 660 586 712 causa
621 640 786 739 plus
819 642 1096 739 profuit
1120 700 1139 732 ,
1173 667 1390 741 quam
1433 648 1685 716 nocuit
1722 648 1982 720 invidia
2003 705 2021 739 ,
2066 650 2235 725 huic
2272 656 2512 733 oberit

371 762 580 820 tuum
629 750 1086 823 maledictum
1112 809 1130 839 ,
1171 755 1298 851 qui
1341 755 1551 825 istius
1598 752 1763 827 facti
1812 782 1965 829 non
2012 752 2233 835 modo
2276 774 2510 869 suspi-

373 860 584 930 cione
608 914 626 945 ,
663 858 790 931 sed
821 886 916 931 ne
948 861 1240 937 infamia
1275 862 1570 960 quidem
1608 879 1718 936 est
1754 866 2185 966 adspersus?
2220 880 2309 947 At
2336 890 2510 977 prae-

374 970 807 1040 varicatione
855 986 966 1042 est
1020 975 1326 1044 Ascitius
1375 972 1720 1047 liberatus
1744 972 1795 1047 ³.
1850 979 2187 1056 Perfacile
2237 1003 2344 1059 est
2396 993 2509 1064 isti

373 1077 536 1149 loco
577 1079 1062 1177 respondere,
1121 1084 1295 1154 mihi
1354 1087 1785 1181 praesertim,
1838 1113 1879 1159 a
1934 1115 2083 1187 quo
2134 1094 2251 1167 illa
2302 1123 2512 1173 causa

374 1188 669 1261 defensa
708 1204 836 1262 est.
876 1192 1010 1263 Sed
1053 1192 1322 1264 Coelius
1367 1196 1719 1291 optimam
1756 1217 2039 1271 causam
2079 1206 2317 1276 Ascitii
2360 1234 2515 1283 esse

375 1298 806 1390 arbitratum
849 1303 1253 1399 cujusmodi
1290 1318 1533 1374 autem
1574 1308 1702 1394 sit,
1746 1334 1785 1377 a
1824 1333 1949 1380 sua
1987 1327 2194 1411 putat
2232 1340 2383 1389 esse
2416 1346 2520 1393 se-

370 1409 728 1504 junctam;
763 1436 1003 1511 neque
1027 1414 1265 1485 solum
1295 1414 1569 1485 Coelius
1589 1468 1608 1501 ,
1639 1414 1763 1486 sed
1786 1421 1999 1490 etiam
2029 1422 2520 1503 adolescentes

378 1518 878 1595 humanissimi
927 1539 997 1595 et
1043 1523 1477 1612 doctissimi,
1528 1527 1937 1601 rectissimis
1988 1534 2244 1607 studiis
2300 1554 2517 1637 atque

377 1632 674 1729 optimis
712 1633 988 1705 artibus
1020 1634 1337 1733 praediti.
1375 1638 1576 1707 Titus
1610 1639 1969 1737 Gaiusque
2000 1648 2305 1749 Coponii
2336 1677 2349 1718 :
2392 1654 2523 1748 qui

377 1764 462 1811 ex
503 1742 845 1815 omnibus
893 1748 1205 1816 maxime
1249 1747 1507 1817 Dionis
1558 1765 1866 1821 mortem
1915 1754 2346 1850 doluerunt3
2391 1768 2520 1861 qui

377 1874 606 1946 quum
639 1852 983 1925 doctrinae
1011 1855 1300 1927 studio‘·
1335 1871 1552 1953 atque
1584 1856 2079 1953 humanitatiS,
2116 1882 2271 1941 tum
2302 1877 2515 1946 etiam

375 1959 695 2061 hospitio
730 1964 984 2035 Dionis
1019 1963 1476 2037 tenebantur.
1512 1965 1893 2041 Habitabat
1921 1974 1978 2043 is
2009 1977 2203 2073 apud
2232 1984 2308 2051 L.
2336 1986 2517 2055 Luc-

377 2074 647 2160 ceium,
694 2088 778 2144 ut
830 2071 1228 2160 audistis⁵;
1289 2076 1521 2146 fuerat
1576 2079 1640 2147 ei
1690 2082 2017 2175 cognitus
2051 2086 2512 2164 Alexandriae.

377 2182 574 2270 Quid
611 2199 735 2256 aut
769 2185 926 2274 hic,
961 2200 1086 2255 aut
1127 2210 1410 2255 summo
1457 2186 1843 2284 splendore
1881 2194 2261 2288 praedituS,
2298 2198 2518 2275 frater

377 2293 571 2389 ejus»,
624 2294 716 2369 de
775 2302 872 2369 M.
936 2295 1168 2368 Coelio
1219 2298 1622 2386 existimet,
1672 2322 1760 2368 ex
1804 2302 2018 2398 ipsis,
2071 2306 2127 2374 si
2179 2310 2514 2404 producti

379 2419 624 2493 erunt,
664 2407 988 2479 audietis.
1025 2411 1213 2504 Ergo
1243 2406 1396 2478 haec
1420 2424 1955 2499 removeantur,
1984 2427 2065 2484 ut
2092 2416 2514 2515 aliquandO,

375 2513 452 2582 in
485 2515 754 2612 quibus
797 2543 1008 2589 causa
1045 2505 1339 2603 nititur,
1388 2516 1480 2587 ad
1522 2543 1605 2590 ea
1645 2525 2039 2596 veniamus,

472 2630 589 2696 XI.
611 2627 1094 2700 Animadverti
1125 2629 1316 2698 enim
1335 2683 1353 2718 ,
1375 2628 1655 2723 judices
1670 2685 1687 2716 ,
1717 2632 1949 2703 audiri
1976 2660 2015 2705 a
2038 2626 2245 2710 vobis
2265 2667 2507 2716 meum
2536 2657 2541 2660 ’

377 2731 834 2828 familiarem,
879 2743 961 2811 L.
1013 2727 1460 2811 Herennium
1487 2795 1506 2830 ,
1564 2757 1993 2838 perattente.
2048 2752 2131 2818 In
2178 2776 2329 2848 quo
2376 2759 2509 2829 etsi

375 2869 632 2943 magna
673 2874 760 2919 ex
793 2866 994 2947 parte
1040 2851 1330 2948 ingenio
1365 2851 1559 2947 ejus,
1592 2868 1666 2924 et
1702 2853 1987 2926 dicendi
2020 2881 2283 2954 genere
2316 2890 2507 2962 quo-

375 2955 538 3028 dam
585 2957 1071 3049 tenebamini,
1115 2975 1354 3032 tamen
1412 2985 1969 3060 nonnumquam
2020 2967 2354 3061 verebar,
2414 3001 2509 3048 ne

374 3065 493 3139 illa
525 3065 884 3140 subtiliter
919 3069 1012 3142 ad
1052 3069 1583 3142 criminandum
1616 3072 1910 3144 inducta
1951 3079 2181 3148 oratio
2220 3081 2311 3152 ad
2348 3089 2505 3158 ani-

449 3281 494 3330 3.
537 3285 604 3330 Ae
629 3283 1038 3348 prmaricaeione
1072 3296 1144 3334 ese
1178 3285 1398 3334 Asot'ee'us

375 3358 626 3411 liberatus..
651 3365 800 3412 Hunc
823 3365 996 3413 Ascitii
1032 3375 1358 3413 accusatorem
1377 3398 1394 3425 ‚

375 3441 454 3486 cui
475 3444 813 3504 pravaricatio
834 3443 930 3492 fuit
948 3443 1138 3508 objecta
1153 3477 1167 3502 ,
1195 3443 1399 3492 Calvum

374 3517 510 3567 illum
548 3533 788 3570 oratorem
839 3523 1206 3570 celeberrimum
1248 3523 1402 3570 fuisse·

377 3609 562 3648 constat
585 3617 646 3648 ex
667 3611 796 3650 auct.
821 3601 937 3651 dial.
972 3603 1032 3650 de
1057 3604 1255 3650 Orator.
1279 3618 1392 3667 cap.

374 3691 404 3724 a
418 3693 438 3724 t
455 3715 470 3740 ‚
487 3679 573 3727 ubi
595 3680 700 3728 hate
721 3681 976 3745 leguntur:
1006 3703 1028 3725 ιι
1044 3683 1240 3745 Quotus
1263 3681 1394 3730 enim

374 3757 578 3820 quisque
625 3759 764 3808 Calvi
810 3761 864 3808 in
911 3761 1174 3820 Amitinum,
1221 3772 1305 3809 aut
1341 3763 1396 3809 in

373 3837 586 3884 Drusum
606 3837 724 3901 legit
737 3839 798 3886 Ρ»

445 3924 491 3972 4.
546 3916 790 3966 Doctrina.-
835 3917 1014 3968 studio.
1067 3917 1398 3982 Philosophia

373 3993 701 4054 Academico,
746 4013 838 4061 qua
879 3998 977 4045 Dio
1011 3997 1298 4046 excellebat.
1327 4025 1398 4034 —

374 4073 538 4137 Aeque
548 4073 881 4126 hamanitatis.
897 4077 1230 4141 Elegantiores
1247 4076 1400 4125 lim

370 4149 686 4201 humanitatis
693 4155 890 4202 nomine
899 4153 1250 4219 significantur,
1263 4154 1400 4220 quod

567 4241 651 4312 V.
708 4258 798 4320 Cie-
812 4273 928 4324 pars
946 4258 1157 4306 amede.

1483 3301 1648 3335 earnm
1679 3288 1837 3336 studia
1872 3291 2001 3340 feros
2029 3307 2321 3361 asperosque
2350 3315 2513 3354 mores

1484 3365 1549 3412 ad
1599 3366 1945 3416 humanitatem
1997 3382 2045 3419 et
2097 3379 2513 3433 mansuetudinem

1486 3443 1759 3495 traducant.

1556 3524 1605 3572 5.
1634 3523 1796 3587 Apud
1822 3528 1873 3574 L.
1892 3529 2177 3590 Lacaenam,
2203 3546 2259 3583 m*
2280 3539 2510 3593 audistis.

1481 3599 1563 3649 Ad
1596 3617 1741 3664 quem
1776 3604 2027 3654 Ciceronis
2064 3621 2255 3660 exstant
2286 3619 2507 3682 epistola

1480 3678 1571 3730 lib.
1597 3683 1659 3730 V.
1704 3682 1840 3731 Idem
1878 3684 1963 3732 hie
2003 3687 2129 3737 infra
2172 3707 2344 3758 magna
2392 3717 2503 3747 cum

1479 3758 1623 3806 laude
1640 3763 1936 3812 nominatur.
1946 3767 2077 3816 Nota
2092 3773 2505 3832 quemadmodum

1481 3851 1679 3902 orator,
1708 3843 1793 3904 qui
1832 3853 2087 3910 tantopere
2122 3848 2504 3902 adversariorum

1483 3929 1627 3966 testes
1648 3919 1711 3968 ab
1732 3920 2045 3984 obscuritate,
2064 3925 2283 3987 levitate,
2309 3932 2511 3994 ignobi-

1483 3997 1617 4046 litate
1647 3998 1974 4064 depresserat,
2014 4019 2211 4054 ωσι-πω
2256 4010 2451 4058 testium
2480 4029 2509 4060 a

1485 4076 1681 4134 studiis,
1701 4077 2024 4142 hem-nimo,
2047 4081 2307 4146 splendore
2338 4089 2515 4154 ampli·

1485 4153 1603 4205 fleet
1624 4156 1923 4220 dignitatem.

2139 4249 2223 4318 13
