2996 4694
527 365 665 438 388
1163 372 1261 439 Μ.
1313 373 1392 438 Τ.
1445 370 2019 441 CICERONIS

521 495 794 590 potuit:
821 492 1212 563 exercitum
1241 492 1490 563 eduxit
1520 518 1607 564 ex
1628 494 1847 588 Syria.
1873 496 2017 583 Qui
2048 491 2465 566 licuitextra
2484 519 2645 593 pro·

519 601 874 672 vinciam?
905 600 1190 671 Tribuit
1225 627 1300 672 se
1335 604 2225 674 mercenarium-comitem
2254 607 2645 702 regiAlex-

514 711 842 782 andrino.
913 711 1106 800 Quid
1172 710 1312 782 hoc
1371 716 1652 811 turpius
1691 715 1721 784 i>
1783 717 1869 782 In
1932 717 2318 811 AEgyptum
2378 718 2575 786 venit
2614 743 2637 804 3

509 825 712 920 signa
731 821 1040 892 contulit
1071 847 1237 894 cum
1271 822 1782 894 Alexandrinis.
1812 823 2129 914 Quando
2155 823 2293 896 hoc
2318 823 2591 898 bellum
2614 879 2637 910 ‚

509 949 634 1004 aut
669 933 786 1004 hic
821 931 1006 1003 ordo
1030 987 1049 1018 ,
1093 948 1220 1003 aut
1257 933 1571 1031 populus
1602 934 2069 1030 susceperat?
2099 936 2307 1030 Cepit
2332 935 2635 1006 Alexan-

508 1044 772 1114 driam..
795 1043 995 1133 Quid
1029 1042 1226 1114 aliud
1259 1059 1759 1141 exspectamus
1796 1068 1839 1114 a
1874 1041 2121 1114 furore
2150 1045 2342 1137 ejus,
2390 1047 2527 1116 nisi
2555 1061 2639 1116 ut

503 1153 594 1224 ad
623 1167 954 1224 senatum
991 1155 1206 1224 tantis
1229 1153 1332 1224 de
1353 1151 1574 1224 rebus
1598 1154 1813 1250 gestis
1844 1153 2087 1225 literas
2116 1155 2397 1224 mittat?
2424 1156 2553 1225 Hic
2576 1157 2633 1226 si

501 1266 762 1335 mentis
795 1281 980 1334 esset
1023 1287 1204 1347 suae,
1247 1265 1384 1333 nisi
1433 1288 1683 1361 poenas
1726 1265 1969 1361 patriae
2016 1262 2303 1361 diisque
2336 1266 2633 1336 immor-

503 1372 765 1444 talibus
801 1397 961 1455 eas‚
1003 1395 1164 1468 quae
1201 1373 1625 1468 gravissimae
1662 1389 1873 1460 sunt,
1910 1371 2158 1444 surore
2194 1389 2413 1472 atque
2451 1376 2633 1446 insa·

501 1485 618 1554 nia
649 1483 1033 1580 penderet3
1060 1507 1275 1553 ausus
1319 1497 1505 1553 esset
1554 1483 1812 1579 (mitto
1850 1487 2043 1554 exire
2070 1485 2160 1554 de
2205 1485 2632 1582 provincia)

499 1595 806 1665 educere
873 1593 1268 1662 exercitum
1294 1645 1314 1678 ‚
1359 1591 1633 1664 bellum
1692 1617 1823 1664 sua
1880 1607 2141 1690 sponte
2196 1617 2484 1690 gerere,
2550 1597 2629 1664 in

495 1727 800 1800 regnum
859 1703 1141 1797 injussu
1205 1705 1462 1800 populi
1518 1718 1643 1774 aut
1702 1718 1990 1775 senatus
2046 1703 2435 1776 accedere?
2468 1731 2633 1803 quae

497 1837 723 1909 quum
766 1812 1090 1910 plurimae
1135 1813 1326 1910 leges
1354 1829 1669 1899 vetereS‚
1728 1828 1883 1884 tum
1918 1814 2033 1884 lex
2076 1813 2453 1884 Corneliae
2484 1839 2631 1886 ma-

487 1924 762 2018 jestatis
784 1979 804 2008 ‚
843 1925 1026 1995 Julia
1055 1923 1150 1995 de
1183 1926 1517 2020 pecuniis
1556 1923 2013 2021 repetundis,
2047 1921 2461 2022 planissime
2497 1949 2623 1998 ve-

496 2046 678 2101 tant.
727 2031 866 2103 Sed
909 2031 1058 2104 haec
1097 2034 1378 2103 omitto.
1419 2033 1593 2118 Ille,
1632 2037 1689 2104 si
1728 2057 1880 2102 non
1926 2035 2271 2104 acerrime
2320 2033 2627 2123 fureret,

497 2142 799 2214 auderet
817 2153 880 2188 1⁰
891 2167 1105 2240 quam
1138 2144 1581 2240 provinciam
1607 2149 1683 2215 P.
1708 2143 2131 2214 Lentulus¹¹
2158 2147 2629 2218 amicissimus

500 2239 666 2324 huic
716 2253 992 2340 ordini,
1029 2277 1258 2350 quum
1305 2267 1378 2325 et
1414 2257 1835 2326 auctoritate
1871 2269 2159 2326 senatus
2180 2307 2202 2342 ,
2244 2270 2318 2326 et
2352 2271 2545 2328 sorte
2566 2267 2625 2300 ¹²

499 2362 835 2450 haberet,
863 2364 1286 2460 interposita
1319 2357 1775 2461 religione¹³‚
1810 2365 1966 2437 sine
1992 2364 2139 2435 ulla
2178 2364 2627 2441 dubitatione

495 2473 978 2570 deposuisset,
1019 2496 1176 2542 eam
1209 2472 1346 2543 sibi
1379 2472 1771 2545 adsciscere
1792 2473 1880 2562 ¹4,
1911 2499 2177 2571 quum,
2207 2477 2487 2547 etiamsi
2510 2504 2627 2550 re-

492 2583 664 2679 ligio
707 2606 857 2652 non
897 2572 1322 2680 impediret,
1377 2608 1536 2655 mos
1570 2585 1923 2680 majorum
1952 2600 2233 2674 tamen,
2270 2602 2344 2659 et
2388 2613 2627 2659 exem-

500 2694 652 2792 pla,
678 2707 752 2763 et
778 2694 1202 2789 gravissimae
1242 2691 1480 2791 legum
1530 2718 1761 2792 poeuae
1790 2695 2159 2766 vetarent?

592 2806 812 2874 XXII.
865 2796 1005 2875 Sed
1030 2858 1049 2889 ‚
1093 2805 1437 2900 quoniam
1466 2801 1923 2877 fortunarum
1952 2808 2490 2877 contentionem
2519 2806 2626 2879 fa·

453 2926 663 2985 ‘cere
701 2915 1093 3012 coepimus3
1155 2910 1244 2983 de
1281 2914 1522 2986 reditu
1552 2912 1840 2986 Gabinii
1894 2915 2355 2986 omittamus:
2406 2940 2625 3013 quem

504 3004 636 3098 etsi
688 3024 823 3097 sibi
887 3027 1040 3122 ipse
1095 3023 1416 3120 praecidit
1439 3036 1490 3113 ¹,
1551 3050 1687 3123 ego
1747 3040 2026 3111 tamen,
2075 3048 2159 3095 os
2218 3039 2303 3096 ut
2342 3025 2623 3097 videam

574 3182 628 3229 9.
665 3166 770 3212 Lex
797 3160 1035 3211 Cornelia.
1063 3166 1222 3227 Quam
1248 3165 1305 3212 L.
1335 3165 1521 3213 Corne·
1604 3174 1798 3211 senatus
1816 3197 1831 3223 ,
1858 3178 2057 3226 eamque
2082 3164 2383 3227 provinciam
2408 3164 2467 3217 de
2488 3178 2627 3215 more

505 3244 599 3293 lius
641 3243 774 3292 Sulla
794 3276 810 3300 ‚
861 3254 912 3291 et
951 3242 1113 3291 Julius
1158 3244 1316 3293 Caesar
1360 3244 1520 3307 primo
1605 3242 1727 3290 sorti
1744 3242 2135 3291 committendam
2158 3254 2376 3307 putaret,
2410 3245 2629 3303 Lentuli,

505 3324 757 3372 consulatu
785 3322 1014 3370 tulerant.
1607 3320 1719 3383 quia
1738 3322 2041 3386 propinquus
2059 3333 2160 3369 erat
2179 3324 2417 3385 Egyptm
2438 3332 2487 3369 et
2504 3322 2625 3370 alio·—

582 3418 664 3451 ιο.
694 3401 775 3449 Al.
802 3400 1010 3449 audiret.
1037 3402 1085 3451 J.
1103 3403 1166 3451 V.
1197 3404 1250 3451 L.

584 3498 604 3527 1
622 3497 640 3527 1
653 3516 666 3529 .
697 3484 755 3529 P.
779 3480 1022 3529 Lentulus.
1049 3482 1150 3545 Qui
1167 3492 1284 3529 tunc
1301 3479 1519 3527 Ciliciam

501 3560 886 3609 administrabat.

581 3656 658 3689 ια.
687 3641 837 3687 Sorte.
866 3640 1100 3691 Consules
1120 3637 1396 3703 provincias
1415 3651 1522 3707 sor·

503 3721 585 3767 tiri
610 3719 782 3769 solitos
803 3737 904 3768 esse
919 3756 932 3777 ,
959 3734 1105 3768 nemo
1133 3717 1286 3765 nescit
1306 3733 1318 3763 τ
1343 3731 1403 3762 ex
1424 3732 1521 3777 qua

504 3800 758 3848 sortitione
801 3800 1033 3847 Lentulus
1067 3796 1248 3845 Ciliciae
1279 3805 1484 3858 praeerat
1503 3827 1520 3854 ,

501 3864 564 3941 Q.
599 3880 823 3927 Metellus
857 3878 1053 3941 Nepos,
1077 3876 1176 3938 ⁸qui
1202 3874 1388 3937 collega
1415 3874 1520 3934 ejus

499 3959 654 4006 suerat
709 3956 982 4020 Hispaniae3
1026 3968 1124 4017 quo
1171 3951 1322 4000 modo
1368 3952 1555 4022 igitur-

491 4049 625 4086 sorte
661 4036 868 4085 habebat
905 4033 1209 4099 AEgyptum?
1245 4047 1336 4091 an,
1371 4031 1515 4094 quia,

1607 3416 1713 3447 rum
1733 3399 1929 3449 nomina
1952 3400 2003 3446 in
2025 3416 2194 3447 urnam
2215 3396 2519 3461 conjecerat?

1685 3480 1762 3525 13.
1796 3478 2087 3541 Interposita
2112 3478 2361 3545 religione.
2390 3482 2513 3543 Quae
2536 3497 2623 3529 ve-

1610 3556 1741 3603 tabat
1766 3558 2006 3605 conscribi
2036 3559 2301 3616 exercitum
2330 3559 2383 3607 in
2408 3576 2519 3625 rege
2544 3576 2623 3607 re·

1607 3636 1853 3684 stitnendo
1882 3651 1897 3686 ε
1951 3637 2196 3701 refigionis
2246 3640 2376 3685 enim
2425 3642 2625 3689 nomine

1608 3712 1941 3779 significantur
1958 3715 2155 3781 Sibyllae
2176 3732 2354 3777 versus,
2365 3734 2489 3781 quos
2506 3729 2623 3768 tunc

1610 3792 1917 3841 evolvebant.

1686 3881 1763 3928 14.
1790 3872 1869 3921 ΔΙ.
1900 3883 1999 3920 tum
2018 3873 2158 3921 adse.
2186 3875 2239 3922 J.
2258 3876 2326 3922 V.
2356 3878 2409 3923 L.

1676 3954 1847 4000 xxn.
1876 3968 1917 3999 1.
1948 3942 2417 4017 εἰῡεφωρνωοῑᾱει.
2448 3954 2625 4001 Effecit

1602 4031 1707 4097 ipse
1730 4033 1829 4079 suis
1856 4032 2140 4091 sceleribus,
2168 4048 2229 4081 ne
2254 4032 2411 4081 redite
2432 4042 2621 4097 posset.

491 4132 643 4181 quum
683 4115 743 4163 de
785 4112 1085 4161 restituendo
1125 4127 1235 4177 rege
1271 4111 1512 4175 cogitaret
1602 4136 1671 4145 —
1698 4110 1781 4159 ΔΙ.
1808 4110 1911 4175 ι’ρεὶ.
