2996 4694
527 369 670 454 41ss
1177 371 1274 437 M.
1323 371 1401 436 T.
1455 369 2023 440 CICERONIS

527 491 998 563 domesticum
1045 505 1577 588 paternumque
1620 491 2031 560 renovasti?
2085 486 2426 563 Videras⁸
2464 495 2659 565 enim

529 602 817 699 grandis
850 602 996 698 jam
1041 624 1254 696 puer,
1301 599 1496 670 bello
1534 600 1785 671 Italico
1802 611 1857 686 9,
1912 599 2177 698 repleri
2212 593 2494 698 quaestu
2531 629 2653 676 ve-

531 729 750 784 stram
785 711 1360 807 domum‚quum
1396 725 1602 808 pater
1640 713 1857 780 armis
1898 709 2237 782 faciendis
2272 726 2443 783 tuus
2478 738 2653 810 prae·

530 821 884 894 fuisset10.
943 820 1190 913 Quid?
1258 813 1673 917 vectigalem
1747 823 2301 917 provinciam¹¹‚
2358 822 2655 920 singulis

529 932 786 1021 rebuS,
820 955 1300 1031 quaecumque
1329 933 1693 1018 venirent,
1732 943 1934 1000 certo
1974 933 2379 1027 portorio¹²
2426 933 2657 1028 impo-

527 1048 708 1131 sito,
763 1047 980 1114 servis
1015 1039 1238 1112 tuis¹³
1286 1039 1692 1139 publicanis
1736 1065 1777 1110 a
1810 1054 1881 1111 te
1917 1038 2177 1110 factam
2222 1065 2375 1112 esse
2410 1044 2653 1112 memi—

529 1155 748 1226 nisti?
791 1152 1029 1244 Quid?
1066 1152 1511 1222 centuriatus
1549 1150 1783 1248 palam
1840 1149 2221 1221 venditos?
2264 1150 2489 1247 quid?
2524 1176 2655 1247 per

527 1281 736 1336 tuum
803 1260 1168 1334 servulum
1241 1261 1531 1332 ordines
1598 1260 2043 1359 assignatos?
2100 1260 2333 1357 quid?
2390 1263 2655 1358 stipen-

530 1376 730 1447 dium
753 1377 812 1424 14
845 1370 1192 1442 militibus
1219 1395 1346 1468 per
1373 1394 1627 1441 omnes
1654 1395 1883 1442 annos
1910 1396 1951 1441 a
1982 1370 2423 1459 civitatibuS‚
2456 1395 2657 1443 men-

526 1487 622 1556 sis
673 1481 910 1581 palam
964 1482 1383 1578 propositis,
1423 1505 1581 1552 esse
1624 1482 2133 1552 numeratum?
2175 1481 2373 1571 Quid
2412 1481 2532 1552 illa
2576 1483 2651 1552 in

525 1599 834 1666 Pontum
861 1588 1212 1688 profectio
1231 1587 1296 1632 ¹⁵
1322 1605 1397 1661 et
1421 1605 1725 1662 conatus
1747 1592 1957 1662 tuus?
1974 1591 2150 1687 quid
2174 1589 2571 1662 debilitatio
2590 1589 2653 1636 ¹⁶

524 1718 748 1799 atque
787 1699 1092 1816 abjectio
1131 1701 1354 1772 animi
1397 1701 1545 1788 tui,
1606 1701 2025 1773 Macedonia
2083 1703 2413 1799 praetoria
2466 1726 2653 1772 nun-

524 1815 726 1898 tiata,
779 1813 1006 1907 quum
1059 1824 1176 1895 tu,
1221 1835 1370 1881 non
1407 1810 1645 1881 solum
1686 1811 1887 1908 quod
1924 1808 2059 1882 tibi
2110 1809 2649 1898 succederetur,

521 1920 646 1994 sed
711 1917 913 2016 quod
969 1917 1280 1990 Gabinio
1335 1944 1488 1990 non
1558 1919 2087 2005 succederetur,
2149 1925 2524 2017 exsanguis
2576 1936 2651 1992 et

521 2041 852 2102 mortuus
915 2008 1324 2100 concidisti.
1309 2029 1338 2084 ²
1413 2028 1609 2119 Quid
1669 2044 1983 2127 quaestor
2058 2029 2387 2102 aedilitius
2466 2033 2649 2127 reje-

1625 2207 1843 2272 capiebat
1859 2242 1873 2265 ,
1900 2209 1951 2254 in
1976 2225 2115 2255 suum
2143 2224 2283 2256 usum
2310 2220 2613 2257 converteret
2630 2246 2645 2268 ,

1621 2287 1825 2349 jubebat
1855 2302 1884 2333 s
1914 2287 2191 2335 civitatibus
2232 2287 2529 2353 stipendium
2552 2305 2645 2337 nu-

586 2211 636 2259 8.
686 2207 889 2256 Videras
925 2206 1068 2254 enim.
1113 2205 1194 2254 Ab
1230 2207 1458 2266 avaritia,
1485 2219 1537 2255 ct

517 2287 744 2338 sordibus
770 2287 986 2352 paternis
1013 2287 1066 2334 in
1097 2285 1321 2332 Pisonem
1353 2285 1538 2333 derivat

515 2370 790 2425 insumim3
817 2364 1228 2429 quemadmodum
1245 2400 1261 2423 ,
1285 2376 1335 2413 et
1353 2376 1539 2429 patrem

519 2448 736 2503 Pisonis,
765 2446 819 2493 in
855 2444 1088 2492 orationis
1119 2444 1292 2505 initio,
1327 2442 1538 2493 -Caeso-

519 2529 656 2575 nium
679 2524 890 2571 hominis
909 2522 1196 2569 furacissimi
1219 2520 1373 2571 fllium
1391 2546 1416 2565 a
1441 2540 1536 2572 no-

521 2606 748 2653 minaret.

587 2700 638 2746 9.
675 2680 814 2729 Bello
841 2678 1032 2728 Italico.
1068 2680 1280 2728 Marsico
1293 2716 1306 2739 ,
1334 2683 1437 2729 sive
1461 2697 1538 2730 so-

517 2761 655 2817 ciali,
683 2757 817 2821 quod
845 2768 960 2821 post
991 2770 1198 2806 mortem
1233 2760 1356 2807 Livii
1389 2762 1537 2809 Drusi

517 2838 813 2889 concitatum
839 2848 910 2884 est
931 2836 1129 2900 populis
1155 2838 1333 2886 Italicis
1359 2852 1536 2903 peten-

517 2919 648 2968 tibus
661 2919 741 2979 jus
756 2915 1096 2979 suffragiorum
1117 2928 1166 2965 et
1186 2918 1412 2967 civitatis.

587 3014 666 3045 ιο.
685 2993 850 3045 Armis
855 2994 1110 3059 faciendis
1129 3008 1237 3043 tuus
1247 2996 1533 3063 praefuisset.

514 3078 682 3127 Fuisse
696 3074 956 3135 conjicitur
973 3073 1220 3123 fabrorum
1237 3078 1511 3139 proefectus.

592 3174 670 3205 ιι.
703 3153 1002 3219 Vectigalem
1022 3154 1338 3218 provinciam.
1368 3160 1535 3221 Quum

513 3250 640 3290 esset
654 3236 832 3299 libera,
855 3245 903 3283 et
921 3236 1146 3283 immunis
1161 3270 1176 3294 ,
1199 3252 1302 3285 eam
1323 3240 1535 3303 vectiga-

513 3324 608 3371 lem
625 3316 799 3366 fecisti.

587 3414 667 3448 ια.
695 3396 835 3443 Certo
853 3393 1093 3457 portorio.
1125 3396 1402 3442 Portorium
1431 3408 1533 3443 erat

509 3476 715 3540 vectigal
731 3508 746 3531 ‚
799 3474 935 3536 quod
979 3490 1040 3521 ex
1091 3474 1436 3537 impet-tatione
1479 3486 1529 3521 et

507 3553 846 3623 exportatioue
869 3552 1101 3599 mercium
1130 3551 1405 3613 exigebant.
1434 3554 1529 3601 Da·

507 3641 583 3688 bit
605 3636 702 3683 hoc
723 3633 970 3680 Excursus
987 3628 1052 3675 sd
1070 3628 1250 3675 calcem
1269 3630 1368 3679 vol.
1385 3632 1452 3679 11.

581 3718 663 3764 13.
691 3707 844 3758 Servis
865 3705 974 3755 tuis.
995 3708 1134 3769 Quos
1153 3710 1288 3769 qussi
1307 3709 1527 3772 publica-

505 3814 598 3849 „03
615 3786 828 3842 habebas
849 3785 902 3832 iu
922 3786 1190 3847 provincia.

577 3884 662 3929 14
711 3864 848 3931 Quid
857 3868 884 3909 θ
917 3862 1302 3926 stipendium...
1350 3868 1527 3915 mensis

495 3956 670 4023 paam
698 3939 968 4011 propositis.
996 3942 1301 4005 Stipendium
1337 3946 1526 4010 pende*-

504 4038 646 4085 batur
673 4042 736 4074 ex
760 4020 960 4069 aersrio:
988 4020 1102 4067 Piso
1129 4033 1185 4068 ut
1211 4022 1338 4069 illam
1367 4040 1523 4088 pecu·

501 4118 650 4173 niam,
661 4117 804 4171 quam
818 4114 881 4145 ex
893 4099 1060 4146 aerario
1079 4101 1306 4165 stipendii
1322 4105 1523 4153 nomine

1626 2366 1831 2415 merari:
1857 2367 2037 2415 fautum
2072 2366 2337 2432 amplificat
2362 2384 2391 2415 a
2423 2367 2643 2418 duobus:

1632 2446 1685 2493 1⁰
1718 2446 1871 2509 Quod
1908 2462 2011 2494 nou
2036 2446 2211 2504 semel,
2236 2447 2321 2494 sed
2358 2464 2446 2511 per
2477 2464 2645 2495 omues

1626 2541 1781 2573 annos
1814 2525 1867 2572 id
1904 2526 2100 2582 fecerit3
2144 2524 2201 2572 2⁰
2228 2526 2365 2589 quod
2401 2525 2556 2591 palam
2595 2540 2643 2576 et

1623 2604 1801 2652 mensis
1817 2604 2084 2669 propositis
2104 2604 2157 2651 in
2179 2604 2337 2652 oculis
2354 2606 2506 2653 totius
2523 2622 2643 2671 pro·

1624 2698 1810 2731 vincia.

1699 2764 1781 2810 15.
1818 2762 1952 2824 Quid
1972 2761 2059 2810 illa
2086 2760 2135 2809 in
2161 2764 2365 2811 Pontum
2384 2762 2640 2828 profectio.

1622 2844 1719 2890 Res
1744 2839 1948 2889 obscura
1972 2852 2045 2889 est
2062 2874 2076 2899 ‚
2101 2854 2149 2889 et
2176 2840 2323 2889 nullis
2346 2843 2641 2906 antiquitatis

1624 2922 1852 2985 impressa
1876 2921 2117 2985 vestigiis:
2136 2920 2331 2967 ridetur
2356 2923 2467 2968 Piso
2490 2938 2640 2985 pecu-

1622 3000 1718 3047 niis
1750 2998 2071 3048 Barbsrorum
2108 3000 2300 3047 inhians
2336 3001 2387 3047 iu
2428 3003 2637 3049 Pontum

1622 3078 1987 3142 impressionem
2022 3078 2219 3134 fecisse;
2260 3090 2309 3125 et
2346 3079 2460 3128 iude
2496 3080 2641 3127 fuisse

1623 3157 1908 3221 depulsum,
1942 3156 2073 3204 uude
2109 3166 2157 3203 et
2196 3168 2400 3205 conatus
2443 3160 2605 3221 potius
2626 3194 2641 3216 ,

1621 3254 1765 3301 quam
1784 3235 1967 3285 bellum
1982 3236 2169 3284 illatum
2186 3238 2482 3286 nominatur.

1696 3320 1776 3367 16.
1808 3317 1943 3381 Quid
1963 3316 2233 3365 debilitatio
2260 3329 2411 3380 acque
2436 3317 2637 3383 alfa-etio

1619 3394 1773 3442 animi
1794 3395 1880 3445 τέκ’.
1906 3399 2016 3444 Hoc
2038 3410 2140 3442 nou
2161 3395 2359 3443 videtur
2377 3396 2637 3443 admodum

1618 3474 1680 3521 ad
1699 3475 1948 3523 avaritiam
1968 3476 2231 3538 pertinere,
2252 3476 2349 3521 nisi
2367 3476 2407 3522 si
2425 3474 2640 3523 dicamus

1616 3570 1741 3617 aegre
1762 3552 1926 3601 tulisse
1952 3556 2177 3602 Pisonem
2194 3589 2210 3614 ,
2238 3564 2286 3601 et
2313 3554 2477 3601 animo
2504 3554 2639 3601 debi-

1614 3633 1803 3680 litatum
1831 3633 2006 3692 fuisse,
2039 3650 2189 3697 quum
2230 3634 2417 3681 audiret
2447 3650 2641 3681 succes·

1615 3726 1773 3759 sorem
1792 3710 1881 3758 sibi
1902 3728 2003 3759 esse
2022 3711 2330 3770 destinatum,
2350 3712 2487 3775 quod
2510 3712 2644 3760 vide·

1613 3800 1687 3837 ret
1715 3790 1813 3837 hoc
1840 3800 1987 3854 pacto
2016 3792 2255 3838 furtorum
2286 3804 2333 3839 et
2362 3791 2639 3855 rapinarum

1613 3868 1917 3916 occasionem
1932 3869 2025 3917 sibi
2040 3884 2142 3917 esse
2162 3880 2449 3934 praereptam
2462 3904 2475 3927 ,
2492 3886 2639 3933 quam

1612 3946 1933 4007 abiectionem
1966 3947 2114 3995 animi
2147 3946 2209 3995 ab
2236 3948 2421 3995 invidis
2450 3949 2643 3996 Pisonis

1610 4027 1663 4071 in
1702 4024 1963 4073 Gabinium
2002 4038 2172 4090 auget,
2214 4042 2317 4090 quo
2354 4027 2475 4075 vitio
2512 4028 2644 4076 nihi!

1611 4105 1862 4165 abjectius.
