2996 4694
878 383 1271 450 ORATIO
1302 381 1424 451 'IN
1476 381 2012 454 VATINIUM.
2377 383 2500 458 151

388 502 623 574 vitatis
664 499 1062 601 producere
1082 499 1112 548 3
1150 491 1680 575 consueverunt
1699 556 1720 591 ,
1759 501 1862 576 ibi
1897 517 1976 576 tu
2010 504 2316 580 indicem
2348 513 2513 582 Vet-

389 613 573 683 tium
624 612 935 710 linguam
990 626 1065 686 et
1103 637 1357 686 vocem
1414 637 1618 687 suam
1675 615 1922 690 sceleri
1975 630 2049 687 et
2097 619 2326 690 menti
2370 634 2514 708 tuae

390 721 711 819 praebere
744 722 1066 810 voluisti,
1116 737 1199 795 ut
1235 721 1508 796 diceret
1535 721 1667 820 [L.
1697 723 2018 824 Vettius]
2045 729 2119 802 iu
2159 728 2514 803 concione

389 845 547 917 tua,
578 848 870 929 rogatus
897 858 941 904 a
975 847 1085 921 te,
1125 857 1201 906 se
1236 847 1605 924 auctores,
1643 848 1720 906 et
1757 835 2190 934 impulsores
2213 891 2235 925 ,
2275 851 2350 910 et
2392 861 2514 910 so-

390 947 537 1015 cios
573 941 908 1018 habuisse
948 943 1229 1016 sceleris
1265 944 1458 1018 illius
1496 968 1624 1016 eos
1665 946 1860 1018 viros
1884 999 1905 1035 ,
1952 945 2223 1044 quibus
2257 971 2300 1020 e
2336 948 2512 1018 civi-

390 1067 533 1124 tate
579 1053 913 1146 sublatiS,
951 1053 1149 1152 quod
1186 1068 1267 1126 tu
1304 1079 1395 1128 eo
1438 1068 1768 1153 tempore
1800 1056 2226 1146 moliebare,
2267 1058 2512 1132 civitas

387 1178 574 1236 stare
610 1189 763 1236 non
802 1179 1087 1264 posset:
1117 1169 1214 1236 Μ.
1248 1163 1582 1238 Bibulum
1607 1219 1628 1254 ,
1665 1165 1870 1260 cujus
1909 1166 2312 1240 inclusione
2339 1191 2514 1240 con·

386 1286 629 1346 tentus
657 1299 809 1346 non
834 1299 1026 1361 eras,
1052 1271 1455 1349 interficere
1488 1273 1854 1365 volueras,
1877 1276 2310 1374 spoliaveras
2342 1299 2517 1350 con-

385 1383 619 1456 sulatu
640 1381 698 1472 4,
737 1385 964 1483 patria
998 1387 1280 1483 privare
1316 1383 1693 1483 cupiebas3
1731 1389 1814 1458 L.
1851 1386 2264 1481 Lucullum,
2302 1386 2512 1481 cujus

384 1506 467 1564 tu
499 1493 721 1566 rebus
764 1499 977 1591 gestis
991 1491 1047 1583 ⁵,
1088 1493 1289 1592 quod
1333 1495 1487 1592 ipse
1525 1492 1616 1566 ad
1659 1495 2152 1593 imperatorias
2183 1494 2431 1568 laudes
2469 1520 2511 1566 a

387 1627 617 1700 puero
680 1603 1013 1678 videlicet
1072 1619 1429 1702 spectaras
1460 1657 1480 1692 ,
1547 1604 2045 1678 vehementius
2097 1603 2514 1690 invidebas;

384 1718 465 1786 C.
507 1716 935 1802 Curionem,
994 1729 1433 1812 perpetuum
1482 1711 1766 1788 hostem
1814 1713 2314 1813 improborum
2356 1739 2510 1787 om·

310 1827 319 1836 '
388 1825 588 1894 nium
614 1878 635 1910 ‚
681 1839 1047 1895 auctorem
1088 1820 1358 1920 publici
1402 1823 1721 1908 consilii,
1771 1822 2100 1897 libertate
2139 1826 2509 1897 communi

384 1932 655 2004 tuenda
702 1935 1011 2004 maxime
1044 1931 1351 2006 liberum
1373 1929 1443 2020 ⁶,
1484 1955 1652 2004 cum
1697 1931 1848 2004 filio
1891 1934 2219 2031 principe
2249 1933 2510 2029 juven-

386 2041 559 2111 tutis
584 2096 604 2128 ‚
646 2064 813 2113 cum
856 2040 1231 2139 republica
1282 2040 1786 2135 conjunctiore
1837 2045 2094 2131 etiam,
2144 2067 2366 2141 quam
2417 2044 2510 2117 ab

382 2147 503 2218 illa
528 2163 733 2222 aetate
769 2147 1285 2249 postulandum
1322 2147 1751 2238 fuit,delere
1786 2151 2108 2241 voluisti3
2147 2157 2226 2224 L.
2253 2157 2508 2227 Domi·

382 2263 566 2330 tium
583 2271 637 2349 ⁷,
662 2261 776 2357 cuj
785 2283 867 2330 us
881 2258 1188 2359 dignitas
1207 2273 1277 2331 et
1296 2259 1644 2356 splendor
1662 2263 2199 2360 praestringebat
2219 2318 2239 2352 ,
2265 2264 2510 2353 crede,

380 2370 634 2443 oculos
664 2372 963 2459 Vatinii,
997 2395 1217 2469 quem
1260 2383 1340 2442 tu
1382 2384 1684 2469 propter
1717 2396 2106 2445 commune
2139 2373 2392 2446 odium
2429 2376 2504 2447 in

378 2480 617 2553 bo'nos
648 2481 905 2553 oderas
931 2537 951 2570 ,
991 2481 1067 2553 in
1110 2494 1479 2580 posterum
1526 2494 1796 2589 autem,
1831 2496 2133 2581 propter
2177 2487 2506 2555 omnium

378 2616 581 2690 spem
609 2647 630 2678 ,
670 2616 834 2691 quae
883 2592 975 2664 de
1026 2590 1153 2663 illo
1202 2605 1309 2663 est
1330 2644 1353 2675 ,
1402 2603 1622 2687 atque
1659 2606 1814 2663 erat
1838 2646 1860 2681 ,
1923 2607 2090 2665 ante
2135 2591 2507 2689 aliquanto

380 2701 717 2790 timeba53
760 2706 839 2773 L.
893 2701 1283 2775 Lentulum
1308 2752 1327 2787 ,
1363 2698 1560 2773 hunc
1596 2700 1913 2797 jud-icem
1961 2718 2324 2792 nostrum,
2378 2702 2504 2775 fla-

381 2812 645 2883 minem
684 2804 1117 2900 Martialem,
1164 2807 1365 2907 quod
1406 2825 1560 2882 erat
1589 2834 1676 2881 eo
1706 2824 2036 2910 tempore
2069 2811 2360 2886 Gabinii
2393 2815 2504 2885 tui

380 2921 837 3020 competitor,
868 2919 1189 3018 ejusdem
1207 2919 1426 2989 Vettii
1447 2917 1718 2991 indicio
1745 2922 2158 3021 opprimere
2183 2922 2504 3010 voluisti;

1480 3096 1720 3139 testatem.
1755 3088 1916 3138 Gener
1953 3105 2146 3155 semper
2181 3106 2234 3139 ee
2263 3090 2411 3159 gessit
2444 3092 2500 3139 iu

1478 3166 1738 3216 consulatu
1756 3182 1848 3215 euo
1869 3178 2114 3233 tamquam
2131 3170 2174 3217 ιΞ
2187 3168 2235 3217 ei
2253 3184 2356 3219 nou
2371 3182 2500 3220 eeeet

1476 3244 1688 3309 collega
1715 3246 1880 3310 itaque
1920 3246 2074 3295 facete
2111 3249 2228 3297 nti·
2267 3248 2498 3299 dicebant

374 3090 533 3155 legem
574 3090 822 3151 ferebant,
860 3087 1073 3153 aliquem
1116 3102 1180 3135 α
1225 3084 1393 3150 primis

377 3169 585 3218 civitatis
607 3170 663 3217 iu
680 3169 966 3217 concionem
984 3166 1271 3233 producere,
1288 3179 1391 3229 quo

378 3249 533 3309 maior
548 3248 707 3296 verbis
731 3248 951 3312 ipsorum
986 3244 1109 3295 fides
1136 3243 1391 3292 adhibere-

378 3338 488 3384 tur,
512 3336 563 3373 et
580 3325 691 3391 plu
721 3324 1023 3374 auctoritatis
1042 3322 1109 3371 ed
1131 3338 1298 3372 eorum
1318 3322 1388 3371 le·
1409 3387 1419 3395 .

380 3420 461 3469 gee
498 3404 761 3453 accederet.
802 3407 877 3453 Ite
916 3402 1121 3453 Clodius
1161 3403 1386 3452 Pisonem

377 3482 625 3533 consulem
656 3483 892 3548 produxit
906 3518 922 3543 ,
960 3498 1111 3548 quum
1138 3482 1201 3531 de
1244 3482 1390 3531 Cice·-

373 3578 496 3612 roue
518 3562 573 3609 iu
590 3561 812 3609 utilium
830 3560 1069 3611 mittendo
1082 3572 1388 3612 statueretur.

444 3640 799 3690 &praeducem
822 3640 941 3689 Nou
964 3641 1037 3689 fu
1061 3650 1163 3689 eret
1184 3640 1389 3705 privetis

373 3732 530 3770 rostra
558 3716 900 3767 conscendere.
926 3718 1023 3767 Sed
1048 3720 1090 3767 si
1124 3718 1188 3767 ab
1220 3718 1387 3783 aliquo

374 3799 763 3867 producerentur
797 3798 1107 3861 magistratu,
1140 3800 1221 3861 jue
1264 3798 1387 3848 illud

372 3879 679 3931 obtinebant.

444 3969 495 4017 4.
539 3956 845 4024 spoliaveras
889 3955 1159 4005 consulam.
1196 3956 1388 4006 Etenim

370 4054 523 4102 quum
536 4034 895 4099 eumeoegisees
904 4033 1105 4083 domum
1112 4036 1389 4100 confugere,

1473 3324 1676 3388 quidam
1697 3324 2032 3375 {Consulibus
2051 3325 2190 3375 Julio
2217 3338 2267 3375 et
2291 3326 2496 3376 Caeeue.

1553 3406 1600 3453 5.
1631 3406 1704 3451 st
1733 3406 1870 3453 rebus
1889 3402 2062 3469 gestis.
2100 3406 2324 3469 Quantus
2349 3406 2496 3455 fuerit

1475 3485 1740 3549 impet-attu-
1795 3486 1850 3533 L.
1895 3482 2131 3532 Lucullus
2149 3516 2166 3541 ‚
2213 3484 2386 3535 Cicero
2439 3485 2494 3535 iu

1476 3562 1632 3612 Acce.
1655 3564 1748 3621 Π,
1791 3577 1840 3621 1,
1872 3573 1924 3611 et
1965 3558 2116 3611 ceteri
2149 3562 2374 3613 historici
2407 3562 2499 3615 de-

1473 3651 1767 3691 'nomm‘-

1547 3722 1596 3770 ⁶.
1618 3719 1842 3769 Maxime
1859 3718 2082 3770 liberum.
2107 3724 2158 3771 Ie
2182 3734 2256 3771 eet
2277 3722 2365 3786 qui
2383 3723 2494 3773 Ce-

1474 3816 1629 3851 eerem
1664 3799 1884 3849 omnium
1918 3798 2177 3848 mulierum
2211 3800 2400 3859 virum,
2445 3811 2496 3851 et

1474 3880 1694 3928 omnium
1719 3878 1936 3925 virorum
1960 3878 2210 3927 mulierem
2233 3878 2461 3927 vocabat.

1553 3974 1601 4019 7.
1647 3960 1704 4007 L.
1755 3954 2034 4005 Danaidum.
2083 3956 2462 4007 Ahenobarbum
2483 3994 2499 4017 ,

1479 4040 1622 4099 cujus
1638 4046 1847 4102 praeture
1865 4035 2070 4085 cte-nris
2094 4034 2400 4085 const-mum
2423 4054 2507 4087 ex-

373 4116 614 4166 ademem
643 4128 839 4163 omnem
862 4112 1051 4179 aliquid
1090 4114 1265 4181 egendi
1304 4132 1393 4180 po-
1476 4116 1628 4179 cepit.
