2996 4694
801 417 1193 488 ORATIO
1243 417 1444 488 PRO
1493 418 1575 486 P.
1630 417 2030 488 SEXTIO.
2387 423 2479 496 83

348 541 649 624 sentire,
686 536 1090 637 prudentiae
1139 551 1288 623 est;
1331 535 1569 610 facere
1597 591 1617 626 ‚
1666 534 2155 630 fortitudinis;
2204 555 2279 616 et
2320 569 2481 620 sen-

347 654 484 722 tire
513 673 684 722 vero
701 702 722 737 ,
752 661 826 720 et
865 645 1100 720 facere
1118 650 1174 734 ⁴,
1205 645 1543 745 perfectae
1572 645 2099 745 cumulataeque
2124 654 2429 726 virtutis.

449 761 640 832 Adiit
690 758 781 830 ad
822 755 1346 856 rempublicam
1409 754 1749 828 tribunus
1792 755 2022 854 plebis
2042 812 2063 846 ‚
2114 760 2291 832 Milo
2332 789 2348 834 ε
2392 762 2485 840 de

350 873 556 966 cujus
581 868 793 942 laude
824 869 1036 968 plura
1059 866 1330 955 dicam,
1361 892 1515 940 non
1551 889 1701 964 quo
1744 881 1871 938 aut
1892 868 2059 966 ipse,
2083 867 2273 944 haec⁵
2302 871 2442 947 dici
2464 931 2485 965 ,

351 1003 570 1079 quarn
605 980 992 1052 existimari
1035 977 1278 1066 malit,
1326 991 1450 1050 aut
1486 999 1624 1074 ego
1665 976 1863 1048 hunc
1901 977 2133 1051 laudis
2168 977 2489 1056 fructum

353 1091 687 1190 praesenti
729 1088 1042 1161 libenter
1084 1089 1494 1187 impertiam
1521 1141 1542 1175 ‚
1572 1089 1965 1186 praesert-im
1993 1113 2223 1187 quum
2254 1091 2493 1167 verbis

353 1203 702 1298 consequi
743 1222 895 1272 non
926 1199 1242 1296 possim;
1286 1196 1414 1270 sed
1455 1196 1659 1294 quod
1696 1197 2028 1270 existimo
2048 1252 2069 1286 ,
2106 1202 2166 1272 si
2200 1202 2493 1274 Milonis

352 1335 636 1385 causam
675 1309 1112 1382 accusatoris
1149 1331 1328 1382 voce
1364 1306 1841 1381 collaudatam
1870 1306 2217 1406 probaro,
2254 1335 2383 1384 vos
2416 1314 2496 1384 in

351 1425 494 1496 hoc
557 1421 856 1494 crimine
928 1443 1172 1519 parem
1237 1419 1464 1492 Sextii
1528 1441 1817 1492 causam
1843 1413 1879 1462 ⁶
1936 1419 2490 1497 existimaturos.

352 1533 547 1604 Adiit
587 1530 812 1628 igitur
849 1533 924 1600 T.
971 1531 1250 1600 Annius
1289 1526 1382 1600 ad
1423 1551 1709 1600 causam
1758 1527 2209 1626 reipublicae,
2268 1533 2371 1605 sic
2410 1549 2497 1606 ut

356 1645 624 1713 civem⁷
683 1642 932 1739 patriae
971 1663 1402 1736 recuperare
1444 1638 1662 1710 vellet
1686 1635 1715 1681 ⁸
1768 1653 2122 1736 ereptum.
2176 1643 2496 1742 Simplex

355 1777 566 1825 causa
581 1765 637 1840 ⁹,
682 1765 1022 1825 constans
1057 1754 1244 1822 ratio
1268 1805 1288 1834 ‚
1328 1749 1546 1848 plena
1590 1750 2087 1822 consensionis
2125 1755 2455 1826 omnium
2475 1807 2497 1846 ‚

355 1863 570 1960 plena
607 1861 1031 1936 concordiae.
1073 1860 1400 1958 Collegas
1427 1869 1493 1906 ¹⁰
1534 1857 1903 1955 adjutores
1933 1858 2285 1952 habebat3
2326 1888 2501 1937 con·

357 1973 530 2046 sulis
571 1974 863 2046 alterius
887 1983 946 2016 ¹¹
993 1995 1360 2042 summum
1395 1969 1719 2042 studium
1740 2023 1759 2059 ,
1799 1969 2093 2042 alterius
2119 1981 2177 2018 ¹²
2208 1975 2495 2048 animus

359 2107 566 2180 paene
589 2083 932 2179 placatus.
963 2083 1072 2152 De
1101 2077 1533 2178 praetoribus
1556 2104 1749 2153 unus
1776 2077 2052 2157 alienus
2073 2076 2177 2168 ¹³3
2204 2098 2498 2156 senatus

359 2189 799 2262 incredibilis
835 2188 1208 2277 voluntas3
1243 2191 1575 2286 equitum
1625 2213 2094 2260 romanorum
2138 2194 2361 2264 animi
2408 2194 2500 2266 ad

359 2325 648 2381 causam
675 2301 966 2373 excitati
986 2354 1008 2389 ‚
1039 2313 1276 2403 erecta
1305 2298 1530 2371 Italia.
1560 2303 1727 2371 Duo
1754 2298 1887 2371 soli
1913 2313 2122 2373 erant
2156 2303 2383 2402 empti
2408 2302 2501 2377 ad

357 2409 904 2510 impediendum
931 2439 949 2483 z
987 2413 1114 2508 qui
1143 2414 1203 2481 si
1228 2410 1567 2483 homines
1592 2410 1909 2507 despecti
1932 2462 1951 2498 ,
1975 2424 2049 2483 et
2070 2418 2499 2513 contempti,

359 2536 633 2593 tantam
689 2546 846 2593 rem
903 2524 1258 2595 sustinere
1312 2543 1466 2593 non
1528 2522 1972 2619 potuissent;
2034 2546 2115 2593 se
2160 2547 2455 2608 causam
2478 2580 2499 2611 ‚

435 2760 487 2809 4.
511 2752 580 2799 Ee
595 2748 772 2799 sentire
793 2764 946 2811 mro,
971 2744 1202 2815 esseest-e
1221 2782 1238 2811 ,
1267 2764 1388 2815 pet*-

329 2844 337 2851 '
346 2827 505 2898 fecta
541 2830 902 2895 cumulataque
937 2829 1058 2879 virt.
1096 2830 1387 2877 Brevissima

1540 2764 1595 2811 7.
1638 2748 1858 2799 anbin.
1890 2748 2081 2815 edidit,
2108 2770 2135 2797 ι
2154 2754 2285 2802 sicut
2314 2754 2405 2819 qui
2429 2754 2501 2804 oi-

1470 2844 1579 2876 vem
1598 2849 1643 2875 n.
1670 2831 1720 2877 J.
1740 2828 1805 2878 V.
1831 2828 1887 2875 L.

363 2926 524 2959 veram
545 2912 774 2959 virtutem
799 2908 971 2957 definit
991 2910 1214 2973 scriptor,
1235 2922 1388 2973 quum

361 2988 740 3055 prudentissima
803 2988 1067 3051 eademque
1123 2988 1390 3037 fortissima

362 3080 525 3117 mente
554 3078 773 3117 comare
797 3067 958 3129 dieet3
977 3066 1238 3131 prudentis
1259 3066 1389 3115 euim

361 3163 448 3208 eo,
468 3162 570 3212 quo
588 3148 790 3196 Veteres
806 3156 1012 3195 utuntur
1030 3161 1196 3205 sensu,
1220 3161 1389 3194 omnes

365 3227 558 3275 intimas
595 3226 734 3275 dotes
765 3224 1123 3290 complectitur,
1159 3224 1391 3289 quemad-

366 3308 564 3355 modum
603 3305 842 3355 sortitudo
876 3306 978 3353 vim
1010 3304 1144 3353 illam
1178 3304 1388 3353 externis

369 3387 505 3434 factis
523 3384 691 3450 prodit
715 3402 774 3433 sc
793 3385 1108 3433 demonstret.

443 3464 490 3512 6.
527 3466 635 3528 Ipse
661 3464 764 3511 hoe
787 3464 902 3512 diei.
929 3464 1047 3512 Nou
1063 3462 1169 3511 hac
1193 3476 1392 3511 corono

369 3552 453 3592 sut
503 3543 725 3591 oratoriis
765 3542 952 3592 artibus
1005 3542 1116 3591 datu
1166 3541 1392 3589 fsdllime

370 3622 528 3679 videt,
555 3622 852 3685 quicumque
877 3622 1080 3671 Milonis
1105 3632 1318 3670 atrocem
1341 3628 1394 3668 et

369 3700 524 3749 officii
551 3712 770 3747 tenacem
791 3700 1006 3748 animum
1033 3714 1094 3750 ex
1119 3700 1394 3749 uuo-inm

371 3780 634 3847 perspexit.

1549 2900 1596 2947 8.
1622 2898 1749 2948 Edd.
1768 2897 1978 2946 Victorii
1995 2909 2045 2947 et
2063 2900 2277 2951 Uenutii
2292 2936 2310 2965 ,
2333 2924 2360 2945 ιι
2374 2902 2503 2969 reip.

1476 2986 1583 3027 tum
1603 2994 1645 3025 Ι.
1670 2995 1715 3029 e.
1736 3000 1761 3020 ι·
1782 2980 1837 3027 J.
1852 2980 1919 3029 V.
1946 2980 2003 3027 L.

1550 3074 1601 3121 9.
1624 3056 1843 3123 Simplex
1864 3074 2036 3105 eausa.
2062 3058 2191 3121 Quis
2221 3058 2344 3107 nihil
2368 3060 2423 3108 in
2448 3078 2504 3111 et

1477 3152 1619 3205 eausa
1630 3170 1646 3196 ,
1664 3136 1759 3185 nisi
1779 3136 1839 3185 de
1857 3136 1962 3202 ipsa
1981 3136 2231 3201 republica
2249 3136 2505 3189 videbatur

1473 3230 1572 3281 agi.

1554 3311 1632 3345 ιο.
1664 3295 1904 3361 collegas.
1928 3295 2175 3344 Tribunos
2200 3294 2274 3361 pl.
2304 3312 2473 3347 omnes
2492 3334 2511 3361 ‚

1477 3375 1693 3439 exceptis
1736 3374 1927 3423 dumba·
1948 3409 1963 3432 ,
2012 3374 2248 3423 Numerio
2298 3377 2506 3439 Quintio

1478 3464 1528 3502 et
1548 3456 1664 3505 sex.
1682 3452 1857 3503 Attilio
1874 3456 2103 3503 Serrano.

1557 3548 1636 3581 11.
1672 3532 1885 3581 Alterius
1916 3546 2155 3581 sumum
2177 3532 2409 3584 studium.
2446 3538 2511 3586 P.

1480 3611 1697 3663 Lentuli.

1475 3722 1484 3733 -
1558 3707 1638 3741 n.
1662 3690 1875 3740 Alterius
1892 3688 2089 3739 abans
2106 3708 2252 3755 pone
2264 3692 2509 3757 pluentes.

1481 3773 1549 3835 Q.
1578 3771 1789 3829 uotoni,
1821 3772 1908 3835 qui
1932 3786 2087 3835 quum
2110 3788 2202 3819 nec
2228 3770 2509 3819 adversatus

441 3862 496 3909 6.
538 3862 712 3907 Parem
743 3856 900 3907 Sextii
921 3872 1134 3907 eausam
1164 3858 1291 3922 Quis
1308 3892 1324 3916 ,
1353 3857 1399 3905 d
1485 3863 1585 3915 est,
1601 3867 1693 3900 nec
1711 3850 1933 3913 adjuvit,
1950 3866 2057 3898 uon
2073 3850 2511 3916 minophantus

371 3938 602 3989 laudatur
629 3936 783 3998 Milo,
805 3937 891 4001 qui
915 3952 1050 3985 suam
1077 3938 1228 3985 vitam
1254 3935 1402 3985 arnis
1485 3948 1589 3980 esse
1618 3930 1755 3979 visus
1778 3940 1882 3979 est:
1910 3938 2023 3993 pust
2051 3939 2211 3977 summ
2246 3928 2393 3979 etism
2417 3928 2509 3977 sd·

374 4030 558 4067 tutatus
569 4028 666 4077 αις
681 4032 786 4066 uou
798 4015 963 4076 video,
975 4032 1064 4064 cur
1075 4014 1191 4064 item
1207 4016 1400 4064 Sextius
1484 4010 1633 4072 iuvit.

376 4116 480 4149 non
515 4098 758 4158 laudetur,
791 4097 876 4161 qui
919 4106 970 4144 et
1003 4095 1134 4160 ipse,
1169 4095 1274 4142 vim
1303 4097 1400 4157 im

375 4188 604 4241 expertus
620 4211 635 4236 ‚
652 4174 886 4241 prasidio
906 4192 958 4224 se
975 4172 1204 4222 munivit.

1568 4090 1649 4139 13.
1680 4090 1813 4137 Unus
1838 4086 2047 4136 abbam.
2074 4086 2270 4151 Appius
2286 4087 2341 4137 1².
2358 4046 2523 4137 modu

1493 4170 1657 4217 frater.

2164 4252 2232 4321 6.
