<?xml version="1.0" encoding="UTF-8"?>
<!DOCTYPE html PUBLIC "-//W3C//DTD XHTML 1.0 Transitional//EN"
    "http://www.w3.org/TR/xhtml1/DTD/xhtml1-transitional.dtd">
<html xmlns="http://www.w3.org/1999/xhtml" xml:lang="en" lang="en">
 <head>
  <title>
</title>
<meta http-equiv="Content-Type" content="text/html;charset=utf-8" />
  <meta name='ocr-system' content='tesseract 3.04.00' />
  <meta name='ocr-capabilities' content='ocr_page ocr_carea ocr_par ocr_line ocrx_word'/>
</head>
<body>
  <div class='ocr_page' id='page_1' title='image "./mtciceronisquae08lemagoog/mtciceronisquae08lemagoog_0097.png"; bbox 0 0 2996 4694; ppageno 0'>
   <div class='ocr_carea' id='block_1_1' title="bbox 342 368 2507 2470">
    <p class='ocr_par' dir='ltr' id='par_1_1' title="bbox 819 368 2507 469">
     <span class='ocr_line' id='line_1_1' title="bbox 819 368 2507 469; baseline 0.001 -31"><span class='ocrx_word' id='word_1_1' title='bbox 819 368 1197 439; x_wconf 86' lang='lat' dir='ltr'><strong>ORATIO</strong></span> <span class='ocrx_word' id='word_1_2' title='bbox 1252 371 1458 441; x_wconf 81' lang='lat' dir='ltr'><strong>PRO</strong></span> <span class='ocrx_word' id='word_1_3' title='bbox 1510 372 1584 441; x_wconf 89' lang='lat' dir='ltr'><strong>P.</strong></span> <span class='ocrx_word' id='word_1_4' title='bbox 1644 372 2046 452; x_wconf 76' lang='lat' dir='ltr'><strong>SEXTlO.</strong></span> <span class='ocrx_word' id='word_1_5' title='bbox 2408 372 2507 469; x_wconf 83' lang='lat'><strong>89</strong></span> 
     </span>
    </p>

    <p class='ocr_par' dir='ltr' id='par_1_2' title="bbox 342 488 2505 2470">
     <span class='ocr_line' id='line_1_2' title="bbox 456 488 2505 596; baseline -0.001 -29"><span class='ocrx_word' id='word_1_6' title='bbox 456 496 702 567; x_wconf 85' lang='lat' dir='ltr'><strong>XLIV.</strong></span> <span class='ocrx_word' id='word_1_7' title='bbox 755 494 940 565; x_wconf 80' lang='lat' dir='ltr'><strong>Nam</strong></span> <span class='ocrx_word' id='word_1_8' title='bbox 980 488 1160 589; x_wconf 89' lang='lat' dir='ltr'><strong>quid</strong></span> <span class='ocrx_word' id='word_1_9' title='bbox 1205 515 1346 590; x_wconf 85' lang='lat' dir='ltr'><strong>ego</strong></span> <span class='ocrx_word' id='word_1_10' title='bbox 1386 492 1478 596; x_wconf 83' lang='lat' dir='ltr'><strong>de</strong></span> <span class='ocrx_word' id='word_1_11' title='bbox 1528 492 1733 567; x_wconf 81' lang='lat' dir='ltr'><strong>aedile</strong></span> <span class='ocrx_word' id='word_1_12' title='bbox 1780 496 1943 591; x_wconf 89' lang='lat' dir='ltr'><strong>ipso</strong></span> <span class='ocrx_word' id='word_1_13' title='bbox 1966 504 1989 539; x_wconf 85' lang='lat'><em>¹</em></span> <span class='ocrx_word' id='word_1_14' title='bbox 2045 492 2328 592; x_wconf 86' lang='lat' dir='ltr'><strong>loquar,</strong></span> <span class='ocrx_word' id='word_1_15' title='bbox 2372 498 2505 591; x_wconf 91' lang='lat' dir='ltr'><strong>qui</strong></span> 
     </span>
     <span class='ocr_line' id='line_1_3' title="bbox 360 602 2501 705; baseline -0.003 -25"><span class='ocrx_word' id='word_1_16' title='bbox 360 610 578 705; x_wconf 80' lang='lat' dir='ltr'><strong>etiam</strong></span> <span class='ocrx_word' id='word_1_17' title='bbox 613 604 804 677; x_wconf 90' lang='lat' dir='ltr'><strong>diem</strong></span> <span class='ocrx_word' id='word_1_18' title='bbox 839 602 1056 691; x_wconf 83' lang='lat' dir='ltr'>dixit,</span> <span class='ocrx_word' id='word_1_19' title='bbox 1093 617 1166 675; x_wconf 86' lang='lat' dir='ltr'><strong>et</strong></span> <span class='ocrx_word' id='word_1_20' title='bbox 1197 604 1557 677; x_wconf 66' lang='lat' dir='ltr'><strong>accusavit</strong></span> <span class='ocrx_word' id='word_1_21' title='bbox 1588 604 1681 703; x_wconf 86' lang='lat' dir='ltr'><strong>de</strong></span> <span class='ocrx_word' id='word_1_22' title='bbox 1708 610 1781 675; x_wconf 78' lang='lat' dir='ltr'><strong>vi</strong></span> <span class='ocrx_word' id='word_1_23' title='bbox 1806 605 2204 677; x_wconf 81' lang='lat' dir='ltr'><strong>Milonem?</strong></span> <span class='ocrx_word' id='word_1_24' title='bbox 2242 604 2501 701; x_wconf 83' lang='lat' dir='ltr'><strong>Neque</strong></span> 
     </span>
     <span class='ocr_line' id='line_1_4' title="bbox 360 713 2501 812; baseline -0.001 -22"><span class='ocrx_word' id='word_1_25' title='bbox 360 718 482 790; x_wconf 86' lang='lat' dir='ltr'><strong>bic</strong></span> <span class='ocrx_word' id='word_1_26' title='bbox 533 732 774 789; x_wconf 81' lang='lat' dir='ltr'><strong>tamen</strong></span> <span class='ocrx_word' id='word_1_27' title='bbox 827 713 976 787; x_wconf 84' lang='lat' dir='ltr'><strong>ulla</strong></span> <span class='ocrx_word' id='word_1_28' title='bbox 1029 718 1376 812; x_wconf 84' lang='lat' dir='ltr'><strong>umquam</strong></span> <span class='ocrx_word' id='word_1_29' title='bbox 1431 716 1695 812; x_wconf 86' lang='lat' dir='ltr'><strong>injuria</strong></span> <span class='ocrx_word' id='word_1_30' title='bbox 1736 714 2159 803; x_wconf 81' lang='lat' dir='ltr'><strong>adducetur,</strong></span> <span class='ocrx_word' id='word_1_31' title='bbox 2203 729 2289 785; x_wconf 87' lang='lat' dir='ltr'><strong>ut</strong></span> <span class='ocrx_word' id='word_1_32' title='bbox 2330 739 2501 787; x_wconf 86' lang='lat' dir='ltr'><strong>eum</strong></span> 
     </span>
     <span class='ocr_line' id='line_1_5' title="bbox 359 823 2502 923; baseline -0.002 -24"><span class='ocrx_word' id='word_1_33' title='bbox 359 828 487 899; x_wconf 85' lang='lat' dir='ltr'><strong>tali</strong></span> <span class='ocrx_word' id='word_1_34' title='bbox 519 830 790 898; x_wconf 80' lang='lat' dir='ltr'><strong>virtute</strong></span> <span class='ocrx_word' id='word_1_35' title='bbox 810 880 832 915; x_wconf 94' lang='lat'><strong>,</strong></span> <span class='ocrx_word' id='word_1_36' title='bbox 865 838 1214 921; x_wconf 83' lang='lat' dir='ltr'><strong>tantaque</strong></span> <span class='ocrx_word' id='word_1_37' title='bbox 1248 824 1589 898; x_wconf 84' lang='lat' dir='ltr'><strong>firmitate</strong></span> <span class='ocrx_word' id='word_1_38' title='bbox 1620 828 1843 898; x_wconf 83' lang='lat' dir='ltr'><strong>animi</strong></span> <span class='ocrx_word' id='word_1_39' title='bbox 1876 851 1952 898; x_wconf 90' lang='lat' dir='ltr'><strong>se</strong></span> <span class='ocrx_word' id='word_1_40' title='bbox 1989 826 2065 896; x_wconf 89' lang='lat' dir='ltr'><strong>in</strong></span> <span class='ocrx_word' id='word_1_41' title='bbox 2104 823 2502 923; x_wconf 82' lang='lat' dir='ltr'><strong>rempubli-</strong></span> 
     </span>
     <span class='ocr_line' id='line_1_6' title="bbox 359 932 2499 1035; baseline -0.002 -25"><span class='ocrx_word' id='word_1_42' title='bbox 359 962 518 1010; x_wconf 81' lang='lat' dir='ltr'><strong>cam</strong></span> <span class='ocrx_word' id='word_1_43' title='bbox 572 936 794 1010; x_wconf 87' lang='lat' dir='ltr'><strong>fuisse</strong></span> <span class='ocrx_word' id='word_1_44' title='bbox 847 938 1204 1034; x_wconf 85' lang='lat' dir='ltr'><strong>poeuiteat</strong></span> <span class='ocrx_word' id='word_1_45' title='bbox 1247 960 1264 1004; x_wconf 92' lang='lat'><strong>:</strong></span> <span class='ocrx_word' id='word_1_46' title='bbox 1311 935 1439 1007; x_wconf 89' lang='lat' dir='ltr'><strong>sed</strong></span> <span class='ocrx_word' id='word_1_47' title='bbox 1461 990 1482 1025; x_wconf 95' lang='lat'><strong>,</strong></span> <span class='ocrx_word' id='word_1_48' title='bbox 1540 939 1671 1035; x_wconf 89' lang='lat' dir='ltr'><strong>qui</strong></span> <span class='ocrx_word' id='word_1_49' title='bbox 1728 936 1879 1008; x_wconf 88' lang='lat' dir='ltr'><strong>haec</strong></span> <span class='ocrx_word' id='word_1_50' title='bbox 1928 934 2214 1021; x_wconf 82' lang='lat' dir='ltr'><strong>vident,</strong></span> <span class='ocrx_word' id='word_1_51' title='bbox 2252 932 2499 1005; x_wconf 91' lang='lat' dir='ltr'><strong>adole-</strong></span> 
     </span>
     <span class='ocr_line' id='line_1_7' title="bbox 358 1044 2501 1145; baseline -0.002 -25"><span class='ocrx_word' id='word_1_52' title='bbox 358 1062 638 1120; x_wconf 86' lang='lat' dir='ltr'><strong>scentes</strong></span> <span class='ocrx_word' id='word_1_53' title='bbox 663 1102 684 1137; x_wconf 93' lang='lat'><strong>,</strong></span> <span class='ocrx_word' id='word_1_54' title='bbox 725 1070 1050 1145; x_wconf 82' lang='lat' dir='ltr'><strong>quonam</strong></span> <span class='ocrx_word' id='word_1_55' title='bbox 1092 1068 1258 1117; x_wconf 86' lang='lat' dir='ltr'><strong>suas</strong></span> <span class='ocrx_word' id='word_1_56' title='bbox 1315 1060 1601 1119; x_wconf 87' lang='lat' dir='ltr'><strong>mentes</strong></span> <span class='ocrx_word' id='word_1_57' title='bbox 1662 1046 2091 1119; x_wconf 81' lang='lat' dir='ltr'><strong>conferent?</strong></span> <span class='ocrx_word' id='word_1_58' title='bbox 2150 1044 2317 1129; x_wconf 89' lang='lat' dir='ltr'><strong>Ille,</strong></span> <span class='ocrx_word' id='word_1_59' title='bbox 2370 1045 2501 1142; x_wconf 89' lang='lat' dir='ltr'><strong>qui</strong></span> 
     </span>
     <span class='ocr_line' id='line_1_8' title="bbox 355 1153 2499 1254; baseline -0.001 -26"><span class='ocrx_word' id='word_1_60' title='bbox 355 1171 832 1229; x_wconf 86' lang='lat' dir='ltr'><strong>monumenta</strong></span> <span class='ocrx_word' id='word_1_61' title='bbox 878 1153 1170 1253; x_wconf 85' lang='lat' dir='ltr'><strong>publica</strong></span> <span class='ocrx_word' id='word_1_62' title='bbox 1193 1164 1250 1245; x_wconf 80' lang='lat'><strong>²,</strong></span> <span class='ocrx_word' id='word_1_63' title='bbox 1305 1161 1435 1254; x_wconf 88' lang='lat' dir='ltr'><strong>qui</strong></span> <span class='ocrx_word' id='word_1_64' title='bbox 1479 1156 1667 1229; x_wconf 83' lang='lat' dir='ltr'><strong>aedes</strong></span> <span class='ocrx_word' id='word_1_65' title='bbox 1721 1182 1953 1230; x_wconf 85' lang='lat' dir='ltr'><strong>sacras</strong></span> <span class='ocrx_word' id='word_1_66' title='bbox 1970 1154 2031 1247; x_wconf 76' lang='lat'><strong>³,</strong></span> <span class='ocrx_word' id='word_1_67' title='bbox 2075 1157 2205 1254; x_wconf 89' lang='lat' dir='ltr'><strong>qui</strong></span> <span class='ocrx_word' id='word_1_68' title='bbox 2238 1154 2499 1226; x_wconf 87' lang='lat' dir='ltr'><strong>domos</strong></span> 
     </span>
     <span class='ocr_line' id='line_1_9' title="bbox 355 1263 2497 1364; baseline -0.001 -26"><span class='ocrx_word' id='word_1_69' title='bbox 355 1268 866 1341; x_wconf 68' lang='lat' dir='ltr'><strong>inimicorum‘*</strong></span> <span class='ocrx_word' id='word_1_70' title='bbox 915 1290 1220 1337; x_wconf 89' lang='lat' dir='ltr'><strong>suorum</strong></span> <span class='ocrx_word' id='word_1_71' title='bbox 1267 1269 1751 1364; x_wconf 84' lang='lat' dir='ltr'><strong>oppugnavit,</strong></span> <span class='ocrx_word' id='word_1_72' title='bbox 1796 1266 2099 1353; x_wconf 82' lang='lat' dir='ltr'><strong>excidit,</strong></span> <span class='ocrx_word' id='word_1_73' title='bbox 2134 1263 2497 1353; x_wconf 82' lang='lat' dir='ltr'><strong>incendit,</strong></span> 
     </span>
     <span class='ocr_line' id='line_1_10' title="bbox 355 1378 2499 1478; baseline -0.002 -27"><span class='ocrx_word' id='word_1_74' title='bbox 355 1381 486 1477; x_wconf 90' lang='lat' dir='ltr'><strong>qui</strong></span> <span class='ocrx_word' id='word_1_75' title='bbox 518 1380 820 1478; x_wconf 82' lang='lat' dir='ltr'><strong>stipatus</strong></span> <span class='ocrx_word' id='word_1_76' title='bbox 855 1400 1142 1475; x_wconf 84' lang='lat' dir='ltr'><strong>semper</strong></span> <span class='ocrx_word' id='word_1_77' title='bbox 1179 1378 1484 1462; x_wconf 85' lang='lat' dir='ltr'><strong>sicariis,</strong></span> <span class='ocrx_word' id='word_1_78' title='bbox 1524 1393 1772 1477; x_wconf 86' lang='lat' dir='ltr'><strong>septus</strong></span> <span class='ocrx_word' id='word_1_79' title='bbox 1804 1378 2129 1466; x_wconf 80' lang='lat' dir='ltr'><strong>armatis,</strong></span> <span class='ocrx_word' id='word_1_80' title='bbox 2167 1378 2499 1447; x_wconf 83' lang='lat' dir='ltr'><strong>munitus</strong></span> 
     </span>
     <span class='ocr_line' id='line_1_11' title="bbox 349 1484 2497 1587; baseline -0.002 -28"><span class='ocrx_word' id='word_1_81' title='bbox 349 1486 758 1563; x_wconf 83' lang='lat' dir='ltr'><strong>indicibus⁵</strong></span> <span class='ocrx_word' id='word_1_82' title='bbox 790 1484 924 1559; x_wconf 88' lang='lat' dir='ltr'><strong>fuit</strong></span> <span class='ocrx_word' id='word_1_83' title='bbox 947 1540 967 1574; x_wconf 93' lang='lat'><strong>,</strong></span> <span class='ocrx_word' id='word_1_84' title='bbox 1001 1510 1318 1584; x_wconf 89' lang='lat' dir='ltr'><strong>quorum</strong></span> <span class='ocrx_word' id='word_1_85' title='bbox 1345 1484 1567 1561; x_wconf 88' lang='lat' dir='ltr'><strong>hodie</strong></span> <span class='ocrx_word' id='word_1_86' title='bbox 1596 1492 1802 1587; x_wconf 82' lang='lat' dir='ltr'><strong>copia</strong></span> <span class='ocrx_word' id='word_1_87' title='bbox 1830 1486 2227 1575; x_wconf 78' lang='lat' dir='ltr'><strong>redundat,</strong></span> <span class='ocrx_word' id='word_1_88' title='bbox 2260 1485 2391 1583; x_wconf 89' lang='lat' dir='ltr'><strong>qui</strong></span> <span class='ocrx_word' id='word_1_89' title='bbox 2422 1499 2497 1557; x_wconf 86' lang='lat' dir='ltr'><strong>et</strong></span> 
     </span>
     <span class='ocr_line' id='line_1_12' title="bbox 351 1595 2494 1699; baseline -0.004 -26"><span class='ocrx_word' id='word_1_90' title='bbox 351 1602 804 1699; x_wconf 73' lang='lat' dir='ltr'><strong>peregrinam</strong></span> <span class='ocrx_word' id='word_1_91' title='bbox 837 1621 1136 1669; x_wconf 85' lang='lat' dir='ltr'><strong>manum</strong></span> <span class='ocrx_word' id='word_1_92' title='bbox 1171 1595 1745 1671; x_wconf 85' lang='lat' dir='ltr'><strong>facinorosorum</strong></span> <span class='ocrx_word' id='word_1_93' title='bbox 1784 1599 2201 1683; x_wconf 83' lang='lat' dir='ltr'><strong>concitavit,</strong></span> <span class='ocrx_word' id='word_1_94' title='bbox 2238 1611 2315 1669; x_wconf 89' lang='lat' dir='ltr'><strong>et</strong></span> <span class='ocrx_word' id='word_1_95' title='bbox 2346 1619 2494 1667; x_wconf 83' lang='lat' dir='ltr'><strong>ser-</strong></span> 
     </span>
     <span class='ocr_line' id='line_1_13' title="bbox 349 1705 2493 1796; baseline -0.002 -13"><span class='ocrx_word' id='word_1_96' title='bbox 349 1734 480 1783; x_wconf 91' lang='lat' dir='ltr'><strong>vos</strong></span> <span class='ocrx_word' id='word_1_97' title='bbox 510 1710 600 1781; x_wconf 85' lang='lat' dir='ltr'><strong>ad</strong></span> <span class='ocrx_word' id='word_1_98' title='bbox 631 1707 898 1781; x_wconf 83' lang='lat' dir='ltr'><strong>caedem</strong></span> <span class='ocrx_word' id='word_1_99' title='bbox 925 1705 1230 1779; x_wconf 88' lang='lat' dir='ltr'><strong>idoneos</strong></span> <span class='ocrx_word' id='word_1_100' title='bbox 1263 1712 1475 1796; x_wconf 79' lang='lat' dir='ltr'><strong>emit,</strong></span> <span class='ocrx_word' id='word_1_101' title='bbox 1508 1724 1583 1779; x_wconf 87' lang='lat' dir='ltr'><strong>et</strong></span> <span class='ocrx_word' id='word_1_102' title='bbox 1612 1710 1689 1779; x_wconf 90' lang='lat' dir='ltr'><strong>in</strong></span> <span class='ocrx_word' id='word_1_103' title='bbox 1721 1708 2101 1781; x_wconf 81' lang='lat' dir='ltr'><strong>tribunatu</strong></span> <span class='ocrx_word' id='word_1_104' title='bbox 2132 1706 2493 1779; x_wconf 76' lang='lat' dir='ltr'><strong>carcerem</strong></span> 
     </span>
     <span class='ocr_line' id='line_1_14' title="bbox 348 1815 2495 1908; baseline -0.002 -17"><span class='ocrx_word' id='word_1_105' title='bbox 348 1818 632 1893; x_wconf 80' lang='lat' dir='ltr'><strong>totum⁶</strong></span> <span class='ocrx_word' id='word_1_106' title='bbox 667 1822 746 1891; x_wconf 90' lang='lat' dir='ltr'><strong>in</strong></span> <span class='ocrx_word' id='word_1_107' title='bbox 777 1817 1020 1890; x_wconf 87' lang='lat' dir='ltr'><strong>forum</strong></span> <span class='ocrx_word' id='word_1_108' title='bbox 1055 1815 1352 1906; x_wconf 83' lang='lat' dir='ltr'><strong>effudit,</strong></span> <span class='ocrx_word' id='word_1_109' title='bbox 1381 1819 1639 1890; x_wconf 81' lang='lat' dir='ltr'><strong>volitat</strong></span> <span class='ocrx_word' id='word_1_110' title='bbox 1666 1817 1887 1890; x_wconf 83' lang='lat' dir='ltr'><strong>aedilis</strong></span> <span class='ocrx_word' id='word_1_111' title='bbox 1907 1874 1928 1908; x_wconf 89' lang='lat'><strong>,</strong></span> <span class='ocrx_word' id='word_1_112' title='bbox 1964 1832 2249 1890; x_wconf 79' lang='lat' dir='ltr'><strong>accusat</strong></span> <span class='ocrx_word' id='word_1_113' title='bbox 2281 1826 2451 1889; x_wconf 87' lang='lat' dir='ltr'><strong>eu&#39;m</strong></span> <span class='ocrx_word' id='word_1_114' title='bbox 2474 1870 2495 1903; x_wconf 96' lang='lat'><strong>,</strong></span> 
     </span>
     <span class='ocr_line' id='line_1_15' title="bbox 345 1926 2491 2029; baseline -0.002 -28"><span class='ocrx_word' id='word_1_115' title='bbox 345 1932 478 2029; x_wconf 90' lang='lat' dir='ltr'><strong>qui</strong></span> <span class='ocrx_word' id='word_1_116' title='bbox 513 1928 752 2028; x_wconf 84' lang='lat' dir='ltr'><strong>aliqua</strong></span> <span class='ocrx_word' id='word_1_117' title='bbox 783 1955 876 2002; x_wconf 80' lang='lat' dir='ltr'><strong>ex</strong></span> <span class='ocrx_word' id='word_1_118' title='bbox 901 1943 1108 2027; x_wconf 85' lang='lat' dir='ltr'><strong>parte</strong></span> <span class='ocrx_word' id='word_1_119' title='bbox 1149 1928 1304 2025; x_wconf 85' lang='lat' dir='ltr'><strong>ejus</strong></span> <span class='ocrx_word' id='word_1_120' title='bbox 1340 1926 1659 2000; x_wconf 84' lang='lat' dir='ltr'><strong>furorem</strong></span> <span class='ocrx_word' id='word_1_121' title='bbox 1698 1929 2179 2001; x_wconf 82' lang='lat' dir='ltr'><strong>exsultantem</strong></span> <span class='ocrx_word' id='word_1_122' title='bbox 2206 1950 2491 2024; x_wconf 61' lang='lat' dir='ltr'><strong>repres-</strong></span> 
     </span>
     <span class='ocr_line' id='line_1_16' title="bbox 345 2034 2489 2137; baseline -0.002 -24"><span class='ocrx_word' id='word_1_123' title='bbox 345 2042 461 2113; x_wconf 85' lang='lat' dir='ltr'><strong>sit.</strong></span> <span class='ocrx_word' id='word_1_124' title='bbox 501 2042 632 2113; x_wconf 90' lang='lat' dir='ltr'><strong>Hic</strong></span> <span class='ocrx_word' id='word_1_125' title='bbox 646 2053 702 2128; x_wconf 90' lang='lat'><strong>⁷,</strong></span> <span class='ocrx_word' id='word_1_126' title='bbox 740 2042 870 2137; x_wconf 92' lang='lat' dir='ltr'><strong>qui</strong></span> <span class='ocrx_word' id='word_1_127' title='bbox 907 2064 984 2111; x_wconf 90' lang='lat' dir='ltr'><strong>se</strong></span> <span class='ocrx_word' id='word_1_128' title='bbox 1019 2053 1128 2111; x_wconf 85' lang='lat' dir='ltr'><strong>est</strong></span> <span class='ocrx_word' id='word_1_129' title='bbox 1157 2052 1433 2112; x_wconf 82' lang='lat' dir='ltr'><strong>tutatus</strong></span> <span class='ocrx_word' id='word_1_130' title='bbox 1469 2040 1607 2127; x_wconf 89' lang='lat' dir='ltr'><strong>sic,</strong></span> <span class='ocrx_word' id='word_1_131' title='bbox 1645 2055 1730 2110; x_wconf 85' lang='lat' dir='ltr'><strong>ut</strong></span> <span class='ocrx_word' id='word_1_132' title='bbox 1762 2040 1841 2109; x_wconf 87' lang='lat' dir='ltr'><strong>in</strong></span> <span class='ocrx_word' id='word_1_133' title='bbox 1884 2040 2159 2136; x_wconf 84' lang='lat' dir='ltr'><strong>privata</strong></span> <span class='ocrx_word' id='word_1_134' title='bbox 2192 2062 2275 2109; x_wconf 88' lang='lat' dir='ltr'><strong>re</strong></span> <span class='ocrx_word' id='word_1_135' title='bbox 2310 2034 2489 2109; x_wconf 88' lang='lat' dir='ltr'><strong>deos</strong></span> 
     </span>
     <span class='ocr_line' id='line_1_17' title="bbox 342 2146 2489 2251; baseline -0.003 -27"><span class='ocrx_word' id='word_1_136' title='bbox 342 2166 642 2251; x_wconf 86' lang='lat' dir='ltr'><strong>penates</strong></span> <span class='ocrx_word' id='word_1_137' title='bbox 678 2176 848 2223; x_wconf 90' lang='lat' dir='ltr'><strong>suos</strong></span> <span class='ocrx_word' id='word_1_138' title='bbox 867 2147 923 2237; x_wconf 78' lang='lat'><strong>⁸,</strong></span> <span class='ocrx_word' id='word_1_139' title='bbox 965 2150 1042 2221; x_wconf 89' lang='lat' dir='ltr'><strong>in</strong></span> <span class='ocrx_word' id='word_1_140' title='bbox 1076 2146 1452 2248; x_wconf 82' lang='lat' dir='ltr'><strong>republica</strong></span> <span class='ocrx_word' id='word_1_141' title='bbox 1481 2149 1649 2245; x_wconf 83' lang='lat' dir='ltr'><strong>jura</strong></span> <span class='ocrx_word' id='word_1_142' title='bbox 1682 2148 2099 2221; x_wconf 83' lang='lat' dir='ltr'><strong>tribunatus</strong></span> <span class='ocrx_word' id='word_1_143' title='bbox 2134 2148 2489 2245; x_wconf 83' lang='lat' dir='ltr'><strong>auspicia-</strong></span> 
     </span>
     <span class='ocr_line' id='line_1_18' title="bbox 343 2257 2489 2361; baseline -0.002 -29"><span class='ocrx_word' id='word_1_144' title='bbox 343 2272 540 2361; x_wconf 80' lang='lat' dir='ltr'><strong>qne9</strong></span> <span class='ocrx_word' id='word_1_145' title='bbox 577 2259 1032 2350; x_wconf 83' lang='lat' dir='ltr'><strong>defenderet,</strong></span> <span class='ocrx_word' id='word_1_146' title='bbox 1069 2283 1404 2331; x_wconf 81' lang='lat' dir='ltr'><strong>accusare</strong></span> <span class='ocrx_word' id='word_1_147' title='bbox 1435 2283 1607 2331; x_wconf 89' lang='lat' dir='ltr'><strong>eum</strong></span> <span class='ocrx_word' id='word_1_148' title='bbox 1641 2257 2045 2342; x_wconf 80' lang='lat' dir='ltr'><strong>moderate,</strong></span> <span class='ocrx_word' id='word_1_149' title='bbox 2076 2282 2119 2329; x_wconf 92' lang='lat' dir='ltr'>a</span> <span class='ocrx_word' id='word_1_150' title='bbox 2152 2282 2303 2357; x_wconf 89' lang='lat' dir='ltr'><strong>quo</strong></span> <span class='ocrx_word' id='word_1_151' title='bbox 2332 2260 2489 2355; x_wconf 89' lang='lat' dir='ltr'><strong>ipse</strong></span> 
     </span>
     <span class='ocr_line' id='line_1_19' title="bbox 343 2371 2491 2470; baseline -0.002 -26"><span class='ocrx_word' id='word_1_152' title='bbox 343 2371 615 2446; x_wconf 83' lang='lat' dir='ltr'><strong>nefarie</strong></span> <span class='ocrx_word' id='word_1_153' title='bbox 651 2387 1055 2461; x_wconf 86' lang='lat' dir='ltr'><strong>accusatur,</strong></span> <span class='ocrx_word' id='word_1_154' title='bbox 1090 2395 1224 2470; x_wconf 84' lang='lat' dir='ltr'><strong>per</strong></span> <span class='ocrx_word' id='word_1_155' title='bbox 1260 2384 1560 2444; x_wconf 83' lang='lat' dir='ltr'><strong>senatus</strong></span> <span class='ocrx_word' id='word_1_156' title='bbox 1586 2371 2088 2444; x_wconf 81' lang='lat' dir='ltr'><strong>auctoritatem</strong></span> <span class='ocrx_word' id='word_1_157' title='bbox 2107 2379 2173 2414; x_wconf 84' lang='lat'><strong>1⁰</strong></span> <span class='ocrx_word' id='word_1_158' title='bbox 2201 2381 2491 2442; x_wconf 84' lang='lat' dir='ltr'><strong>nonest</strong></span> 
     </span>
    </p>
   </div>
   <div class='ocr_carea' id='block_1_2' title="bbox 341 2487 544 2558">
    <p class='ocr_par' dir='ltr' id='par_1_3' title="bbox 341 2487 544 2558">
     <span class='ocr_line' id='line_1_20' title="bbox 341 2487 544 2558; baseline -0.005 -2"><span class='ocrx_word' id='word_1_159' title='bbox 341 2487 544 2558; x_wconf 88' lang='lat' dir='ltr'><strong>situs.</strong></span> 
     </span>
    </p>
   </div>
   <div class='ocr_carea' id='block_1_3' title="bbox 314 2675 1366 4162">
    <p class='ocr_par' dir='ltr' id='par_1_4' title="bbox 329 2675 1366 3360">
     <span class='ocr_line' id='line_1_21' title="bbox 410 2675 1362 2742; baseline 0 -17"><span class='ocrx_word' id='word_1_160' title='bbox 410 2677 592 2726; x_wconf 81' lang='lat' dir='ltr'><strong>erv.</strong></span> <span class='ocrx_word' id='word_1_161' title='bbox 629 2693 676 2726; x_wconf 77' lang='grc' dir='ltr'><strong>ι.</strong></span> <span class='ocrx_word' id='word_1_162' title='bbox 713 2676 878 2724; x_wconf 73' lang='grc' dir='ltr'><em>Ειίἱιε</em></span> <span class='ocrx_word' id='word_1_163' title='bbox 901 2675 1022 2742; x_wconf 71' lang='lat' dir='ltr'><strong>ipso.</strong></span> <span class='ocrx_word' id='word_1_164' title='bbox 1056 2677 1133 2725; x_wconf 88' lang='lat' dir='ltr'><strong>De</strong></span> <span class='ocrx_word' id='word_1_165' title='bbox 1167 2676 1277 2742; x_wconf 85' lang='lat' dir='ltr'><strong>ipso</strong></span> <span class='ocrx_word' id='word_1_166' title='bbox 1307 2677 1362 2726; x_wconf 82' lang='lat' dir='ltr'><strong>P.</strong></span> 
     </span>
     <span class='ocr_line' id='line_1_22' title="bbox 339 2755 1363 2820; baseline -0.002 -15"><span class='ocrx_word' id='word_1_167' title='bbox 339 2755 518 2805; x_wconf 83' lang='lat' dir='ltr'><strong>Clodio</strong></span> <span class='ocrx_word' id='word_1_168' title='bbox 545 2755 798 2804; x_wconf 87' lang='lat' dir='ltr'><strong>seditionis</strong></span> <span class='ocrx_word' id='word_1_169' title='bbox 823 2767 1022 2805; x_wconf 78' lang='lat' dir='ltr'><strong>anctore</strong></span> <span class='ocrx_word' id='word_1_170' title='bbox 1037 2791 1052 2816; x_wconf 92' lang='lat'><strong>,</strong></span> <span class='ocrx_word' id='word_1_171' title='bbox 1085 2757 1174 2820; x_wconf 85' lang='lat' dir='ltr'><strong>qui</strong></span> <span class='ocrx_word' id='word_1_172' title='bbox 1204 2767 1260 2804; x_wconf 85' lang='lat' dir='ltr'><strong>ut</strong></span> <span class='ocrx_word' id='word_1_173' title='bbox 1284 2756 1363 2817; x_wconf 83' lang='lat' dir='ltr'><strong>ju-</strong></span> 
     </span>
     <span class='ocr_line' id='line_1_23' title="bbox 337 2832 1363 2898; baseline 0 -16"><span class='ocrx_word' id='word_1_174' title='bbox 337 2832 526 2882; x_wconf 73' lang='lat' dir='ltr'><strong>dicium</strong></span> <span class='ocrx_word' id='word_1_175' title='bbox 549 2835 642 2882; x_wconf 83' lang='lat' dir='ltr'><strong>sihi</strong></span> <span class='ocrx_word' id='word_1_176' title='bbox 668 2849 698 2883; x_wconf 80' lang='lat' dir='ltr'><strong>s</strong></span> <span class='ocrx_word' id='word_1_177' title='bbox 720 2835 911 2884; x_wconf 80' lang='lat' dir='ltr'><strong>Milone</strong></span> <span class='ocrx_word' id='word_1_178' title='bbox 934 2835 1152 2884; x_wconf 71' lang='lat' dir='ltr'><strong>oblatum</strong></span> <span class='ocrx_word' id='word_1_179' title='bbox 1179 2835 1363 2898; x_wconf 70' lang='lat' dir='ltr'><strong>effuge-</strong></span> 
     </span>
     <span class='ocr_line' id='line_1_24' title="bbox 339 2913 1364 2980; baseline 0.001 -18"><span class='ocrx_word' id='word_1_180' title='bbox 339 2923 416 2962; x_wconf 86' lang='lat' dir='ltr'><strong>ret</strong></span> <span class='ocrx_word' id='word_1_181' title='bbox 429 2948 445 2973; x_wconf 87' lang='lat'>‚</span> <span class='ocrx_word' id='word_1_182' title='bbox 487 2914 770 2964; x_wconf 65' lang='lat' dir='ltr'><strong>aedilitatem</strong></span> <span class='ocrx_word' id='word_1_183' title='bbox 811 2914 1016 2980; x_wconf 77' lang='lat' dir='ltr'><strong>adeptus</strong></span> <span class='ocrx_word' id='word_1_184' title='bbox 1029 2950 1046 2974; x_wconf 92' lang='lat'><strong>,</strong></span> <span class='ocrx_word' id='word_1_185' title='bbox 1087 2918 1194 2979; x_wconf 85' lang='lat' dir='ltr'><strong>ipse</strong></span> <span class='ocrx_word' id='word_1_186' title='bbox 1235 2913 1364 2963; x_wconf 85' lang='lat' dir='ltr'><strong>diem</strong></span> 
     </span>
     <span class='ocr_line' id='line_1_25' title="bbox 340 2992 1364 3058; baseline 0 -17"><span class='ocrx_word' id='word_1_187' title='bbox 340 2992 467 3041; x_wconf 76' lang='lat' dir='ltr'><strong>dixit</strong></span> <span class='ocrx_word' id='word_1_188' title='bbox 493 2993 706 3052; x_wconf 77' lang='lat' dir='ltr'><strong>Miloni,</strong></span> <span class='ocrx_word' id='word_1_189' title='bbox 727 2994 863 3058; x_wconf 86' lang='lat' dir='ltr'><strong>qnod</strong></span> <span class='ocrx_word' id='word_1_190' title='bbox 885 2994 1205 3058; x_wconf 76' lang='lat' dir='ltr'><strong>gladiatorum</strong></span> <span class='ocrx_word' id='word_1_191' title='bbox 1226 2994 1364 3042; x_wconf 78' lang='lat' dir='ltr'><strong>fami·</strong></span> 
     </span>
     <span class='ocr_line' id='line_1_26' title="bbox 335 3071 1366 3139; baseline 0.003 -19"><span class='ocrx_word' id='word_1_192' title='bbox 335 3071 452 3120; x_wconf 69' lang='lat' dir='ltr'><strong>Rem</strong></span> <span class='ocrx_word' id='word_1_193' title='bbox 473 3084 812 3138; x_wconf 71' lang='lat' dir='ltr'><strong>comparasset.</strong></span> <span class='ocrx_word' id='word_1_194' title='bbox 834 3074 1052 3139; x_wconf 67' lang='lat' dir='ltr'><strong>Apparet</strong></span> <span class='ocrx_word' id='word_1_195' title='bbox 1074 3083 1234 3122; x_wconf 80' lang='lat' dir='ltr'><strong>sutem</strong></span> <span class='ocrx_word' id='word_1_196' title='bbox 1259 3088 1366 3122; x_wconf 84' lang='lat' dir='ltr'><strong>non</strong></span> 
     </span>
     <span class='ocr_line' id='line_1_27' title="bbox 329 3150 1365 3216; baseline 0.001 -18"><span class='ocrx_word' id='word_1_197' title='bbox 329 3151 468 3210; x_wconf 82' lang='lat' dir='ltr'><strong>jure,</strong></span> <span class='ocrx_word' id='word_1_198' title='bbox 485 3150 572 3200; x_wconf 85' lang='lat' dir='ltr'><strong>sed</strong></span> <span class='ocrx_word' id='word_1_199' title='bbox 589 3152 720 3200; x_wconf 75' lang='lat' dir='ltr'><strong>ferro</strong></span> <span class='ocrx_word' id='word_1_200' title='bbox 733 3185 750 3210; x_wconf 88' lang='lat'><strong>,</strong></span> <span class='ocrx_word' id='word_1_201' title='bbox 767 3167 868 3200; x_wconf 82' lang='lat' dir='ltr'><strong>rem</strong></span> <span class='ocrx_word' id='word_1_202' title='bbox 884 3163 1070 3216; x_wconf 64' lang='lat' dir='ltr'><strong>neum,</strong></span> <span class='ocrx_word' id='word_1_203' title='bbox 1083 3152 1365 3216; x_wconf 81' lang='lat' dir='ltr'><strong>victumque</strong></span> 
     </span>
     <span class='ocr_line' id='line_1_28' title="bbox 335 3227 1365 3294; baseline 0.004 -18"><span class='ocrx_word' id='word_1_204' title='bbox 335 3229 392 3276; x_wconf 84' lang='lat' dir='ltr'><strong>in</strong></span> <span class='ocrx_word' id='word_1_205' title='bbox 417 3229 528 3294; x_wconf 81' lang='lat' dir='ltr'><strong>ipso</strong></span> <span class='ocrx_word' id='word_1_206' title='bbox 547 3231 662 3280; x_wconf 77' lang='lat' dir='ltr'><strong>soro</strong></span> <span class='ocrx_word' id='word_1_207' title='bbox 683 3230 914 3280; x_wconf 83' lang='lat' dir='ltr'><strong>Clodium</strong></span> <span class='ocrx_word' id='word_1_208' title='bbox 928 3265 944 3290; x_wconf 90' lang='lat'><strong>,</strong></span> <span class='ocrx_word' id='word_1_209' title='bbox 968 3227 1032 3278; x_wconf 80' lang='lat' dir='ltr'><strong>sb</strong></span> <span class='ocrx_word' id='word_1_210' title='bbox 1054 3231 1365 3280; x_wconf 64' lang='lat' dir='ltr'><strong>secundom</strong></span> 
     </span>
     <span class='ocr_line' id='line_1_29' title="bbox 338 3307 594 3360; baseline 0.008 -2"><span class='ocrx_word' id='word_1_211' title='bbox 338 3307 594 3360; x_wconf 72' lang='lat' dir='ltr'><strong>destitisse.</strong></span> 
     </span>
    </p>

    <p class='ocr_par' dir='ltr' id='par_1_5' title="bbox 314 3386 1365 3692">
     <span class='ocr_line' id='line_1_30' title="bbox 321 3386 1362 3452; baseline 0 -16"><span class='ocrx_word' id='word_1_212' title='bbox 321 3435 330 3444; x_wconf 82' lang='grc'><strong>,</strong></span> <span class='ocrx_word' id='word_1_213' title='bbox 409 3404 460 3438; x_wconf 72' lang='lat'><strong>2.</strong></span> <span class='ocrx_word' id='word_1_214' title='bbox 501 3389 822 3438; x_wconf 78' lang='lat' dir='ltr'><strong>Monumenea</strong></span> <span class='ocrx_word' id='word_1_215' title='bbox 855 3386 1078 3452; x_wconf 75' lang='lat' dir='ltr'><strong>publiea.</strong></span> <span class='ocrx_word' id='word_1_216' title='bbox 1115 3388 1362 3436; x_wconf 72' lang='lat' dir='ltr'><strong>Pon-ticum</strong></span> 
     </span>
     <span class='ocr_line' id='line_1_31' title="bbox 314 3465 1365 3518; baseline 0.004 -6"><span class='ocrx_word' id='word_1_217' title='bbox 314 3465 498 3517; x_wconf 76' lang='lat' dir='ltr'><strong>,catuli</strong></span> <span class='ocrx_word' id='word_1_218' title='bbox 523 3466 586 3515; x_wconf 88' lang='lat' dir='ltr'><strong>de</strong></span> <span class='ocrx_word' id='word_1_219' title='bbox 610 3466 868 3518; x_wconf 79' lang='lat' dir='ltr'><strong>Cimbricis</strong></span> <span class='ocrx_word' id='word_1_220' title='bbox 901 3467 1144 3516; x_wconf 75' lang='lat' dir='ltr'><strong>manubiis</strong></span> <span class='ocrx_word' id='word_1_221' title='bbox 1174 3477 1365 3516; x_wconf 82' lang='lat' dir='ltr'><strong>exstru-</strong></span> 
     </span>
     <span class='ocr_line' id='line_1_32' title="bbox 333 3547 1360 3612; baseline 0.004 -18"><span class='ocrx_word' id='word_1_222' title='bbox 333 3557 498 3596; x_wconf 69' lang='lat' dir='ltr'><strong>ctam:</strong></span> <span class='ocrx_word' id='word_1_223' title='bbox 525 3563 674 3610; x_wconf 80' lang='lat' dir='ltr'><strong>qusm</strong></span> <span class='ocrx_word' id='word_1_224' title='bbox 704 3547 938 3609; x_wconf 84' lang='lat' dir='ltr'><strong>Clodius,</strong></span> <span class='ocrx_word' id='word_1_225' title='bbox 977 3547 1094 3612; x_wconf 71' lang='lat' dir='ltr'><strong>quis</strong></span> <span class='ocrx_word' id='word_1_226' title='bbox 1123 3563 1236 3596; x_wconf 76' lang='lat' dir='ltr'><strong>oum</strong></span> <span class='ocrx_word' id='word_1_227' title='bbox 1272 3547 1360 3598; x_wconf 84' lang='lat' dir='ltr'><strong>Ci-</strong></span> 
     </span>
     <span class='ocr_line' id='line_1_33' title="bbox 334 3625 1360 3692; baseline 0 -18"><span class='ocrx_word' id='word_1_228' title='bbox 334 3625 528 3674; x_wconf 82' lang='lat' dir='ltr'><strong>ceronis</strong></span> <span class='ocrx_word' id='word_1_229' title='bbox 553 3626 706 3675; x_wconf 77' lang='lat' dir='ltr'><strong>domo</strong></span> <span class='ocrx_word' id='word_1_230' title='bbox 729 3627 1137 3692; x_wconf 71' lang='lat' dir='ltr'><strong>conjungebatur,</strong></span> <span class='ocrx_word' id='word_1_231' title='bbox 1171 3626 1360 3674; x_wconf 74' lang='lat' dir='ltr'><strong>evertit.</strong></span> 
     </span>
    </p>

    <p class='ocr_par' dir='ltr' id='par_1_6' title="bbox 333 3703 1362 3850">
     <span class='ocr_line' id='line_1_34' title="bbox 395 3703 1362 3772; baseline 0.002 -20"><span class='ocrx_word' id='word_1_232' title='bbox 395 3703 454 3752; x_wconf 79' lang='lat'><strong>3.</strong></span> <span class='ocrx_word' id='word_1_233' title='bbox 475 3705 626 3754; x_wconf 80' lang='lat' dir='ltr'><strong>AEdes</strong></span> <span class='ocrx_word' id='word_1_234' title='bbox 636 3721 822 3754; x_wconf 74' lang='lat' dir='ltr'><strong>saetas.</strong></span> <span class='ocrx_word' id='word_1_235' title='bbox 835 3707 1094 3770; x_wconf 79' lang='lat' dir='ltr'><strong>Templum</strong></span> <span class='ocrx_word' id='word_1_236' title='bbox 1108 3705 1362 3772; x_wconf 73' lang='lat' dir='ltr'><strong>Nympha-</strong></span> 
     </span>
     <span class='ocr_line' id='line_1_35' title="bbox 333 3781 1042 3850; baseline 0.006 -20"><span class='ocrx_word' id='word_1_237' title='bbox 333 3797 444 3830; x_wconf 84' lang='lat' dir='ltr'><strong>rum</strong></span> <span class='ocrx_word' id='word_1_238' title='bbox 459 3797 478 3844; x_wconf 64' lang='grc' dir='ltr'><strong><em>ς</em></strong></span> <span class='ocrx_word' id='word_1_239' title='bbox 493 3781 554 3831; x_wconf 82' lang='lat' dir='ltr'><strong>de</strong></span> <span class='ocrx_word' id='word_1_240' title='bbox 571 3799 672 3847; x_wconf 86' lang='lat' dir='ltr'><strong>quo</strong></span> <span class='ocrx_word' id='word_1_241' title='bbox 685 3785 788 3850; x_wconf 78' lang='lat' dir='ltr'><strong>jam</strong></span> <span class='ocrx_word' id='word_1_242' title='bbox 807 3785 1042 3834; x_wconf 80' lang='lat' dir='ltr'><strong>diximus.</strong></span> 
     </span>
    </p>

    <p class='ocr_par' dir='ltr' id='par_1_7' title="bbox 337 3861 1362 4003">
     <span class='ocr_line' id='line_1_36' title="bbox 405 3861 1362 3927; baseline 0 -15"><span class='ocrx_word' id='word_1_243' title='bbox 405 3870 458 3918; x_wconf 69' lang='grc'><strong>4.</strong></span> <span class='ocrx_word' id='word_1_244' title='bbox 497 3861 832 3911; x_wconf 73' lang='grc' dir='ltr'><strong>Ῑηίηιίσοηιπι.</strong></span> <span class='ocrx_word' id='word_1_245' title='bbox 869 3865 943 3912; x_wconf 85' lang='grc' dir='ltr'><strong>Μ.</strong></span> <span class='ocrx_word' id='word_1_246' title='bbox 970 3863 1120 3912; x_wconf 72' lang='lat' dir='ltr'><strong>Tullii</strong></span> <span class='ocrx_word' id='word_1_247' title='bbox 1136 3899 1153 3927; x_wconf 84' lang='lat'><strong>,</strong></span> <span class='ocrx_word' id='word_1_248' title='bbox 1185 3863 1362 3926; x_wconf 83' lang='lat' dir='ltr'><strong>Quinti</strong></span> 
     </span>
     <span class='ocr_line' id='line_1_37' title="bbox 337 3940 766 4003; baseline 0.005 -15"><span class='ocrx_word' id='word_1_249' title='bbox 337 3940 520 4003; x_wconf 73' lang='lat' dir='ltr'><strong>fratris,</strong></span> <span class='ocrx_word' id='word_1_250' title='bbox 545 3941 766 3990; x_wconf 72' lang='lat' dir='ltr'><strong>Milonis.</strong></span> 
     </span>
    </p>

    <p class='ocr_par' dir='ltr' id='par_1_8' title="bbox 335 4017 1358 4162">
     <span class='ocr_line' id='line_1_38' title="bbox 409 4017 1358 4081; baseline 0.005 -15"><span class='ocrx_word' id='word_1_251' title='bbox 409 4019 462 4068; x_wconf 77' lang='lat'><strong>5.</strong></span> <span class='ocrx_word' id='word_1_252' title='bbox 493 4019 768 4070; x_wconf 77' lang='lat' dir='ltr'><strong>Indicibus.</strong></span> <span class='ocrx_word' id='word_1_253' title='bbox 797 4017 1018 4070; x_wconf 71' lang='lat' dir='ltr'><strong>hubin.</strong></span> <span class='ocrx_word' id='word_1_254' title='bbox 1053 4020 1158 4070; x_wconf 86' lang='lat' dir='ltr'><strong>sine</strong></span> <span class='ocrx_word' id='word_1_255' title='bbox 1197 4021 1358 4081; x_wconf 82' lang='lat' dir='ltr'><strong>libris,</strong></span> 
     </span>
     <span class='ocr_line' id='line_1_39' title="bbox 335 4098 881 4162; baseline 0.009 -18"><span class='ocrx_word' id='word_1_256' title='bbox 335 4098 622 4150; x_wconf 70' lang='lat' dir='ltr'><strong>audacibus.</strong></span> <span class='ocrx_word' id='word_1_257' title='bbox 645 4103 694 4151; x_wconf 82' lang='lat' dir='ltr'><strong>J.</strong></span> <span class='ocrx_word' id='word_1_258' title='bbox 715 4103 780 4150; x_wconf 79' lang='lat' dir='ltr'><strong>V.</strong></span> <span class='ocrx_word' id='word_1_259' title='bbox 811 4103 881 4162; x_wconf 75' lang='lat'><strong>1...</strong></span> 
     </span>
    </p>
   </div>
   <div class='ocr_carea' id='block_1_4' title="bbox 1447 2671 2494 4150">
    <p class='ocr_par' dir='ltr' id='par_1_9' title="bbox 1451 2671 2494 3042">
     <span class='ocr_line' id='line_1_40' title="bbox 1524 2671 2485 2725; baseline -0.006 0"><span class='ocrx_word' id='word_1_260' title='bbox 1524 2677 1577 2725; x_wconf 83' lang='lat'><strong>6.</strong></span> <span class='ocrx_word' id='word_1_261' title='bbox 1603 2676 1856 2725; x_wconf 72' lang='lat' dir='ltr'><strong>Car-cerem</strong></span> <span class='ocrx_word' id='word_1_262' title='bbox 1879 2685 2047 2724; x_wconf 72' lang='lat' dir='ltr'><strong>tottam.</strong></span> <span class='ocrx_word' id='word_1_263' title='bbox 2074 2672 2311 2722; x_wconf 81' lang='lat' dir='ltr'><strong>Homines</strong></span> <span class='ocrx_word' id='word_1_264' title='bbox 2331 2671 2485 2720; x_wconf 82' lang='lat' dir='ltr'><strong>suds-</strong></span> 
     </span>
     <span class='ocr_line' id='line_1_41' title="bbox 1451 2753 2494 2820; baseline -0.003 -18"><span class='ocrx_word' id='word_1_265' title='bbox 1451 2753 1527 2802; x_wconf 79' lang='lat' dir='ltr'><strong>eis</strong></span> <span class='ocrx_word' id='word_1_266' title='bbox 1552 2755 1772 2820; x_wconf 83' lang='lat' dir='ltr'><strong>perditos</strong></span> <span class='ocrx_word' id='word_1_267' title='bbox 1798 2755 2004 2806; x_wconf 81' lang='lat' dir='ltr'><strong>Clodius</strong></span> <span class='ocrx_word' id='word_1_268' title='bbox 2020 2755 2078 2802; x_wconf 87' lang='lat' dir='ltr'><strong>in</strong></span> <span class='ocrx_word' id='word_1_269' title='bbox 2098 2753 2354 2802; x_wconf 72' lang='lat' dir='ltr'><strong>tribunatu</strong></span> <span class='ocrx_word' id='word_1_270' title='bbox 2381 2767 2494 2800; x_wconf 82' lang='lat' dir='ltr'><strong>esr-</strong></span> 
     </span>
     <span class='ocr_line' id='line_1_42' title="bbox 1451 2831 2487 2898; baseline -0.003 -16"><span class='ocrx_word' id='word_1_271' title='bbox 1451 2833 1643 2882; x_wconf 77' lang='lat' dir='ltr'><strong>ceribus</strong></span> <span class='ocrx_word' id='word_1_272' title='bbox 1682 2833 1907 2882; x_wconf 74' lang='lat' dir='ltr'><strong>libersvit</strong></span> <span class='ocrx_word' id='word_1_273' title='bbox 1952 2849 1969 2884; x_wconf 73' lang='grc' dir='ltr'><strong>ε</strong></span> <span class='ocrx_word' id='word_1_274' title='bbox 2019 2849 2146 2898; x_wconf 82' lang='lat' dir='ltr'><strong>quos</strong></span> <span class='ocrx_word' id='word_1_275' title='bbox 2194 2831 2487 2896; x_wconf 71' lang='lat' dir='ltr'><strong>significavit</strong></span> 
     </span>
     <span class='ocr_line' id='line_1_43' title="bbox 1454 2912 2487 2978; baseline -0.005 -15"><span class='ocrx_word' id='word_1_276' title='bbox 1454 2914 1630 2963; x_wconf 84' lang='lat' dir='ltr'><strong>Cicero</strong></span> <span class='ocrx_word' id='word_1_277' title='bbox 1648 2947 1663 2974; x_wconf 92' lang='lat'><strong>,</strong></span> <span class='ocrx_word' id='word_1_278' title='bbox 1688 2929 1840 2978; x_wconf 84' lang='lat' dir='ltr'><strong>quum</strong></span> <span class='ocrx_word' id='word_1_279' title='bbox 1871 2913 2025 2972; x_wconf 82' lang='lat' dir='ltr'><strong>dixit,</strong></span> <span class='ocrx_word' id='word_1_280' title='bbox 2057 2934 2083 2956; x_wconf 71' lang='grc' dir='ltr'><strong>α</strong></span> <span class='ocrx_word' id='word_1_281' title='bbox 2098 2913 2219 2962; x_wconf 82' lang='lat' dir='ltr'><strong>Cum</strong></span> <span class='ocrx_word' id='word_1_282' title='bbox 2244 2912 2429 2960; x_wconf 75' lang='lat' dir='ltr'><strong>sicsxiis</strong></span> <span class='ocrx_word' id='word_1_283' title='bbox 2458 2927 2487 2959; x_wconf 89' lang='lat' dir='ltr'><strong>e</strong></span> 
     </span>
     <span class='ocr_line' id='line_1_44' title="bbox 1453 2993 1920 3042; baseline 0.004 -2"><span class='ocrx_word' id='word_1_284' title='bbox 1453 3008 1645 3042; x_wconf 73' lang='lat' dir='ltr'><strong>carcere</strong></span> <span class='ocrx_word' id='word_1_285' title='bbox 1671 2993 1855 3040; x_wconf 85' lang='lat' dir='ltr'><strong>emissis</strong></span> <span class='ocrx_word' id='word_1_286' title='bbox 1874 3015 1920 3042; x_wconf 73' lang='lat' dir='ltr'><strong>n.</strong></span> 
     </span>
    </p>

    <p class='ocr_par' dir='ltr' id='par_1_10' title="bbox 1527 3071 1879 3134">
     <span class='ocr_line' id='line_1_45' title="bbox 1527 3071 1879 3134; baseline 0.003 -15"><span class='ocrx_word' id='word_1_287' title='bbox 1527 3089 1575 3134; x_wconf 84' lang='lat'><strong>7.</strong></span> <span class='ocrx_word' id='word_1_288' title='bbox 1598 3071 1704 3122; x_wconf 73' lang='lat' dir='ltr'><strong>Hic.</strong></span> <span class='ocrx_word' id='word_1_289' title='bbox 1732 3071 1879 3120; x_wconf 76' lang='lat' dir='ltr'><strong>Milo.</strong></span> 
     </span>
    </p>

    <p class='ocr_par' dir='ltr' id='par_1_11' title="bbox 1451 3151 2487 3294">
     <span class='ocr_line' id='line_1_46' title="bbox 1526 3151 2487 3216; baseline -0.004 -16"><span class='ocrx_word' id='word_1_290' title='bbox 1526 3153 1579 3200; x_wconf 82' lang='lat'><strong>8.</strong></span> <span class='ocrx_word' id='word_1_291' title='bbox 1615 3152 1742 3200; x_wconf 78' lang='lat' dir='ltr'><strong>Deos</strong></span> <span class='ocrx_word' id='word_1_292' title='bbox 1772 3161 1997 3216; x_wconf 74' lang='lat' dir='ltr'><strong>penates.</strong></span> <span class='ocrx_word' id='word_1_293' title='bbox 2034 3151 2249 3198; x_wconf 78' lang='lat' dir='ltr'><strong>Domum</strong></span> <span class='ocrx_word' id='word_1_294' title='bbox 2285 3162 2420 3196; x_wconf 75' lang='lat' dir='ltr'><strong>susm</strong></span> <span class='ocrx_word' id='word_1_295' title='bbox 2457 3163 2487 3196; x_wconf 79' lang='lat' dir='ltr'><strong>s</strong></span> 
     </span>
     <span class='ocr_line' id='line_1_47' title="bbox 1451 3229 2002 3294; baseline -0.005 -14"><span class='ocrx_word' id='word_1_296' title='bbox 1451 3229 1632 3280; x_wconf 84' lang='lat' dir='ltr'><strong>Clodio</strong></span> <span class='ocrx_word' id='word_1_297' title='bbox 1654 3239 2002 3294; x_wconf 70' lang='lat' dir='ltr'><strong>oppugnatam.</strong></span> 
     </span>
    </p>

    <p class='ocr_par' dir='ltr' id='par_1_12' title="bbox 1449 3305 2492 3594">
     <span class='ocr_line' id='line_1_48' title="bbox 1524 3305 2492 3374; baseline -0.002 -18"><span class='ocrx_word' id='word_1_298' title='bbox 1524 3325 1579 3372; x_wconf 86' lang='lat'><strong>9.</strong></span> <span class='ocrx_word' id='word_1_299' title='bbox 1590 3308 1947 3374; x_wconf 76' lang='lat' dir='ltr'><strong>Ampiciaque.</strong></span> <span class='ocrx_word' id='word_1_300' title='bbox 1958 3309 2143 3358; x_wconf 67' lang='lat' dir='ltr'><strong>Contu</strong></span> <span class='ocrx_word' id='word_1_301' title='bbox 2158 3321 2267 3370; x_wconf 74' lang='lat' dir='ltr'><strong>quoe</strong></span> <span class='ocrx_word' id='word_1_302' title='bbox 2280 3305 2492 3356; x_wconf 83' lang='lat' dir='ltr'><strong>Clodius</strong></span> 
     </span>
     <span class='ocr_line' id='line_1_49' title="bbox 1449 3385 2489 3446; baseline -0.003 -10"><span class='ocrx_word' id='word_1_303' title='bbox 1449 3387 1623 3436; x_wconf 77' lang='lat' dir='ltr'><strong>haberi</strong></span> <span class='ocrx_word' id='word_1_304' title='bbox 1662 3386 1857 3437; x_wconf 81' lang='lat' dir='ltr'><strong>comitis</strong></span> <span class='ocrx_word' id='word_1_305' title='bbox 1884 3387 2085 3436; x_wconf 70' lang='lat' dir='ltr'><strong>aedilitia</strong></span> <span class='ocrx_word' id='word_1_306' title='bbox 2108 3385 2357 3446; x_wconf 74' lang='lat' dir='ltr'><strong>voluerat,</strong></span> <span class='ocrx_word' id='word_1_307' title='bbox 2383 3386 2489 3434; x_wconf 81' lang='lat' dir='ltr'><strong>Mi-</strong></span> 
     </span>
     <span class='ocr_line' id='line_1_50' title="bbox 1450 3464 2485 3531; baseline -0.004 -15"><span class='ocrx_word' id='word_1_308' title='bbox 1450 3467 1565 3516; x_wconf 82' lang='lat' dir='ltr'><strong>lone</strong></span> <span class='ocrx_word' id='word_1_309' title='bbox 1590 3468 1841 3517; x_wconf 78' lang='lat' dir='ltr'><strong>resistente</strong></span> <span class='ocrx_word' id='word_1_310' title='bbox 1865 3480 1882 3514; x_wconf 90' lang='grc'><strong>.·</strong></span> <span class='ocrx_word' id='word_1_311' title='bbox 1909 3465 2056 3531; x_wconf 86' lang='lat' dir='ltr'><strong>epist.</strong></span> <span class='ocrx_word' id='word_1_312' title='bbox 2098 3465 2127 3512; x_wconf 84' lang='lat'><strong>3</strong></span> <span class='ocrx_word' id='word_1_313' title='bbox 2144 3499 2161 3526; x_wconf 88' lang='lat'><strong>,</strong></span> <span class='ocrx_word' id='word_1_314' title='bbox 2188 3465 2277 3514; x_wconf 87' lang='lat' dir='ltr'><strong>lib.</strong></span> <span class='ocrx_word' id='word_1_315' title='bbox 2302 3466 2395 3527; x_wconf 77' lang='lat' dir='ltr'><strong>IV,</strong></span> <span class='ocrx_word' id='word_1_316' title='bbox 2419 3464 2485 3514; x_wconf 79' lang='lat' dir='ltr'><strong>sd</strong></span> 
     </span>
     <span class='ocr_line' id='line_1_51' title="bbox 1449 3544 1693 3594; baseline -0.008 0"><span class='ocrx_word' id='word_1_317' title='bbox 1449 3544 1693 3594; x_wconf 77' lang='lat' dir='ltr'><strong>Atticum.</strong></span> 
     </span>
    </p>

    <p class='ocr_par' dir='ltr' id='par_1_13' title="bbox 1447 3622 2486 4150">
     <span class='ocr_line' id='line_1_52' title="bbox 1526 3622 2486 3674; baseline 0.001 -3"><span class='ocrx_word' id='word_1_318' title='bbox 1526 3639 1607 3672; x_wconf 77' lang='lat' dir='ltr'><strong>ro.</strong></span> <span class='ocrx_word' id='word_1_319' title='bbox 1632 3627 1727 3670; x_wconf 83' lang='lat' dir='ltr'><strong>Per·</strong></span> <span class='ocrx_word' id='word_1_320' title='bbox 1740 3633 1933 3674; x_wconf 76' lang='lat' dir='ltr'><strong>senatus</strong></span> <span class='ocrx_word' id='word_1_321' title='bbox 1950 3622 2313 3673; x_wconf 76' lang='lat' dir='ltr'><strong>auctoritatem.</strong></span> <span class='ocrx_word' id='word_1_322' title='bbox 2336 3625 2486 3672; x_wconf 78' lang='lat' dir='ltr'><strong>Sens-</strong></span> 
     </span>
     <span class='ocr_line' id='line_1_53' title="bbox 1449 3703 2485 3762; baseline -0.002 -10"><span class='ocrx_word' id='word_1_323' title='bbox 1449 3713 1611 3752; x_wconf 82' lang='lat' dir='ltr'><strong>torum</strong></span> <span class='ocrx_word' id='word_1_324' title='bbox 1654 3704 1909 3752; x_wconf 77' lang='lat' dir='ltr'><strong>sententiis</strong></span> <span class='ocrx_word' id='word_1_325' title='bbox 1956 3714 2031 3756; x_wconf 82' lang='lat' dir='ltr'><strong>est</strong></span> <span class='ocrx_word' id='word_1_326' title='bbox 2078 3703 2330 3752; x_wconf 82' lang='lat' dir='ltr'><strong>decretum</strong></span> <span class='ocrx_word' id='word_1_327' title='bbox 2344 3735 2361 3762; x_wconf 87' lang='lat'><strong>,</strong></span> <span class='ocrx_word' id='word_1_328' title='bbox 2418 3719 2485 3750; x_wconf 86' lang='lat' dir='ltr'><strong>ne</strong></span> 
     </span>
     <span class='ocr_line' id='line_1_54' title="bbox 1449 3781 2485 3848; baseline 0 -18"><span class='ocrx_word' id='word_1_329' title='bbox 1449 3799 1643 3830; x_wconf 74' lang='lat' dir='ltr'><strong>oausam</strong></span> <span class='ocrx_word' id='word_1_330' title='bbox 1686 3785 1823 3848; x_wconf 83' lang='lat' dir='ltr'><strong>prins</strong></span> <span class='ocrx_word' id='word_1_331' title='bbox 1868 3783 2081 3844; x_wconf 84' lang='lat' dir='ltr'><strong>diceret,</strong></span> <span class='ocrx_word' id='word_1_332' title='bbox 2123 3799 2273 3848; x_wconf 71' lang='lat' dir='ltr'><strong>quam</strong></span> <span class='ocrx_word' id='word_1_333' title='bbox 2314 3781 2485 3830; x_wconf 74' lang='lat' dir='ltr'><strong>habita</strong></span> 
     </span>
     <span class='ocr_line' id='line_1_55' title="bbox 1449 3859 2483 3927; baseline -0.002 -17"><span class='ocrx_word' id='word_1_334' title='bbox 1449 3862 1653 3911; x_wconf 77' lang='lat' dir='ltr'><strong>comitis</strong></span> <span class='ocrx_word' id='word_1_335' title='bbox 1696 3873 1855 3911; x_wconf 85' lang='lat' dir='ltr'><strong>essent</strong></span> <span class='ocrx_word' id='word_1_336' title='bbox 1882 3877 1896 3911; x_wconf 73' lang='lat' dir='ltr'>e</span> <span class='ocrx_word' id='word_1_337' title='bbox 1926 3863 2107 3927; x_wconf 83' lang='lat' dir='ltr'><strong>quibus</strong></span> <span class='ocrx_word' id='word_1_338' title='bbox 2132 3878 2284 3926; x_wconf 81' lang='lat' dir='ltr'><strong>quum</strong></span> <span class='ocrx_word' id='word_1_339' title='bbox 2324 3859 2483 3908; x_wconf 65' lang='lat' dir='ltr'><strong>odilis</strong></span> 
     </span>
     <span class='ocr_line' id='line_1_56' title="bbox 1453 3940 2483 4006; baseline -0.002 -16"><span class='ocrx_word' id='word_1_340' title='bbox 1453 3952 1582 3990; x_wconf 83' lang='lat' dir='ltr'><strong>esset</strong></span> <span class='ocrx_word' id='word_1_341' title='bbox 1616 3941 1827 3992; x_wconf 85' lang='lat' dir='ltr'><strong>Clodius</strong></span> <span class='ocrx_word' id='word_1_342' title='bbox 1860 3941 2138 4006; x_wconf 71' lang='lat' dir='ltr'><strong>designatus</strong></span> <span class='ocrx_word' id='word_1_343' title='bbox 2156 3976 2172 4001; x_wconf 91' lang='lat'><strong>,</strong></span> <span class='ocrx_word' id='word_1_344' title='bbox 2214 3940 2483 3988; x_wconf 71' lang='lat' dir='ltr'><strong>institutam</strong></span> 
     </span>
     <span class='ocr_line' id='line_1_57' title="bbox 1449 4025 2483 4089; baseline -0.002 -18"><span class='ocrx_word' id='word_1_345' title='bbox 1449 4025 1807 4074; x_wconf 71' lang='lat' dir='ltr'><strong>accusationem</strong></span> <span class='ocrx_word' id='word_1_346' title='bbox 1842 4025 1967 4074; x_wconf 77' lang='lat' dir='ltr'><strong>nano</strong></span> <span class='ocrx_word' id='word_1_347' title='bbox 2000 4025 2223 4089; x_wconf 84' lang='lat' dir='ltr'><strong>persequi</strong></span> <span class='ocrx_word' id='word_1_348' title='bbox 2256 4037 2357 4070; x_wconf 86' lang='lat' dir='ltr'><strong>non</strong></span> <span class='ocrx_word' id='word_1_349' title='bbox 2386 4037 2483 4086; x_wconf 80' lang='lat' dir='ltr'><strong>po-</strong></span> 
     </span>
     <span class='ocr_line' id='line_1_58' title="bbox 1447 4102 1561 4150; baseline 0 0"><span class='ocrx_word' id='word_1_350' title='bbox 1447 4102 1561 4150; x_wconf 78' lang='lat' dir='ltr'><strong>tuit.</strong></span> 
     </span>
    </p>
   </div>
  </div>
 </body>
</html>
