2996 4694
477 368 620 455 284
1121 372 1219 441 M.
1269 373 1348 441 T.
1401 369 1957 442 CICERONIS

469 488 894 587 dignitatem
955 489 1545 588 praestabiliorem
1594 514 1713 573 ea,
1776 512 1992 586 quam
2047 512 2179 587 per
2234 514 2365 561 vos
2414 505 2601 563 essct

467 599 805 699 adeptus,
836 603 1127 699 putarit.
1159 603 1392 673 Nemo
1419 624 1769 698 umquam
1804 600 1924 669 hic
1951 600 2189 697 potuit
2220 625 2373 671 csse
2402 603 2597 699 prin-

467 733 638 807 ceps
657 764 677 795 ‚
714 712 842 807 qui
879 710 1211 782 maluerit
1247 735 1400 783 esse
1442 711 1813 810 popularis
1827 707 1881 781 4.
1925 708 2065 780 Sed
2098 709 2433 781 homines
2470 726 2599 782 aut

461 834 764 917 propter
794 817 1262 918 dignitatem⁵
1291 844 1492 893 suam
1530 818 1744 891 diffisi
1772 820 1911 917 ipsi
1936 816 2113 907 sibi,
2144 834 2271 891 aut
2296 834 2600 917 propter

461 928 912 1027 reliquorum
973 928 1613 1017 obtrectationem,
1664 927 1755 999 ab
1817 928 2040 1024 hujus
2092 928 2369 999 ordinis
2416 952 2597 1000 con-

460 1039 839 1135 junctione
865 1039 1201 1137 depulsi,
1237 1064 1424 1139 saepe
1469 1064 1560 1111 ex
1596 1038 1737 1109 hoc
1769 1052 1991 1136 portu
2025 1060 2101 1108 se
2142 1037 2219 1107 in
2251 1037 2415 1107 illos
2460 1036 2597 1108 flu-

466 1146 678 1221 ctus⁶
730 1172 964 1248 prope
1013 1154 1420 1223 necessario
1479 1148 1967 1221 contulerunt.
2024 1148 2167 1235 Qui
2218 1148 2279 1217 si
2330 1171 2419 1218 ex
2476 1146 2601 1218 illa

460 1258 849 1353 jactatione
891 1282 1256 1356 cursuque
1304 1257 1674 1358 populari,
1711 1256 1903 1329 bene
1944 1270 2144 1354 gesta
2186 1254 2558 1354 republica
2576 1312 2597 1346 ,

461 1370 790 1444 referunt
845 1371 1265 1471 adspectum
1322 1374 1402 1443 in
1457 1374 1774 1460 curiam,
1830 1385 2047 1467 atque
2096 1368 2267 1440 huic
2304 1369 2599 1467 amplis-

468 1474 665 1554 simae
715 1480 1045 1579 dignitati
1086 1481 1575 1555 commendati
1620 1504 1771 1553 esse
1824 1479 2131 1551 volunt:
2178 1503 2333 1550 non
2376 1477 2598 1550 modo

467 1616 620 1663 non
659 1591 1054 1691 repellendi
1091 1608 1295 1682 sunt,
1328 1617 1579 1665 verum
1618 1596 1833 1665 etiam
1866 1588 2277 1689 expetendi.

565 1704 956 1780 Monemur
1001 1726 1044 1773 a
1096 1700 1486 1774 fortissimo
1524 1708 1683 1773 viro
1700 1714 1754 1789 ⁷,
1814 1716 2031 1799 atque
2094 1704 2376 1798 optimo
2430 1714 2602 1798 post

469 1810 854 1882 hominum
911 1813 1334 1884 memoriam
1387 1812 1687 1884 consule
1714 1866 1735 1900 ,
1786 1826 1872 1882 ut
1916 1808 2457 1909 provideamus,
2504 1834 2599 1881 ne

469 1920 762 1991 citerior
806 1918 1035 1991 Gallia
1077 1920 1294 1993 nobis
1337 1922 1579 1993 invitis
1622 1921 1835 1992 alicui
1884 1920 2314 1993 decernatur
2334 1916 2389 2008 ⁸,
2432 1934 2599 2019 post

469 2050 596 2099 eos
637 2031 993 2121 consules,
1020 2034 1148 2130 qui
1177 2059 1374 2106 nunc
1417 2046 1632 2105 erunt
1672 2032 2059 2128 designati3
2094 2045 2599 2129 perpetuoque

468 2139 774 2235 posthac
805 2140 897 2213 ab
933 2144 1056 2231 iis,
1091 2146 1221 2241 qui
1255 2145 1456 2216 hunc
1491 2142 1819 2215 ordinem
1859 2155 2329 2240 oppugnent,
2370 2166 2601 2240 popu·

445 2246 602 2321 jari
620 2274 703 2323 ac
739 2251 1158 2325 turbulenta
1184 2258 1468 2326 ratione
1493 2266 1847 2325 teneatur.
1875 2253 2113 2342 Quam
2127 2260 2300 2349 ego9
2317 2250 2599 2350 plagam

471 2361 607 2433 etsi
677 2388 831 2434 non
893 2379 1286 2438 contemno
1307 2420 1328 2454 ,
1387 2379 1629 2463 patres
1703 2352 2091 2458 conscripti
2117 2415 2137 2446 ‚
2204 2361 2599 2458 praesertim

471 2472 790 2544 monitus
846 2499 889 2545 a
953 2475 1478 2572 sapientissimo
1546 2471 1874 2560 consule,
1930 2483 2007 2541 et
2054 2467 2599 2566 diligentissimo

467 2583 766 2654 custode
829 2585 1024 2682 pacis
1082 2599 1156 2655 et
1219 2586 1389 2670 otii,
1446 2598 1691 2654 tamen
1740 2581 2240 2654 vehementius
2290 2577 2603 2650 arbitror

471 2691 1130 2786 pertimescendum
1149 2747 1170 2780 ,
1221 2694 1280 2764 si
1323 2693 1703 2764 hominnm
1748 2689 2304 2762 clarissimorum
2342 2711 2427 2758 ac
2470 2711 2601 2784 po-

471 2801 1036 2904 tentissimorum
1095 2817 1222 2874 aut
1275 2803 1633 2875 honorem
1690 2802 2021 2873 minuero
2040 2854 2061 2883 ‚
2102 2813 2227 2871 ant
2274 2797 2599 2871 studium

1576 2998 1821 3046 casionem
1856 3013 1885 3045 e
1912 2995 2137 3045 manibus
2154 2994 2281 3044 elabi
2298 3003 2598 3060 paterentur.

1648 3092 1701 3139 9.
1757 3078 1916 3141 Quam
1967 3089 2077 3140 ego.
2126 3073 2341 3122 Adverte
2388 3072 2600 3121 oratoria

471 3071 518 3120 fi
541 2995 902 3122 &Popularia
941 2998 1044 3062 Qui
1069 2997 1244 3064 populi
1269 2998 1490 3064 partibus

520 3089 550 3120 V
643 3084 680 3123 t.

543 3152 597 3202 5.
635 3155 840 3218 Propter·
873 3153 1170 3222 dignitatem.
1207 3158 1269 3207 Id
1300 3167 1396 3216 eet,
1422 3157 1488 3204 ti·-

469 3237 656 3280 mentes
679 3249 742 3280 ne
769 3245 966 3298 possent
991 3235 1056 3284 ad
1077 3235 1292 3285 honor-ee
1317 3251 1488 3285 aecen-

471 3307 587 3358 ‹lere
631 3321 837 3376 propter
893 3330 1028 3363 suam
1068 3315 1450 3364 mediocritatem
1471 3347 1488 3372 ,

469 3401 557 3438 aut
597 3392 776 3454 quibua
816 3393 1072 3452 nobilitas,
1114 3410 1263 3459 opes,
1301 3393 1490 3458 aliaque

470 3467 534 3515 ad
555 3471 822 3532 potentiam
845 3473 894 3518 in
920 3485 1090 3522 senatu
1115 3471 1489 3536 comparandam

471 3544 699 3608 deerant,
735 3551 956 3610 quamvis
991 3550 1202 3614 ingenii,
1243 3550 1489 3614 animique

470 3626 588 3672 satia
608 3623 861 3691 haberent.

543 3705 594 3753 6.
614 3708 678 3753 In
696 3703 1009 3772 illosfluceus.
1037 3705 1344 3756 seditionum
1369 3717 1489 3756 tem-

469 3794 679 3850 pestates
704 3793 754 3831 et
774 3781 1029 3848 proeellas.

539 3877 594 3930 7.
628 3865 678 3910 A
687 3859 968 3927 forcheim
1001 3861 1132 3911 viro.
1166 3863 1226 3912 1..
1254 3863 1488 3930 Philippo

469 3941 687 3991 consule.

538 4023 591 4072 8.
619 4023 938 4070 Decernatur.
969 4022 1013 4067 A
1036 4020 1254 4084 populo,
1276 4032 1328 4069 et
1342 4021 1487 4070 alicui

465 4099 692 4164 populari
709 4135 725 4158 ,
751 4100 793 4149 ai
819 4109 1065 4149 senatores
1089 4111 1374 4163 presentem
1401 4117 1485 4150 oc·

1576 3155 1909 3220 prudentiam3
1932 3169 2037 3203 nou
2058 3155 2221 3218 potuit
2240 3151 2454 3200 refellere
2472 3167 2599 3199 con·

1578 3234 1696 3282 nulia
1734 3235 1999 3292 rationem3
2042 3249 2135 3282 nec
2170 3248 2300 3297 opus
2336 3231 2457 3287 suin
2493 3245 2599 3277 non

1575 3301 1981 3364 contemnendam
2010 3329 2113 3360 ease
2148 3309 2407 3369 concedit3
2430 3308 2599 3357 laudat

1575 3393 1680 3453 ejus
1698 3405 1945 3442 auctorem
1966 3405 2069 3443 tum
2098 3408 2128 3441 a
2149 3391 2410 3456 sapientia,
2437 3399 2541 3437 tum
2566 3403 2596 3436 a

1578 3471 1826 3537 diligentia
1860 3473 2121 3536 studioque
2152 3467 2400 3518 servanda
2428 3467 2597 3532 pacia3

1574 3551 1809 3599 rationem
1828 3552 2032 3611 rationi,
2052 3550 2203 3598 metui
2224 3559 2405 3596 metum
2417 3548 2599 3608 justio-

1574 3645 1675 3678 rem
1716 3631 1925 3695 opponit
1945 3665 1961 3689 ,
1996 3647 2061 3678 ne
2090 3627 2327 3676 alienetur
2358 3643 2385 3676 a
2422 3635 2598 3674 senatu

1576 3710 1755 3769 emar,
1776 3713 1863 3774 qui
1884 3711 2247 3775 potentissimus
2274 3716 2401 3764 erat,
2428 3715 2477 3753 et
2498 3706 2598 3753 mi·-
2615 3769 2639 3776 ᾖ

1575 3787 1717 3836 litum
1733 3821 1748 3848 ,
1784 3789 2055 3854 populique
2086 3787 2275 3835 romani
2308 3784 2598 3833 benivolen-

1574 3865 1643 3914 tia
1674 3867 1823 3916 fretus
1853 3883 2021 3934 pacem
2058 3865 2249 3916 turbare
2286 3875 2479 3930 poterat
2494 3895 2513 3923 ,
2542 3873 2598 3912 et

1574 3946 1853 4010 reipublice
1868 3945 2283 4004 etatumfuuditus
2301 3943 2593 3995 convellere.

1573 4025 1747 4073 Postea
1764 4035 1927 4074 tamen
1942 4041 2053 4073 enas
2068 4025 2213 4072 affert
2232 4023 2466 4084 rationes,
2485 4022 2599 4088 qui-

1573 4103 1667 4153 bua
1684 4105 1769 4154 ille
1788 4104 2007 4156 consulis
2022 4104 2171 4153 timor
2188 4102 2415 4154 leniatur.
