<?xml version="1.0" encoding="UTF-8"?>
<!DOCTYPE html PUBLIC "-//W3C//DTD XHTML 1.0 Transitional//EN"
    "http://www.w3.org/TR/xhtml1/DTD/xhtml1-transitional.dtd">
<html xmlns="http://www.w3.org/1999/xhtml" xml:lang="en" lang="en">
 <head>
  <title>
</title>
<meta http-equiv="Content-Type" content="text/html;charset=utf-8" />
  <meta name='ocr-system' content='tesseract 3.04.00' />
  <meta name='ocr-capabilities' content='ocr_page ocr_carea ocr_par ocr_line ocrx_word'/>
</head>
<body>
  <div class='ocr_page' id='page_1' title='image "./mtciceronisquae08lemagoog/mtciceronisquae08lemagoog_0200.png"; bbox 0 0 2996 4694; ppageno 0'>
   <div class='ocr_carea' id='block_1_1' title="bbox 439 380 663 459">
    <p class='ocr_par' dir='ltr' id='par_1_1' title="bbox 439 380 663 459">
     <span class='ocr_line' id='line_1_1' title="bbox 439 380 663 459; baseline -0.009 -24"><span class='ocrx_word' id='word_1_1' title='bbox 439 382 444 387; x_wconf 88' lang='lat'><strong>·</strong></span> <span class='ocrx_word' id='word_1_2' title='bbox 535 380 663 459; x_wconf 56' lang='lat'><strong>19³2</strong></span> 
     </span>
    </p>
   </div>
   <div class='ocr_carea' id='block_1_2' title="bbox 1162 360 2021 431">
    <p class='ocr_par' dir='ltr' id='par_1_2' title="bbox 1162 360 2021 431">
     <span class='ocr_line' id='line_1_2' title="bbox 1162 360 2021 431; baseline 0.002 -2"><span class='ocrx_word' id='word_1_3' title='bbox 1162 362 1260 429; x_wconf 88' lang='lat' dir='ltr'><strong>M.</strong></span> <span class='ocrx_word' id='word_1_4' title='bbox 1313 364 1390 429; x_wconf 88' lang='lat' dir='ltr'><strong>T.</strong></span> <span class='ocrx_word' id='word_1_5' title='bbox 1444 360 2021 431; x_wconf 87' lang='lat' dir='ltr'>CICERONIS</span> 
     </span>
    </p>
   </div>
   <div class='ocr_carea' id='block_1_3' title="bbox 527 478 2663 2330">
    <p class='ocr_par' dir='ltr' id='par_1_3' title="bbox 527 478 2652 1127">
     <span class='ocr_line' id='line_1_3' title="bbox 530 478 2647 579; baseline 0 -24"><span class='ocrx_word' id='word_1_6' title='bbox 530 484 694 555; x_wconf 89' lang='lat' dir='ltr'><strong>dicii</strong></span> <span class='ocrx_word' id='word_1_7' title='bbox 746 483 1114 553; x_wconf 83' lang='lat' dir='ltr'><strong>veritatem</strong></span> <span class='ocrx_word' id='word_1_8' title='bbox 1133 534 1154 569; x_wconf 95' lang='lat'><strong>,</strong></span> <span class='ocrx_word' id='word_1_9' title='bbox 1205 504 1366 578; x_wconf 85' lang='lat' dir='ltr'><strong>quae</strong></span> <span class='ocrx_word' id='word_1_10' title='bbox 1417 482 1679 551; x_wconf 84' lang='lat' dir='ltr'><strong>mutari</strong></span> <span class='ocrx_word' id='word_1_11' title='bbox 1735 478 1938 551; x_wconf 89' lang='lat' dir='ltr'><strong>nullo</strong></span> <span class='ocrx_word' id='word_1_12' title='bbox 1993 480 2215 552; x_wconf 84' lang='lat' dir='ltr'><strong>modo</strong></span> <span class='ocrx_word' id='word_1_13' title='bbox 2256 498 2530 579; x_wconf 87' lang='lat' dir='ltr'><strong>potest,</strong></span> <span class='ocrx_word' id='word_1_14' title='bbox 2570 487 2647 555; x_wconf 89' lang='lat' dir='ltr'><strong>in</strong></span> 
     </span>
     <span class='ocr_line' id='line_1_4' title="bbox 527 588 2649 689; baseline 0 -28"><span class='ocrx_word' id='word_1_15' title='bbox 527 594 894 664; x_wconf 86' lang='lat' dir='ltr'><strong>voluntate</strong></span> <span class='ocrx_word' id='word_1_16' title='bbox 921 592 1208 661; x_wconf 88' lang='lat' dir='ltr'><strong>testium</strong></span> <span class='ocrx_word' id='word_1_17' title='bbox 1239 589 1575 661; x_wconf 84' lang='lat' dir='ltr'><strong>collocari</strong></span> <span class='ocrx_word' id='word_1_18' title='bbox 1602 590 1866 677; x_wconf 87' lang='lat' dir='ltr'><strong>sinam;</strong></span> <span class='ocrx_word' id='word_1_19' title='bbox 1898 615 2058 687; x_wconf 82' lang='lat' dir='ltr'><strong>quae</strong></span> <span class='ocrx_word' id='word_1_20' title='bbox 2086 588 2417 663; x_wconf 82' lang='lat' dir='ltr'><strong>facillime</strong></span> <span class='ocrx_word' id='word_1_21' title='bbox 2446 592 2649 689; x_wconf 86' lang='lat' dir='ltr'><strong>fingi,</strong></span> 
     </span>
     <span class='ocr_line' id='line_1_5' title="bbox 527 697 2649 799; baseline 0 -27"><span class='ocrx_word' id='word_1_22' title='bbox 527 701 733 772; x_wconf 91' lang='lat' dir='ltr'><strong>nullo</strong></span> <span class='ocrx_word' id='word_1_23' title='bbox 767 703 1061 797; x_wconf 88' lang='lat' dir='ltr'><strong>negotio</strong></span> <span class='ocrx_word' id='word_1_24' title='bbox 1097 698 1290 771; x_wconf 86' lang='lat' dir='ltr'><strong>flecti</strong></span> <span class='ocrx_word' id='word_1_25' title='bbox 1325 722 1408 770; x_wconf 89' lang='lat' dir='ltr'><strong>ac</strong></span> <span class='ocrx_word' id='word_1_26' title='bbox 1441 697 1862 796; x_wconf 86' lang='lat' dir='ltr'><strong>detorqueri</strong></span> <span class='ocrx_word' id='word_1_27' title='bbox 1896 714 2157 797; x_wconf 86' lang='lat' dir='ltr'><strong>potest.</strong></span> <span class='ocrx_word' id='word_1_28' title='bbox 2194 703 2649 799; x_wconf 83' lang='lat' dir='ltr'><strong>Argumentis</strong></span> 
     </span>
     <span class='ocr_line' id='line_1_6' title="bbox 532 807 2652 909; baseline -0.002 -25"><span class='ocrx_word' id='word_1_29' title='bbox 532 834 827 909; x_wconf 85' lang='lat' dir='ltr'>agemus</span> <span class='ocrx_word' id='word_1_30' title='bbox 845 820 943 899; x_wconf 79' lang='lat'><strong>¹¹3</strong></span> <span class='ocrx_word' id='word_1_31' title='bbox 983 811 1206 905; x_wconf 86' lang='lat' dir='ltr'><strong>signis</strong></span> <span class='ocrx_word' id='word_1_32' title='bbox 1243 809 1444 879; x_wconf 90' lang='lat' dir='ltr'><strong>omni</strong></span> <span class='ocrx_word' id='word_1_33' title='bbox 1479 808 1640 879; x_wconf 87' lang='lat' dir='ltr'><strong>luce</strong></span> <span class='ocrx_word' id='word_1_34' title='bbox 1677 807 2098 880; x_wconf 78' lang='lat' dir='ltr'><strong>clarioribus</strong></span> <span class='ocrx_word' id='word_1_35' title='bbox 2132 812 2428 882; x_wconf 87' lang='lat' dir='ltr'><strong>crimina</strong></span> <span class='ocrx_word' id='word_1_36' title='bbox 2456 810 2652 883; x_wconf 87' lang='lat' dir='ltr'><strong>refel-</strong></span> 
     </span>
     <span class='ocr_line' id='line_1_7' title="bbox 531 921 2650 1007; baseline 0.001 -16"><span class='ocrx_word' id='word_1_37' title='bbox 531 921 788 991; x_wconf 88' lang='lat' dir='ltr'><strong>lemus.</strong></span> <span class='ocrx_word' id='word_1_38' title='bbox 839 924 980 991; x_wconf 87' lang='lat' dir='ltr'><strong>Res</strong></span> <span class='ocrx_word' id='word_1_39' title='bbox 1015 944 1178 991; x_wconf 89' lang='lat' dir='ltr'><strong>cum</strong></span> <span class='ocrx_word' id='word_1_40' title='bbox 1219 943 1335 1007; x_wconf 90' lang='lat' dir='ltr'><strong>re,</strong></span> <span class='ocrx_word' id='word_1_41' title='bbox 1373 942 1585 989; x_wconf 83' lang='lat' dir='ltr'><strong>causa</strong></span> <span class='ocrx_word' id='word_1_42' title='bbox 1622 941 1787 989; x_wconf 89' lang='lat' dir='ltr'><strong>cum</strong></span> <span class='ocrx_word' id='word_1_43' title='bbox 1824 941 2068 1005; x_wconf 84' lang='lat' dir='ltr'><strong>causa,</strong></span> <span class='ocrx_word' id='word_1_44' title='bbox 2108 924 2293 992; x_wconf 86' lang='lat' dir='ltr'><strong>ratio</strong></span> <span class='ocrx_word' id='word_1_45' title='bbox 2330 946 2499 994; x_wconf 91' lang='lat' dir='ltr'><strong>cum</strong></span> <span class='ocrx_word' id='word_1_46' title='bbox 2536 945 2650 993; x_wconf 86' lang='lat' dir='ltr'><strong>ra-</strong></span> 
     </span>
     <span class='ocr_line' id='line_1_8' title="bbox 531 1027 1144 1127; baseline -0.005 -27"><span class='ocrx_word' id='word_1_47' title='bbox 531 1034 729 1102; x_wconf 88' lang='lat' dir='ltr'><strong>tione</strong></span> <span class='ocrx_word' id='word_1_48' title='bbox 774 1027 1144 1127; x_wconf 86' lang='lat' dir='ltr'><strong>pugnabit.</strong></span> 
     </span>
    </p>

    <p class='ocr_par' dir='ltr' id='par_1_4' title="bbox 527 1136 2663 2330">
     <span class='ocr_line' id='line_1_9' title="bbox 627 1136 2650 1237; baseline -0.001 -26"><span class='ocrx_word' id='word_1_49' title='bbox 627 1146 710 1211; x_wconf 85' lang='lat' dir='ltr'><strong>X.</strong></span> <span class='ocrx_word' id='word_1_50' title='bbox 753 1144 1004 1236; x_wconf 88' lang='lat' dir='ltr'><strong>Itaque</strong></span> <span class='ocrx_word' id='word_1_51' title='bbox 1043 1138 1236 1209; x_wconf 88' lang='lat' dir='ltr'><strong>illam</strong></span> <span class='ocrx_word' id='word_1_52' title='bbox 1282 1150 1561 1235; x_wconf 88' lang='lat' dir='ltr'><strong>partem</strong></span> <span class='ocrx_word' id='word_1_53' title='bbox 1584 1146 1607 1179; x_wconf 83' lang='lat'>¹</span> <span class='ocrx_word' id='word_1_54' title='bbox 1653 1158 1879 1209; x_wconf 86' lang='lat' dir='ltr'><strong>causae</strong></span> <span class='ocrx_word' id='word_1_55' title='bbox 1917 1136 2121 1209; x_wconf 86' lang='lat' dir='ltr'><strong>facile</strong></span> <span class='ocrx_word' id='word_1_56' title='bbox 2154 1139 2389 1236; x_wconf 86' lang='lat' dir='ltr'><strong>patior</strong></span> <span class='ocrx_word' id='word_1_57' title='bbox 2430 1141 2650 1237; x_wconf 83' lang='lat' dir='ltr'><strong>gravi-</strong></span> 
     </span>
     <span class='ocr_line' id='line_1_10' title="bbox 527 1246 2657 1345; baseline -0.003 -20"><span class='ocrx_word' id='word_1_58' title='bbox 527 1268 639 1325; x_wconf 88' lang='lat' dir='ltr'><strong>ter</strong></span> <span class='ocrx_word' id='word_1_59' title='bbox 673 1265 746 1321; x_wconf 90' lang='lat' dir='ltr'><strong>et</strong></span> <span class='ocrx_word' id='word_1_60' title='bbox 779 1262 1030 1319; x_wconf 88' lang='lat' dir='ltr'><strong>ornate</strong></span> <span class='ocrx_word' id='word_1_61' title='bbox 1065 1271 1108 1317; x_wconf 88' lang='lat' dir='ltr'><strong>a</strong></span> <span class='ocrx_word' id='word_1_62' title='bbox 1141 1251 1236 1319; x_wconf 89' lang='lat' dir='ltr'><strong>M.</strong></span> <span class='ocrx_word' id='word_1_63' title='bbox 1276 1250 1535 1317; x_wconf 83' lang='lat' dir='ltr'><strong>Crasso</strong></span> <span class='ocrx_word' id='word_1_64' title='bbox 1579 1269 1733 1317; x_wconf 88' lang='lat' dir='ltr'><strong>esse</strong></span> <span class='ocrx_word' id='word_1_65' title='bbox 1776 1260 2174 1345; x_wconf 87' lang='lat' dir='ltr'><strong>peroratam</strong></span> <span class='ocrx_word' id='word_1_66' title='bbox 2194 1300 2214 1335; x_wconf 90' lang='lat'><strong>,</strong></span> <span class='ocrx_word' id='word_1_67' title='bbox 2256 1248 2347 1317; x_wconf 89' lang='lat' dir='ltr'><strong>de</strong></span> <span class='ocrx_word' id='word_1_68' title='bbox 2380 1246 2657 1319; x_wconf 85' lang='lat' dir='ltr'><strong>seditio-</strong></span> 
     </span>
     <span class='ocr_line' id='line_1_11' title="bbox 531 1355 2654 1457; baseline 0 -25"><span class='ocrx_word' id='word_1_69' title='bbox 531 1360 750 1432; x_wconf 86' lang='lat' dir='ltr'><strong>nibus</strong></span> <span class='ocrx_word' id='word_1_70' title='bbox 804 1356 1328 1454; x_wconf 86' lang='lat' dir='ltr'><strong>Neapolitanis,</strong></span> <span class='ocrx_word' id='word_1_71' title='bbox 1397 1355 1488 1427; x_wconf 91' lang='lat' dir='ltr'><strong>de</strong></span> <span class='ocrx_word' id='word_1_72' title='bbox 1544 1355 2189 1429; x_wconf 82' lang='lat' dir='ltr'><strong>Alexandrinorum</strong></span> <span class='ocrx_word' id='word_1_73' title='bbox 2252 1360 2654 1457; x_wconf 86' lang='lat' dir='ltr'><strong>pulsatione</strong></span> 
     </span>
     <span class='ocr_line' id='line_1_12' title="bbox 528 1464 2655 1554; baseline 0 -14"><span class='ocrx_word' id='word_1_74' title='bbox 528 1467 918 1541; x_wconf 85' lang='lat' dir='ltr'><strong>Puteolana</strong></span> <span class='ocrx_word' id='word_1_75' title='bbox 938 1519 959 1554; x_wconf 95' lang='lat'><strong>,</strong></span> <span class='ocrx_word' id='word_1_76' title='bbox 1009 1464 1098 1537; x_wconf 89' lang='lat' dir='ltr'><strong>de</strong></span> <span class='ocrx_word' id='word_1_77' title='bbox 1148 1464 1365 1536; x_wconf 89' lang='lat' dir='ltr'><strong>bonis</strong></span> <span class='ocrx_word' id='word_1_78' title='bbox 1419 1464 1649 1537; x_wconf 82' lang='lat' dir='ltr'><strong>Pauae.</strong></span> <span class='ocrx_word' id='word_1_79' title='bbox 1697 1466 1973 1538; x_wconf 88' lang='lat' dir='ltr'><strong>Vellem</strong></span> <span class='ocrx_word' id='word_1_80' title='bbox 2017 1467 2293 1539; x_wconf 87' lang='lat' dir='ltr'><strong>dictum</strong></span> <span class='ocrx_word' id='word_1_81' title='bbox 2338 1484 2523 1541; x_wconf 87' lang='lat' dir='ltr'><strong>esset</strong></span> <span class='ocrx_word' id='word_1_82' title='bbox 2564 1467 2655 1541; x_wconf 88' lang='lat' dir='ltr'><strong>ab</strong></span> 
     </span>
     <span class='ocr_line' id='line_1_13' title="bbox 533 1573 2659 1676; baseline -0 -26"><span class='ocrx_word' id='word_1_83' title='bbox 533 1578 791 1651; x_wconf 86' lang='lat' dir='ltr'><strong>eodem</strong></span> <span class='ocrx_word' id='word_1_84' title='bbox 825 1577 1042 1645; x_wconf 91' lang='lat' dir='ltr'><strong>etiam</strong></span> <span class='ocrx_word' id='word_1_85' title='bbox 1079 1573 1168 1645; x_wconf 88' lang='lat' dir='ltr'><strong>de</strong></span> <span class='ocrx_word' id='word_1_86' title='bbox 1204 1575 1438 1645; x_wconf 87' lang='lat' dir='ltr'><strong>Dione</strong></span> <span class='ocrx_word' id='word_1_87' title='bbox 1469 1601 1487 1644; x_wconf 89' lang='lat'>:</span> <span class='ocrx_word' id='word_1_88' title='bbox 1528 1573 1621 1646; x_wconf 89' lang='lat' dir='ltr'><strong>de</strong></span> <span class='ocrx_word' id='word_1_89' title='bbox 1657 1598 1808 1672; x_wconf 88' lang='lat' dir='ltr'><strong>quo</strong></span> <span class='ocrx_word' id='word_1_90' title='bbox 1846 1578 2003 1674; x_wconf 91' lang='lat' dir='ltr'><strong>ipso</strong></span> <span class='ocrx_word' id='word_1_91' title='bbox 2040 1592 2279 1649; x_wconf 87' lang='lat' dir='ltr'><strong>tamen</strong></span> <span class='ocrx_word' id='word_1_92' title='bbox 2313 1577 2491 1676; x_wconf 89' lang='lat' dir='ltr'><strong>quid</strong></span> <span class='ocrx_word' id='word_1_93' title='bbox 2528 1594 2659 1669; x_wconf 87' lang='lat' dir='ltr'><strong>est,</strong></span> 
     </span>
     <span class='ocr_line' id='line_1_14' title="bbox 536 1682 2658 1785; baseline 0 -27"><span class='ocrx_word' id='word_1_94' title='bbox 536 1683 736 1785; x_wconf 90' lang='lat' dir='ltr'><strong>quod</strong></span> <span class='ocrx_word' id='word_1_95' title='bbox 788 1685 1245 1781; x_wconf 83' lang='lat' dir='ltr'><strong>exspectetis;</strong></span> <span class='ocrx_word' id='word_1_96' title='bbox 1287 1682 1486 1780; x_wconf 90' lang='lat' dir='ltr'><strong>quod</strong></span> <span class='ocrx_word' id='word_1_97' title='bbox 1520 1685 1611 1771; x_wconf 91' lang='lat' dir='ltr'><strong>is,</strong></span> <span class='ocrx_word' id='word_1_98' title='bbox 1648 1687 1777 1781; x_wconf 90' lang='lat' dir='ltr'><strong>qui</strong></span> <span class='ocrx_word' id='word_1_99' title='bbox 1812 1683 2014 1775; x_wconf 85' lang='lat' dir='ltr'><strong>fecit,</strong></span> <span class='ocrx_word' id='word_1_100' title='bbox 2059 1702 2183 1759; x_wconf 85' lang='lat' dir='ltr'><strong>aut</strong></span> <span class='ocrx_word' id='word_1_101' title='bbox 2228 1714 2377 1759; x_wconf 89' lang='lat' dir='ltr'><strong>non</strong></span> <span class='ocrx_word' id='word_1_102' title='bbox 2415 1691 2658 1777; x_wconf 89' lang='lat' dir='ltr'><strong>timet,</strong></span> 
     </span>
     <span class='ocr_line' id='line_1_15' title="bbox 541 1791 2663 1894; baseline 0.002 -27"><span class='ocrx_word' id='word_1_103' title='bbox 541 1808 668 1867; x_wconf 86' lang='lat' dir='ltr'><strong>aut</strong></span> <span class='ocrx_word' id='word_1_104' title='bbox 707 1794 922 1865; x_wconf 87' lang='lat' dir='ltr'><strong>etiam</strong></span> <span class='ocrx_word' id='word_1_105' title='bbox 967 1791 1278 1865; x_wconf 66' lang='lat' dir='ltr'><strong>fatetur}&gt;</strong></span> <span class='ocrx_word' id='word_1_106' title='bbox 1323 1798 1446 1864; x_wconf 86' lang='lat' dir='ltr'><strong>Est</strong></span> <span class='ocrx_word' id='word_1_107' title='bbox 1489 1796 1683 1865; x_wconf 88' lang='lat' dir='ltr'><strong>enim</strong></span> <span class='ocrx_word' id='word_1_108' title='bbox 1724 1819 1891 1868; x_wconf 88' lang='lat' dir='ltr'><strong>reus</strong></span> <span class='ocrx_word' id='word_1_109' title='bbox 1910 1806 1963 1885; x_wconf 74' lang='lat'><strong>²,</strong></span> <span class='ocrx_word' id='word_1_110' title='bbox 2005 1800 2130 1894; x_wconf 90' lang='lat' dir='ltr'><strong>qui</strong></span> <span class='ocrx_word' id='word_1_111' title='bbox 2174 1798 2389 1894; x_wconf 87' lang='lat' dir='ltr'><strong>hujus</strong></span> <span class='ocrx_word' id='word_1_112' title='bbox 2430 1798 2663 1872; x_wconf 89' lang='lat' dir='ltr'><strong>dictus</strong></span> 
     </span>
     <span class='ocr_line' id='line_1_16' title="bbox 541 1900 2659 2004; baseline 0.001 -28"><span class='ocrx_word' id='word_1_113' title='bbox 541 1918 646 1976; x_wconf 85' lang='lat' dir='ltr'><strong>est</strong></span> <span class='ocrx_word' id='word_1_114' title='bbox 681 1917 755 1974; x_wconf 87' lang='lat' dir='ltr'><strong>et</strong></span> <span class='ocrx_word' id='word_1_115' title='bbox 800 1900 1083 1997; x_wconf 88' lang='lat' dir='ltr'><strong>adjutor</strong></span> <span class='ocrx_word' id='word_1_116' title='bbox 1125 1900 1342 1975; x_wconf 85' lang='lat' dir='ltr'><strong>fuisse</strong></span> <span class='ocrx_word' id='word_1_117' title='bbox 1361 1956 1381 1990; x_wconf 93' lang='lat'><strong>,</strong></span> <span class='ocrx_word' id='word_1_118' title='bbox 1433 1917 1509 1974; x_wconf 86' lang='lat' dir='ltr'><strong>et</strong></span> <span class='ocrx_word' id='word_1_119' title='bbox 1556 1906 1885 1976; x_wconf 89' lang='lat' dir='ltr'><strong>conscius</strong></span> <span class='ocrx_word' id='word_1_120' title='bbox 1903 1959 1923 1994; x_wconf 90' lang='lat'><strong>,</strong></span> <span class='ocrx_word' id='word_1_121' title='bbox 1969 1909 2043 1976; x_wconf 92' lang='lat' dir='ltr'><strong>P.</strong></span> <span class='ocrx_word' id='word_1_122' title='bbox 2096 1908 2416 1979; x_wconf 83' lang='lat' dir='ltr'><strong>Ascitius.</strong></span> <span class='ocrx_word' id='word_1_123' title='bbox 2450 1913 2521 1979; x_wconf 89' lang='lat' dir='ltr'><strong>Is</strong></span> <span class='ocrx_word' id='word_1_124' title='bbox 2545 1909 2659 2004; x_wconf 86' lang='lat' dir='ltr'><strong>ju·</strong></span> 
     </span>
     <span class='ocr_line' id='line_1_17' title="bbox 540 2011 2660 2111; baseline 0 -24"><span class='ocrx_word' id='word_1_125' title='bbox 540 2014 731 2087; x_wconf 88' lang='lat' dir='ltr'><strong>dicio</strong></span> <span class='ocrx_word' id='word_1_126' title='bbox 766 2028 874 2085; x_wconf 89' lang='lat' dir='ltr'><strong>est</strong></span> <span class='ocrx_word' id='word_1_127' title='bbox 901 2011 1262 2085; x_wconf 88' lang='lat' dir='ltr'><strong>liberatus.</strong></span> <span class='ocrx_word' id='word_1_128' title='bbox 1293 2011 1515 2104; x_wconf 88' lang='lat' dir='ltr'><strong>Quod</strong></span> <span class='ocrx_word' id='word_1_129' title='bbox 1540 2013 1757 2111; x_wconf 86' lang='lat' dir='ltr'><strong>igitur</strong></span> <span class='ocrx_word' id='word_1_130' title='bbox 1787 2029 1896 2085; x_wconf 85' lang='lat' dir='ltr'><strong>est</strong></span> <span class='ocrx_word' id='word_1_131' title='bbox 1923 2015 2339 2110; x_wconf 88' lang='lat' dir='ltr'><strong>hujusmodi</strong></span> <span class='ocrx_word' id='word_1_132' title='bbox 2364 2019 2660 2104; x_wconf 86' lang='lat' dir='ltr'><strong>crimen,</strong></span> 
     </span>
     <span class='ocr_line' id='line_1_18' title="bbox 539 2124 2662 2222; baseline 0 -25"><span class='ocrx_word' id='word_1_133' title='bbox 539 2139 622 2197; x_wconf 90' lang='lat' dir='ltr'><strong>ut</strong></span> <span class='ocrx_word' id='word_1_134' title='bbox 643 2179 664 2213; x_wconf 93' lang='lat'>‚</span> <span class='ocrx_word' id='word_1_135' title='bbox 703 2124 834 2221; x_wconf 88' lang='lat' dir='ltr'><strong>qui</strong></span> <span class='ocrx_word' id='word_1_136' title='bbox 867 2124 1264 2211; x_wconf 84' lang='lat' dir='ltr'><strong>commisit,</strong></span> <span class='ocrx_word' id='word_1_137' title='bbox 1300 2148 1450 2194; x_wconf 89' lang='lat' dir='ltr'><strong>non</strong></span> <span class='ocrx_word' id='word_1_138' title='bbox 1487 2138 1736 2222; x_wconf 80' lang='lat' dir='ltr'><strong>neget3</strong></span> <span class='ocrx_word' id='word_1_139' title='bbox 1772 2126 1900 2221; x_wconf 88' lang='lat' dir='ltr'><strong>qui</strong></span> <span class='ocrx_word' id='word_1_140' title='bbox 1936 2130 2255 2222; x_wconf 82' lang='lat' dir='ltr'><strong>negavit,</strong></span> <span class='ocrx_word' id='word_1_141' title='bbox 2290 2126 2662 2200; x_wconf 88' lang='lat' dir='ltr'><strong>absolutus</strong></span> 
     </span>
     <span class='ocr_line' id='line_1_19' title="bbox 543 2232 2662 2330; baseline 0 -23"><span class='ocrx_word' id='word_1_142' title='bbox 543 2233 682 2307; x_wconf 77' lang='lat' dir='ltr'><strong>sit?</strong></span> <span class='ocrx_word' id='word_1_143' title='bbox 717 2232 791 2305; x_wconf 93' lang='lat' dir='ltr'><strong>id</strong></span> <span class='ocrx_word' id='word_1_144' title='bbox 827 2232 945 2305; x_wconf 86' lang='lat' dir='ltr'><strong>hic</strong></span> <span class='ocrx_word' id='word_1_145' title='bbox 974 2233 1462 2330; x_wconf 84' lang='lat' dir='ltr'><strong>pertimescat,</strong></span> <span class='ocrx_word' id='word_1_146' title='bbox 1498 2235 1628 2330; x_wconf 92' lang='lat' dir='ltr'><strong>qui</strong></span> <span class='ocrx_word' id='word_1_147' title='bbox 1657 2258 1808 2305; x_wconf 90' lang='lat' dir='ltr'><strong>non</strong></span> <span class='ocrx_word' id='word_1_148' title='bbox 1839 2233 2055 2305; x_wconf 91' lang='lat' dir='ltr'><strong>modo</strong></span> <span class='ocrx_word' id='word_1_149' title='bbox 2087 2260 2130 2307; x_wconf 87' lang='lat' dir='ltr'><strong>a</strong></span> <span class='ocrx_word' id='word_1_150' title='bbox 2158 2234 2378 2324; x_wconf 85' lang='lat' dir='ltr'><strong>facto,</strong></span> <span class='ocrx_word' id='word_1_151' title='bbox 2410 2260 2662 2307; x_wconf 81' lang='lat' dir='ltr'><strong>verum</strong></span> 
     </span>
    </p>
   </div>
   <div class='ocr_carea' id='block_1_4' title="bbox 537 2440 1559 2505">
    <p class='ocr_par' dir='ltr' id='par_1_5' title="bbox 537 2440 1559 2505">
     <span class='ocr_line' id='line_1_20' title="bbox 537 2440 1559 2505; baseline -0.005 -12"><span class='ocrx_word' id='word_1_152' title='bbox 537 2443 618 2494; x_wconf 77' lang='lat' dir='ltr'><strong>vel</strong></span> <span class='ocrx_word' id='word_1_153' title='bbox 642 2441 888 2492; x_wconf 62' lang='lat' dir='ltr'><strong>sumenda</strong></span> <span class='ocrx_word' id='word_1_154' title='bbox 911 2440 1113 2489; x_wconf 76' lang='lat' dir='ltr'><strong>ultioni·</strong></span> <span class='ocrx_word' id='word_1_155' title='bbox 1139 2455 1250 2504; x_wconf 76' lang='lat' dir='ltr'><strong>spes</strong></span> <span class='ocrx_word' id='word_1_156' title='bbox 1266 2473 1283 2499; x_wconf 86' lang='lat'><strong>,</strong></span> <span class='ocrx_word' id='word_1_157' title='bbox 1318 2451 1559 2505; x_wconf 73' lang='lat' dir='ltr'><strong>tamquam</strong></span> 
     </span>
    </p>
   </div>
   <div class='ocr_carea' id='block_1_5' title="bbox 541 2441 2669 2578">
    <p class='ocr_par' dir='ltr' id='par_1_6' title="bbox 541 2441 2669 2578">
     <span class='ocr_line' id='line_1_21' title="bbox 1645 2441 2669 2508; baseline 0.004 -18"><span class='ocrx_word' id='word_1_158' title='bbox 1645 2441 1761 2490; x_wconf 70' lang='lat' dir='ltr'><strong>sisse</strong></span> <span class='ocrx_word' id='word_1_159' title='bbox 1796 2442 1979 2492; x_wconf 71' lang='lat' dir='ltr'><strong>Coeliun</strong></span> <span class='ocrx_word' id='word_1_160' title='bbox 2006 2441 2269 2493; x_wconf 76' lang='lat' dir='ltr'><strong>dicebatur.</strong></span> <span class='ocrx_word' id='word_1_161' title='bbox 2300 2447 2538 2508; x_wconf 78' lang='lat' dir='ltr'><strong>Quartum</strong></span> <span class='ocrx_word' id='word_1_162' title='bbox 2575 2445 2669 2494; x_wconf 86' lang='lat' dir='ltr'><strong>eri·</strong></span> 
     </span>
     <span class='ocr_line' id='line_1_22' title="bbox 541 2517 1560 2578; baseline -0.006 -6"><span class='ocrx_word' id='word_1_163' title='bbox 541 2533 713 2572; x_wconf 71' lang='lat' dir='ltr'><strong>venun</strong></span> <span class='ocrx_word' id='word_1_164' title='bbox 738 2519 1014 2578; x_wconf 72' lang='lat' dir='ltr'><strong>adflaverit,</strong></span> <span class='ocrx_word' id='word_1_165' title='bbox 1031 2535 1090 2567; x_wconf 90' lang='lat' dir='ltr'><strong>eo</strong></span> <span class='ocrx_word' id='word_1_166' title='bbox 1109 2517 1249 2567; x_wconf 79' lang='lat' dir='ltr'><strong>facile</strong></span> <span class='ocrx_word' id='word_1_167' title='bbox 1261 2517 1560 2566; x_wconf 79' lang='lat' dir='ltr'><strong>deferuntur.</strong></span> 
     </span>
    </p>
   </div>
   <div class='ocr_carea' id='block_1_6' title="bbox 1646 2520 2667 2586">
    <p class='ocr_par' dir='ltr' id='par_1_7' title="bbox 1646 2520 2667 2586">
     <span class='ocr_line' id='line_1_23' title="bbox 1646 2520 2667 2586; baseline 0.006 -19"><span class='ocrx_word' id='word_1_168' title='bbox 1646 2535 1757 2568; x_wconf 86' lang='lat' dir='ltr'><strong>men</strong></span> <span class='ocrx_word' id='word_1_169' title='bbox 1775 2520 1839 2568; x_wconf 83' lang='lat' dir='ltr'><strong>de</strong></span> <span class='ocrx_word' id='word_1_170' title='bbox 1864 2521 2021 2569; x_wconf 85' lang='lat' dir='ltr'><strong>Dione</strong></span> <span class='ocrx_word' id='word_1_171' title='bbox 2048 2521 2302 2586; x_wconf 76' lang='lat' dir='ltr'><strong>legationis</strong></span> <span class='ocrx_word' id='word_1_172' title='bbox 2324 2523 2667 2574; x_wconf 66' lang='lat' dir='ltr'><strong>Alexandrina</strong></span> 
     </span>
    </p>
   </div>
   <div class='ocr_carea' id='block_1_7' title="bbox 541 2595 1574 4156">
    <p class='ocr_par' dir='ltr' id='par_1_8' title="bbox 541 2595 1569 3293">
     <span class='ocr_line' id='line_1_24' title="bbox 618 2595 1559 2662; baseline -0.004 -14"><span class='ocrx_word' id='word_1_173' title='bbox 618 2616 696 2650; x_wconf 79' lang='grc' dir='ltr'><strong>ιι.</strong></span> <span class='ocrx_word' id='word_1_174' title='bbox 747 2595 1064 2662; x_wconf 67' lang='lat' dir='ltr'><strong>Argumentis</strong></span> <span class='ocrx_word' id='word_1_175' title='bbox 1111 2611 1342 2662; x_wconf 64' lang='lat' dir='ltr'><strong>agonem</strong></span> <span class='ocrx_word' id='word_1_176' title='bbox 1389 2596 1559 2660; x_wconf 69' lang='lat' dir='ltr'><strong>signis.</strong></span> 
     </span>
     <span class='ocr_line' id='line_1_25' title="bbox 541 2673 1562 2739; baseline -0.009 -10"><span class='ocrx_word' id='word_1_177' title='bbox 541 2680 714 2729; x_wconf 76' lang='lat' dir='ltr'><strong>Cicero</strong></span> <span class='ocrx_word' id='word_1_178' title='bbox 735 2677 788 2724; x_wconf 86' lang='lat' dir='ltr'><strong>in</strong></span> <span class='ocrx_word' id='word_1_179' title='bbox 807 2673 1152 2739; x_wconf 71' lang='lat' dir='ltr'><strong>partitionibus</strong></span> <span class='ocrx_word' id='word_1_180' title='bbox 1171 2675 1409 2730; x_wconf 76' lang='lat' dir='ltr'><strong>oratoriis,</strong></span> <span class='ocrx_word' id='word_1_181' title='bbox 1425 2673 1562 2736; x_wconf 71' lang='lat' dir='ltr'><strong>signa</strong></span> 
     </span>
     <span class='ocr_line' id='line_1_26' title="bbox 543 2751 1562 2819; baseline -0.008 -13"><span class='ocrx_word' id='word_1_182' title='bbox 543 2757 693 2806; x_wconf 81' lang='lat' dir='ltr'><strong>modo</strong></span> <span class='ocrx_word' id='word_1_183' title='bbox 716 2753 944 2819; x_wconf 77' lang='lat' dir='ltr'><strong>pmpn’as</strong></span> <span class='ocrx_word' id='word_1_184' title='bbox 973 2767 1130 2800; x_wconf 71' lang='lat' dir='ltr'><strong>rerum</strong></span> <span class='ocrx_word' id='word_1_185' title='bbox 1156 2763 1300 2800; x_wconf 76' lang='lat' dir='ltr'><strong>notas</strong></span> <span class='ocrx_word' id='word_1_186' title='bbox 1323 2751 1533 2815; x_wconf 74' lang='lat' dir='ltr'><strong>appellat</strong></span> <span class='ocrx_word' id='word_1_187' title='bbox 1546 2787 1562 2813; x_wconf 86' lang='lat'><strong>,</strong></span> 
     </span>
     <span class='ocr_line' id='line_1_27' title="bbox 543 2829 1565 2897; baseline -0.005 -14"><span class='ocrx_word' id='word_1_188' title='bbox 543 2833 694 2883; x_wconf 84' lang='lat' dir='ltr'><strong>modo</strong></span> <span class='ocrx_word' id='word_1_189' title='bbox 717 2832 938 2897; x_wconf 62' lang='lat' dir='ltr'><strong>quadam</strong></span> <span class='ocrx_word' id='word_1_190' title='bbox 951 2829 1091 2896; x_wconf 75' lang='lat' dir='ltr'><strong>faeci</strong></span> <span class='ocrx_word' id='word_1_191' title='bbox 1115 2829 1345 2895; x_wconf 67' lang='lat' dir='ltr'><strong>uulgia.</strong></span> <span class='ocrx_word' id='word_1_192' title='bbox 1385 2833 1565 2880; x_wconf 83' lang='lat' dir='ltr'><strong>Demo-</strong></span> 
     </span>
     <span class='ocr_line' id='line_1_28' title="bbox 546 2908 1565 2964; baseline -0.008 0"><span class='ocrx_word' id='word_1_193' title='bbox 546 2914 740 2964; x_wconf 69' lang='lat' dir='ltr'><strong>sthene·</strong></span> <span class='ocrx_word' id='word_1_194' title='bbox 773 2921 942 2959; x_wconf 73' lang='lat' dir='ltr'><strong>contra</strong></span> <span class='ocrx_word' id='word_1_195' title='bbox 979 2908 1334 2959; x_wconf 75' lang='lat' dir='ltr'><strong>Androtionetn</strong></span> <span class='ocrx_word' id='word_1_196' title='bbox 1359 2923 1374 2956; x_wconf 90' lang='lat'>:</span> <span class='ocrx_word' id='word_1_197' title='bbox 1410 2932 1437 2953; x_wconf 74' lang='grc' dir='ltr'><strong>οι</strong></span> <span class='ocrx_word' id='word_1_198' title='bbox 1465 2909 1565 2958; x_wconf 77' lang='lat' dir='ltr'><strong>Ne-</strong></span> 
     </span>
     <span class='ocr_line' id='line_1_29' title="bbox 545 2987 1566 3053; baseline -0.009 -11"><span class='ocrx_word' id='word_1_199' title='bbox 545 3008 678 3042; x_wconf 72' lang='lat' dir='ltr'><strong>cesse</strong></span> <span class='ocrx_word' id='word_1_200' title='bbox 706 3000 778 3038; x_wconf 76' lang='lat' dir='ltr'><strong>est</strong></span> <span class='ocrx_word' id='word_1_201' title='bbox 807 3005 891 3037; x_wconf 81' lang='lat' dir='ltr'><strong>eos</strong></span> <span class='ocrx_word' id='word_1_202' title='bbox 921 2989 1008 3053; x_wconf 85' lang='lat' dir='ltr'><strong>qni</strong></span> <span class='ocrx_word' id='word_1_203' title='bbox 1039 2987 1274 3052; x_wconf 78' lang='lat' dir='ltr'><strong>probant,</strong></span> <span class='ocrx_word' id='word_1_204' title='bbox 1307 2999 1392 3035; x_wconf 71' lang='lat' dir='ltr'><strong>aut</strong></span> <span class='ocrx_word' id='word_1_205' title='bbox 1424 3003 1566 3052; x_wconf 77' lang='lat' dir='ltr'><strong>argn-</strong></span> 
     </span>
     <span class='ocr_line' id='line_1_30' title="bbox 545 3068 1565 3134; baseline -0.005 -14"><span class='ocrx_word' id='word_1_206' title='bbox 545 3073 720 3120; x_wconf 82' lang='lat' dir='ltr'><strong>mentis</strong></span> <span class='ocrx_word' id='word_1_207' title='bbox 762 3069 854 3117; x_wconf 84' lang='lat' dir='ltr'><strong>niti</strong></span> <span class='ocrx_word' id='word_1_208' title='bbox 869 3104 886 3130; x_wconf 90' lang='lat'>‚</span> <span class='ocrx_word' id='word_1_209' title='bbox 923 3085 1011 3134; x_wconf 80' lang='lat' dir='ltr'><strong>per</strong></span> <span class='ocrx_word' id='word_1_210' title='bbox 1053 3083 1162 3132; x_wconf 65' lang='lat' dir='ltr'><strong>qun</strong></span> <span class='ocrx_word' id='word_1_211' title='bbox 1206 3068 1277 3114; x_wconf 84' lang='lat' dir='ltr'><strong>rei</strong></span> <span class='ocrx_word' id='word_1_212' title='bbox 1317 3069 1565 3116; x_wconf 73' lang='lat' dir='ltr'><strong>veritatem</strong></span> 
     </span>
     <span class='ocr_line' id='line_1_31' title="bbox 547 3147 1569 3210; baseline -0.009 -11"><span class='ocrx_word' id='word_1_213' title='bbox 547 3149 689 3200; x_wconf 72' lang='lat' dir='ltr'><strong>vobis</strong></span> <span class='ocrx_word' id='word_1_214' title='bbox 711 3149 978 3210; x_wconf 75' lang='lat' dir='ltr'><strong>declarent,</strong></span> <span class='ocrx_word' id='word_1_215' title='bbox 993 3155 1078 3194; x_wconf 76' lang='lat' dir='ltr'><strong>ant</strong></span> <span class='ocrx_word' id='word_1_216' title='bbox 1101 3147 1402 3208; x_wconf 71' lang='lat' dir='ltr'><strong>conjecturae</strong></span> <span class='ocrx_word' id='word_1_217' title='bbox 1424 3147 1569 3195; x_wconf 71' lang='lat' dir='ltr'><strong>affet-</strong></span> 
     </span>
     <span class='ocr_line' id='line_1_32' title="bbox 548 3227 1260 3293; baseline -0.006 -14"><span class='ocrx_word' id='word_1_218' title='bbox 548 3247 601 3280; x_wconf 84' lang='lat' dir='ltr'><strong>re</strong></span> <span class='ocrx_word' id='word_1_219' title='bbox 614 3264 630 3288; x_wconf 89' lang='lat'><em>‚</em></span> <span class='ocrx_word' id='word_1_220' title='bbox 656 3240 742 3277; x_wconf 71' lang='lat' dir='ltr'><strong>ant</strong></span> <span class='ocrx_word' id='word_1_221' title='bbox 761 3227 1029 3293; x_wconf 81' lang='lat' dir='ltr'><strong>producere</strong></span> <span class='ocrx_word' id='word_1_222' title='bbox 1055 3235 1198 3274; x_wconf 71' lang='lat' dir='ltr'><strong>testes</strong></span> <span class='ocrx_word' id='word_1_223' title='bbox 1217 3247 1260 3275; x_wconf 73' lang='grc' dir='ltr'><strong>ιο.</strong></span> 
     </span>
    </p>

    <p class='ocr_par' dir='ltr' id='par_1_9' title="bbox 545 3304 1574 4156">
     <span class='ocr_line' id='line_1_33' title="bbox 615 3304 1567 3370; baseline -0.002 -14"><span class='ocrx_word' id='word_1_224' title='bbox 615 3311 686 3357; x_wconf 78' lang='lat'><strong>1.</strong></span> <span class='ocrx_word' id='word_1_225' title='bbox 725 3323 767 3356; x_wconf 85' lang='grc' dir='ltr'><strong>ι.</strong></span> <span class='ocrx_word' id='word_1_226' title='bbox 801 3309 975 3370; x_wconf 73' lang='lat' dir='ltr'><strong>Itaque</strong></span> <span class='ocrx_word' id='word_1_227' title='bbox 1001 3304 1138 3353; x_wconf 76' lang='lat' dir='ltr'><strong>illam</strong></span> <span class='ocrx_word' id='word_1_228' title='bbox 1163 3315 1376 3368; x_wconf 77' lang='lat' dir='ltr'><strong>partem.</strong></span> <span class='ocrx_word' id='word_1_229' title='bbox 1409 3305 1567 3354; x_wconf 70' lang='lat' dir='ltr'><strong>Malu</strong></span> 
     </span>
     <span class='ocr_line' id='line_1_34' title="bbox 545 3381 1570 3446; baseline -0.006 -11"><span class='ocrx_word' id='word_1_230' title='bbox 545 3387 736 3434; x_wconf 73' lang='lat' dir='ltr'><strong>fuerant</strong></span> <span class='ocrx_word' id='word_1_231' title='bbox 753 3384 908 3434; x_wconf 73' lang='lat' dir='ltr'><strong>Colio</strong></span> <span class='ocrx_word' id='word_1_232' title='bbox 925 3382 1112 3443; x_wconf 74' lang='lat' dir='ltr'><strong>objecta</strong></span> <span class='ocrx_word' id='word_1_233' title='bbox 1131 3381 1332 3430; x_wconf 76' lang='lat' dir='ltr'><strong>crimina</strong></span> <span class='ocrx_word' id='word_1_234' title='bbox 1341 3416 1358 3439; x_wconf 92' lang='lat'><strong>,</strong></span> <span class='ocrx_word' id='word_1_235' title='bbox 1379 3397 1488 3446; x_wconf 65' lang='lat' dir='ltr'><strong>qua</strong></span> <span class='ocrx_word' id='word_1_236' title='bbox 1506 3381 1570 3429; x_wconf 78' lang='lat' dir='ltr'><strong>nd</strong></span> 
     </span>
     <span class='ocr_line' id='line_1_35' title="bbox 547 3459 1571 3527; baseline -0.005 -15"><span class='ocrx_word' id='word_1_237' title='bbox 547 3465 648 3512; x_wconf 78' lang='lat' dir='ltr'><strong>vim</strong></span> <span class='ocrx_word' id='word_1_238' title='bbox 668 3462 911 3527; x_wconf 75' lang='lat' dir='ltr'><strong>publicam</strong></span> <span class='ocrx_word' id='word_1_239' title='bbox 935 3460 1238 3526; x_wconf 72' lang='lat' dir='ltr'><strong>pertinebunt</strong></span> <span class='ocrx_word' id='word_1_240' title='bbox 1253 3497 1269 3523; x_wconf 88' lang='lat'><strong>,</strong></span> <span class='ocrx_word' id='word_1_241' title='bbox 1292 3472 1344 3510; x_wconf 83' lang='lat' dir='ltr'><strong>et</strong></span> <span class='ocrx_word' id='word_1_242' title='bbox 1358 3459 1471 3508; x_wconf 80' lang='lat' dir='ltr'><strong>ideo</strong></span> <span class='ocrx_word' id='word_1_243' title='bbox 1489 3460 1571 3508; x_wconf 84' lang='lat' dir='ltr'><strong>die</strong></span> 
     </span>
     <span class='ocr_line' id='line_1_36' title="bbox 551 3539 1573 3606; baseline -0.006 -14"><span class='ocrx_word' id='word_1_244' title='bbox 551 3545 674 3592; x_wconf 73' lang='lat' dir='ltr'><strong>festo</strong></span> <span class='ocrx_word' id='word_1_245' title='bbox 701 3557 892 3588; x_wconf 66' lang='lat' dir='ltr'><strong>cautem</strong></span> <span class='ocrx_word' id='word_1_246' title='bbox 915 3539 1122 3588; x_wconf 78' lang='lat' dir='ltr'><strong>dicebat.</strong></span> <span class='ocrx_word' id='word_1_247' title='bbox 1159 3540 1375 3606; x_wconf 72' lang='lat' dir='ltr'><strong>Primum</strong></span> <span class='ocrx_word' id='word_1_248' title='bbox 1393 3573 1410 3598; x_wconf 92' lang='lat'><strong>,</strong></span> <span class='ocrx_word' id='word_1_249' title='bbox 1434 3539 1573 3603; x_wconf 70' lang='lat' dir='ltr'><strong>quod</strong></span> 
     </span>
     <span class='ocr_line' id='line_1_37' title="bbox 553 3617 1572 3684; baseline -0.004 -14"><span class='ocrx_word' id='word_1_250' title='bbox 553 3619 764 3684; x_wconf 69' lang='lat' dir='ltr'><strong>Neapoli</strong></span> <span class='ocrx_word' id='word_1_251' title='bbox 817 3618 1079 3666; x_wconf 68' lang='lat' dir='ltr'><strong>seditiones</strong></span> <span class='ocrx_word' id='word_1_252' title='bbox 1131 3619 1445 3677; x_wconf 72' lang='lat' dir='ltr'><strong>concites-et,</strong></span> <span class='ocrx_word' id='word_1_253' title='bbox 1491 3617 1572 3666; x_wconf 75' lang='lat' dir='ltr'><strong>vel</strong></span> 
     </span>
     <span class='ocr_line' id='line_1_38' title="bbox 554 3696 1568 3760; baseline -0.004 -12"><span class='ocrx_word' id='word_1_254' title='bbox 554 3700 724 3748; x_wconf 70' lang='lat' dir='ltr'><strong>altem</strong></span> <span class='ocrx_word' id='word_1_255' title='bbox 739 3698 800 3744; x_wconf 74' lang='lat' dir='ltr'><strong>iis</strong></span> <span class='ocrx_word' id='word_1_256' title='bbox 819 3697 1129 3750; x_wconf 78' lang='lat' dir='ltr'><strong>interfuisset.</strong></span> <span class='ocrx_word' id='word_1_257' title='bbox 1149 3697 1366 3745; x_wconf 79' lang='lat' dir='ltr'><strong>Alterum</strong></span> <span class='ocrx_word' id='word_1_258' title='bbox 1377 3732 1394 3758; x_wconf 86' lang='lat'><strong>,</strong></span> <span class='ocrx_word' id='word_1_259' title='bbox 1411 3696 1568 3760; x_wconf 84' lang='lat' dir='ltr'><strong>quod,</strong></span> 
     </span>
     <span class='ocr_line' id='line_1_39' title="bbox 554 3774 1572 3839; baseline -0.004 -12"><span class='ocrx_word' id='word_1_260' title='bbox 554 3777 816 3828; x_wconf 71' lang='lat' dir='ltr'><strong>Ptolemaeo</strong></span> <span class='ocrx_word' id='word_1_261' title='bbox 831 3777 1012 3836; x_wconf 70' lang='lat' dir='ltr'><strong>savena,</strong></span> <span class='ocrx_word' id='word_1_262' title='bbox 1023 3777 1206 3839; x_wconf 75' lang='lat' dir='ltr'><strong>legatos</strong></span> <span class='ocrx_word' id='word_1_263' title='bbox 1216 3774 1572 3824; x_wconf 69' lang='lat' dir='ltr'><strong>Alexandrinos</strong></span> 
     </span>
     <span class='ocr_line' id='line_1_40' title="bbox 553 3851 1574 3922; baseline -0.001 -17"><span class='ocrx_word' id='word_1_264' title='bbox 553 3859 640 3922; x_wconf 88' lang='lat' dir='ltr'><strong>qui</strong></span> <span class='ocrx_word' id='word_1_265' title='bbox 675 3867 845 3905; x_wconf 74' lang='lat' dir='ltr'><strong>contre</strong></span> <span class='ocrx_word' id='word_1_266' title='bbox 873 3871 1034 3920; x_wconf 73' lang='lat' dir='ltr'><strong>regem</strong></span> <span class='ocrx_word' id='word_1_267' title='bbox 1069 3855 1272 3902; x_wconf 72' lang='lat' dir='ltr'><strong>Romen</strong></span> <span class='ocrx_word' id='word_1_268' title='bbox 1298 3851 1574 3916; x_wconf 65' lang='lat' dir='ltr'><strong>proficisce-</strong></span> 
     </span>
     <span class='ocr_line' id='line_1_41' title="bbox 555 3931 1571 4000; baseline -0.001 -16"><span class='ocrx_word' id='word_1_269' title='bbox 555 3937 732 3984; x_wconf 69' lang='lat' dir='ltr'><strong>bantur</strong></span> <span class='ocrx_word' id='word_1_270' title='bbox 747 3969 763 3994; x_wconf 91' lang='lat'><strong>,</strong></span> <span class='ocrx_word' id='word_1_271' title='bbox 813 3935 1076 4000; x_wconf 66' lang='lat' dir='ltr'><strong>pulsasset,</strong></span> <span class='ocrx_word' id='word_1_272' title='bbox 1115 3931 1218 3980; x_wconf 75' lang='lat' dir='ltr'><strong>eive</strong></span> <span class='ocrx_word' id='word_1_273' title='bbox 1269 3932 1571 3983; x_wconf 69' lang='lat' dir='ltr'><strong>trucidas-et.</strong></span> 
     </span>
     <span class='ocr_line' id='line_1_42' title="bbox 553 4009 1573 4072; baseline -0.001 -10"><span class='ocrx_word' id='word_1_274' title='bbox 553 4015 772 4064; x_wconf 75' lang='lat' dir='ltr'><strong>Tertium</strong></span> <span class='ocrx_word' id='word_1_275' title='bbox 786 4013 968 4062; x_wconf 80' lang='lat' dir='ltr'><strong>crimen</strong></span> <span class='ocrx_word' id='word_1_276' title='bbox 979 4020 1080 4060; x_wconf 80' lang='lat' dir='ltr'><strong>ent</strong></span> <span class='ocrx_word' id='word_1_277' title='bbox 1094 4010 1156 4060; x_wconf 83' lang='lat' dir='ltr'><strong>de</strong></span> <span class='ocrx_word' id='word_1_278' title='bbox 1167 4009 1310 4060; x_wconf 79' lang='lat' dir='ltr'><strong>bonis</strong></span> <span class='ocrx_word' id='word_1_279' title='bbox 1321 4011 1573 4072; x_wconf 70' lang='lat' dir='ltr'><strong>enjusdam</strong></span> 
     </span>
     <span class='ocr_line' id='line_1_43' title="bbox 555 4086 1571 4156; baseline -0.001 -16"><span class='ocrx_word' id='word_1_280' title='bbox 555 4091 725 4150; x_wconf 66' lang='lat' dir='ltr'><strong>Pana,</strong></span> <span class='ocrx_word' id='word_1_281' title='bbox 741 4105 852 4156; x_wconf 67' lang='lat' dir='ltr'><strong>qun</strong></span> <span class='ocrx_word' id='word_1_282' title='bbox 871 4105 960 4155; x_wconf 81' lang='lat' dir='ltr'><strong>pet·</strong></span> <span class='ocrx_word' id='word_1_283' title='bbox 975 4089 1073 4138; x_wconf 72' lang='lat' dir='ltr'><strong>vinu</strong></span> <span class='ocrx_word' id='word_1_284' title='bbox 1089 4095 1176 4138; x_wconf 73' lang='lat' dir='ltr'><strong>eut</strong></span> <span class='ocrx_word' id='word_1_285' title='bbox 1195 4086 1412 4137; x_wconf 67' lang='lat' dir='ltr'><strong>fundam</strong></span> <span class='ocrx_word' id='word_1_286' title='bbox 1431 4090 1571 4140; x_wconf 72' lang='lat' dir='ltr'><strong>inve-</strong></span> 
     </span>
    </p>
   </div>
   <div class='ocr_carea' id='block_1_8' title="bbox 1645 2600 2681 4164">
    <p class='ocr_par' dir='ltr' id='par_1_10' title="bbox 1645 2600 2670 2901">
     <span class='ocr_line' id='line_1_44' title="bbox 1646 2600 2668 2668; baseline 0.004 -21"><span class='ocrx_word' id='word_1_287' title='bbox 1646 2600 1891 2666; x_wconf 84' lang='lat' dir='ltr'><strong>principe,</strong></span> <span class='ocrx_word' id='word_1_288' title='bbox 1903 2602 1989 2664; x_wconf 84' lang='lat' dir='ltr'><strong>qui</strong></span> <span class='ocrx_word' id='word_1_289' title='bbox 2008 2601 2172 2665; x_wconf 74' lang='lat' dir='ltr'><strong>paullo</strong></span> <span class='ocrx_word' id='word_1_290' title='bbox 2186 2613 2299 2666; x_wconf 76' lang='lat' dir='ltr'><strong>post</strong></span> <span class='ocrx_word' id='word_1_291' title='bbox 2317 2602 2443 2651; x_wconf 76' lang='lat' dir='ltr'><strong>alios</strong></span> <span class='ocrx_word' id='word_1_292' title='bbox 2460 2604 2668 2668; x_wconf 65' lang='lat' dir='ltr'><strong>legatos,</strong></span> 
     </span>
     <span class='ocr_line' id='line_1_45' title="bbox 1645 2678 2668 2744; baseline 0.004 -18"><span class='ocrx_word' id='word_1_293' title='bbox 1645 2678 1922 2740; x_wconf 72' lang='lat' dir='ltr'><strong>adjuvante,</strong></span> <span class='ocrx_word' id='word_1_294' title='bbox 1932 2689 1989 2728; x_wconf 88' lang='lat' dir='ltr'><strong>nt</strong></span> <span class='ocrx_word' id='word_1_295' title='bbox 2005 2680 2273 2738; x_wconf 70' lang='lat' dir='ltr'><strong>ferebatur,</strong></span> <span class='ocrx_word' id='word_1_296' title='bbox 2288 2681 2467 2744; x_wconf 86' lang='lat' dir='ltr'><strong>Coelio,</strong></span> <span class='ocrx_word' id='word_1_297' title='bbox 2481 2681 2668 2730; x_wconf 76' lang='lat' dir='ltr'><strong>occisus</strong></span> 
     </span>
     <span class='ocr_line' id='line_1_46' title="bbox 1646 2757 2670 2810; baseline 0.002 -4"><span class='ocrx_word' id='word_1_298' title='bbox 1646 2768 1735 2806; x_wconf 77' lang='lat' dir='ltr'><strong>eet.</strong></span> <span class='ocrx_word' id='word_1_299' title='bbox 1762 2757 1850 2806; x_wconf 72' lang='lat' dir='ltr'><strong>His</strong></span> <span class='ocrx_word' id='word_1_300' title='bbox 1876 2758 2031 2806; x_wconf 78' lang='lat' dir='ltr'><strong>tribus</strong></span> <span class='ocrx_word' id='word_1_301' title='bbox 2060 2759 2343 2808; x_wconf 71' lang='lat' dir='ltr'><strong>criminibus</strong></span> <span class='ocrx_word' id='word_1_302' title='bbox 2368 2761 2443 2809; x_wconf 77' lang='lat' dir='ltr'><strong>M.</strong></span> <span class='ocrx_word' id='word_1_303' title='bbox 2470 2763 2670 2810; x_wconf 69' lang='lat' dir='ltr'><strong>Crassus</strong></span> 
     </span>
     <span class='ocr_line' id='line_1_47' title="bbox 1647 2836 2616 2901; baseline -0.001 -15"><span class='ocrx_word' id='word_1_304' title='bbox 1647 2836 1978 2901; x_wconf 70' lang='lat' dir='ltr'><strong>recponderat.</strong></span> <span class='ocrx_word' id='word_1_305' title='bbox 2000 2840 2238 2901; x_wconf 77' lang='lat' dir='ltr'><strong>Qun-tum</strong></span> <span class='ocrx_word' id='word_1_306' title='bbox 2258 2839 2430 2887; x_wconf 82' lang='lat' dir='ltr'><strong>Cicero</strong></span> <span class='ocrx_word' id='word_1_307' title='bbox 2454 2839 2616 2887; x_wconf 81' lang='lat' dir='ltr'><strong>diluit.</strong></span> 
     </span>
    </p>

    <p class='ocr_par' dir='ltr' id='par_1_11' title="bbox 1649 2917 2681 4164">
     <span class='ocr_line' id='line_1_48' title="bbox 1720 2917 2673 2967; baseline 0.001 -4"><span class='ocrx_word' id='word_1_308' title='bbox 1720 2931 1773 2963; x_wconf 80' lang='lat'><strong>2.</strong></span> <span class='ocrx_word' id='word_1_309' title='bbox 1798 2917 1889 2964; x_wconf 75' lang='lat' dir='ltr'><strong>Est</strong></span> <span class='ocrx_word' id='word_1_310' title='bbox 1904 2917 2031 2965; x_wconf 78' lang='lat' dir='ltr'><strong>enim</strong></span> <span class='ocrx_word' id='word_1_311' title='bbox 2055 2933 2177 2967; x_wconf 71' lang='lat' dir='ltr'><strong>nus.</strong></span> <span class='ocrx_word' id='word_1_312' title='bbox 2202 2919 2321 2965; x_wconf 77' lang='lat' dir='ltr'><strong>Haec</strong></span> <span class='ocrx_word' id='word_1_313' title='bbox 2336 2918 2482 2967; x_wconf 82' lang='lat' dir='ltr'><strong>lectio</strong></span> <span class='ocrx_word' id='word_1_314' title='bbox 2501 2919 2673 2966; x_wconf 81' lang='lat' dir='ltr'><strong>incon-</strong></span> 
     </span>
     <span class='ocr_line' id='line_1_49' title="bbox 1650 2994 2672 3062; baseline 0 -19"><span class='ocrx_word' id='word_1_315' title='bbox 1650 2994 1792 3043; x_wconf 73' lang='lat' dir='ltr'><strong>cinne</strong></span> <span class='ocrx_word' id='word_1_316' title='bbox 1810 3003 1859 3042; x_wconf 85' lang='lat' dir='ltr'><strong>et</strong></span> <span class='ocrx_word' id='word_1_317' title='bbox 1870 2995 2035 3045; x_wconf 80' lang='lat' dir='ltr'><strong>Tullio</strong></span> <span class='ocrx_word' id='word_1_318' title='bbox 2046 2995 2243 3060; x_wconf 73' lang='lat' dir='ltr'><strong>indigna</strong></span> <span class='ocrx_word' id='word_1_319' title='bbox 2260 2996 2470 3046; x_wconf 79' lang='lat' dir='ltr'><strong>videtur.</strong></span> <span class='ocrx_word' id='word_1_320' title='bbox 2486 2997 2672 3062; x_wconf 80' lang='lat' dir='ltr'><strong>Optimi</strong></span> 
     </span>
     <span class='ocr_line' id='line_1_50' title="bbox 1649 3073 2673 3140; baseline 0 -18"><span class='ocrx_word' id='word_1_321' title='bbox 1649 3073 1930 3122; x_wconf 75' lang='lat' dir='ltr'><strong>Memmiani</strong></span> <span class='ocrx_word' id='word_1_322' title='bbox 1952 3074 2171 3135; x_wconf 74' lang='lat' dir='ltr'><strong>codices,</strong></span> <span class='ocrx_word' id='word_1_323' title='bbox 2199 3087 2249 3124; x_wconf 80' lang='lat' dir='ltr'><strong>et</strong></span> <span class='ocrx_word' id='word_1_324' title='bbox 2274 3075 2553 3124; x_wconf 78' lang='lat' dir='ltr'><strong>Gruteriani</strong></span> <span class='ocrx_word' id='word_1_325' title='bbox 2572 3075 2673 3140; x_wconf 87' lang='lat' dir='ltr'><strong>ple-</strong></span> 
     </span>
     <span class='ocr_line' id='line_1_51' title="bbox 1652 3152 2671 3219; baseline 0.001 -18"><span class='ocrx_word' id='word_1_326' title='bbox 1652 3152 1820 3216; x_wconf 82' lang='lat' dir='ltr'><strong>rique,</strong></span> <span class='ocrx_word' id='word_1_327' title='bbox 1852 3164 1901 3202; x_wconf 84' lang='lat' dir='ltr'><strong>et</strong></span> <span class='ocrx_word' id='word_1_328' title='bbox 1938 3163 2049 3201; x_wconf 73' lang='lat' dir='ltr'><strong>ante</strong></span> <span class='ocrx_word' id='word_1_329' title='bbox 2083 3153 2175 3204; x_wconf 73' lang='lat' dir='ltr'><strong>hou</strong></span> <span class='ocrx_word' id='word_1_330' title='bbox 2213 3155 2324 3204; x_wconf 79' lang='lat' dir='ltr'><strong>Car.</strong></span> <span class='ocrx_word' id='word_1_331' title='bbox 2363 3153 2671 3219; x_wconf 64' lang='lat' dir='ltr'><strong>Stephanus:</strong></span> 
     </span>
     <span class='ocr_line' id='line_1_52' title="bbox 1651 3232 2675 3298; baseline 0.002 -19"><span class='ocrx_word' id='word_1_332' title='bbox 1651 3253 1679 3274; x_wconf 68' lang='lat' dir='ltr'><strong><em>u</em></strong></span> <span class='ocrx_word' id='word_1_333' title='bbox 1695 3232 1780 3279; x_wconf 76' lang='lat' dir='ltr'><strong>Est</strong></span> <span class='ocrx_word' id='word_1_334' title='bbox 1812 3232 1941 3280; x_wconf 81' lang='lat' dir='ltr'><strong>enim</strong></span> <span class='ocrx_word' id='word_1_335' title='bbox 1965 3247 2079 3295; x_wconf 77' lang='lat' dir='ltr'><strong>rex3</strong></span> <span class='ocrx_word' id='word_1_336' title='bbox 2110 3234 2197 3298; x_wconf 84' lang='lat' dir='ltr'><strong>qui</strong></span> <span class='ocrx_word' id='word_1_337' title='bbox 2226 3245 2387 3282; x_wconf 74' lang='lat' dir='ltr'><strong>autem</strong></span> <span class='ocrx_word' id='word_1_338' title='bbox 2419 3233 2578 3282; x_wconf 77' lang='lat' dir='ltr'><strong>dictus</strong></span> <span class='ocrx_word' id='word_1_339' title='bbox 2604 3244 2675 3281; x_wconf 72' lang='lat' dir='ltr'><strong>est</strong></span> 
     </span>
     <span class='ocr_line' id='line_1_53' title="bbox 1654 3309 2676 3375; baseline 0.003 -17"><span class='ocrx_word' id='word_1_340' title='bbox 1654 3321 1703 3359; x_wconf 87' lang='lat' dir='ltr'><strong>et</strong></span> <span class='ocrx_word' id='word_1_341' title='bbox 1719 3309 1917 3375; x_wconf 72' lang='lat' dir='ltr'><strong>adjutor</strong></span> <span class='ocrx_word' id='word_1_342' title='bbox 1933 3311 2077 3360; x_wconf 76' lang='lat' dir='ltr'><strong>fnisse</strong></span> <span class='ocrx_word' id='word_1_343' title='bbox 2092 3347 2107 3372; x_wconf 94' lang='lat'><strong>,</strong></span> <span class='ocrx_word' id='word_1_344' title='bbox 2124 3323 2175 3361; x_wconf 88' lang='lat' dir='ltr'><strong>et</strong></span> <span class='ocrx_word' id='word_1_345' title='bbox 2196 3312 2421 3361; x_wconf 76' lang='lat' dir='ltr'><strong>conscius</strong></span> <span class='ocrx_word' id='word_1_346' title='bbox 2432 3346 2448 3372; x_wconf 88' lang='lat'><strong>,</strong></span> <span class='ocrx_word' id='word_1_347' title='bbox 2464 3314 2521 3361; x_wconf 81' lang='lat' dir='ltr'><strong>P.</strong></span> <span class='ocrx_word' id='word_1_348' title='bbox 2542 3311 2676 3360; x_wconf 69' lang='lat' dir='ltr'><strong>Asci-</strong></span> 
     </span>
     <span class='ocr_line' id='line_1_54' title="bbox 1654 3389 2677 3455; baseline 0.001 -18"><span class='ocrx_word' id='word_1_349' title='bbox 1654 3389 1751 3437; x_wconf 71' lang='lat' dir='ltr'><strong>tiu·</strong></span> <span class='ocrx_word' id='word_1_350' title='bbox 1767 3423 1782 3448; x_wconf 96' lang='lat'><strong>,</strong></span> <span class='ocrx_word' id='word_1_351' title='bbox 1799 3389 2038 3451; x_wconf 74' lang='lat' dir='ltr'><strong>injudicio</strong></span> <span class='ocrx_word' id='word_1_352' title='bbox 2059 3401 2133 3440; x_wconf 73' lang='lat' dir='ltr'><strong>est</strong></span> <span class='ocrx_word' id='word_1_353' title='bbox 2145 3390 2377 3439; x_wconf 73' lang='lat' dir='ltr'><strong>liberatus</strong></span> <span class='ocrx_word' id='word_1_354' title='bbox 2396 3411 2441 3440; x_wconf 78' lang='grc' dir='ltr'><strong>ιο.</strong></span> <span class='ocrx_word' id='word_1_355' title='bbox 2464 3392 2677 3455; x_wconf 65' lang='lat' dir='ltr'><strong>Aper-tna</strong></span> 
     </span>
     <span class='ocr_line' id='line_1_55' title="bbox 1655 3467 2679 3532; baseline 0.003 -19"><span class='ocrx_word' id='word_1_356' title='bbox 1655 3476 1729 3514; x_wconf 67' lang='lat' dir='ltr'><strong>est</strong></span> <span class='ocrx_word' id='word_1_357' title='bbox 1760 3467 2040 3532; x_wconf 70' lang='lat' dir='ltr'><strong>probusque</strong></span> <span class='ocrx_word' id='word_1_358' title='bbox 2066 3485 2234 3518; x_wconf 75' lang='lat' dir='ltr'><strong>sensns</strong></span> <span class='ocrx_word' id='word_1_359' title='bbox 2260 3485 2273 3518; x_wconf 74' lang='grc' dir='ltr'><strong>ε</strong></span> <span class='ocrx_word' id='word_1_360' title='bbox 2300 3469 2389 3517; x_wconf 73' lang='lat' dir='ltr'><strong>Est</strong></span> <span class='ocrx_word' id='word_1_361' title='bbox 2418 3467 2552 3516; x_wconf 84' lang='lat' dir='ltr'><strong>enim</strong></span> <span class='ocrx_word' id='word_1_362' title='bbox 2590 3485 2679 3516; x_wconf 77' lang='lat' dir='ltr'><strong>rex</strong></span> 
     </span>
     <span class='ocr_line' id='line_1_56' title="bbox 1654 3543 2679 3613; baseline 0.005 -22"><span class='ocrx_word' id='word_1_363' title='bbox 1654 3543 1699 3592; x_wconf 75' lang='lat' dir='ltr'><strong>in</strong></span> <span class='ocrx_word' id='word_1_364' title='bbox 1730 3545 1815 3608; x_wconf 84' lang='lat' dir='ltr'><strong>qui</strong></span> <span class='ocrx_word' id='word_1_365' title='bbox 1851 3545 1965 3594; x_wconf 74' lang='lat' dir='ltr'><strong>fecit</strong></span> <span class='ocrx_word' id='word_1_366' title='bbox 1985 3584 2000 3609; x_wconf 86' lang='lat'><strong>,</strong></span> <span class='ocrx_word' id='word_1_367' title='bbox 2030 3559 2176 3613; x_wconf 74' lang='lat' dir='ltr'><strong>etque</strong></span> <span class='ocrx_word' id='word_1_368' title='bbox 2200 3549 2385 3596; x_wconf 86' lang='lat' dir='ltr'><strong>idcirco</strong></span> <span class='ocrx_word' id='word_1_369' title='bbox 2422 3563 2580 3612; x_wconf 86' lang='lat' dir='ltr'><strong>neque</strong></span> <span class='ocrx_word' id='word_1_370' title='bbox 2598 3563 2679 3596; x_wconf 87' lang='lat' dir='ltr'><strong>ne-</strong></span> 
     </span>
     <span class='ocr_line' id='line_1_57' title="bbox 1656 3626 2679 3688; baseline 0.007 -19"><span class='ocrx_word' id='word_1_371' title='bbox 1656 3634 1763 3688; x_wconf 71' lang='lat' dir='ltr'><strong>gat,</strong></span> <span class='ocrx_word' id='word_1_372' title='bbox 1782 3639 1936 3688; x_wconf 74' lang='lat' dir='ltr'><strong>neque</strong></span> <span class='ocrx_word' id='word_1_373' title='bbox 1954 3626 2109 3679; x_wconf 76' lang='lat' dir='ltr'><strong>timet.</strong></span> <span class='ocrx_word' id='word_1_374' title='bbox 2122 3629 2309 3675; x_wconf 79' lang='lat' dir='ltr'><strong>&#39;Vocem</strong></span> <span class='ocrx_word' id='word_1_375' title='bbox 2325 3637 2487 3674; x_wconf 73' lang='lat' dir='ltr'><strong>autem</strong></span> <span class='ocrx_word' id='word_1_376' title='bbox 2505 3626 2679 3676; x_wconf 71' lang='lat' dir='ltr'><strong>diserte</strong></span> 
     </span>
     <span class='ocr_line' id='line_1_58' title="bbox 1654 3701 2681 3769; baseline 0.002 -20"><span class='ocrx_word' id='word_1_377' title='bbox 1654 3701 1872 3766; x_wconf 65' lang='lat' dir='ltr'><strong>prebent</strong></span> <span class='ocrx_word' id='word_1_378' title='bbox 1888 3703 2007 3753; x_wconf 82' lang='lat' dir='ltr'><strong>editi</strong></span> <span class='ocrx_word' id='word_1_379' title='bbox 2022 3717 2205 3754; x_wconf 72' lang='lat' dir='ltr'><strong>veteres</strong></span> <span class='ocrx_word' id='word_1_380' title='bbox 2222 3717 2271 3755; x_wconf 87' lang='lat' dir='ltr'><strong>et</strong></span> <span class='ocrx_word' id='word_1_381' title='bbox 2284 3705 2439 3754; x_wconf 81' lang='lat' dir='ltr'><strong>codex</strong></span> <span class='ocrx_word' id='word_1_382' title='bbox 2452 3705 2533 3752; x_wconf 87' lang='lat' dir='ltr'><strong>ille</strong></span> <span class='ocrx_word' id='word_1_383' title='bbox 2552 3703 2681 3769; x_wconf 83' lang='lat' dir='ltr'><strong>opti·</strong></span> 
     </span>
     <span class='ocr_line' id='line_1_59' title="bbox 1658 3781 2681 3849; baseline -0.001 -18"><span class='ocrx_word' id='word_1_384' title='bbox 1658 3795 1765 3828; x_wconf 76' lang='lat' dir='ltr'><strong>mus</strong></span> <span class='ocrx_word' id='word_1_385' title='bbox 1802 3783 1915 3832; x_wconf 70' lang='lat' dir='ltr'><strong>Car.</strong></span> <span class='ocrx_word' id='word_1_386' title='bbox 1948 3783 2198 3849; x_wconf 68' lang='lat' dir='ltr'><strong>Stephani.</strong></span> <span class='ocrx_word' id='word_1_387' title='bbox 2236 3785 2353 3832; x_wconf 77' lang='lat' dir='ltr'><strong>Eam</strong></span> <span class='ocrx_word' id='word_1_388' title='bbox 2393 3781 2681 3831; x_wconf 72' lang='lat' dir='ltr'><strong>confirmant</strong></span> 
     </span>
     <span class='ocr_line' id='line_1_60' title="bbox 1660 3857 2681 3914; baseline 0.001 -8"><span class='ocrx_word' id='word_1_389' title='bbox 1660 3857 1823 3908; x_wconf 63' lang='lat' dir='ltr'><strong>Mssa</strong></span> <span class='ocrx_word' id='word_1_390' title='bbox 1862 3865 2029 3912; x_wconf 74' lang='lat' dir='ltr'><strong>Franc.</strong></span> <span class='ocrx_word' id='word_1_391' title='bbox 2066 3875 2117 3912; x_wconf 83' lang='lat' dir='ltr'><strong>et</strong></span> <span class='ocrx_word' id='word_1_392' title='bbox 2162 3863 2304 3914; x_wconf 74' lang='lat' dir='ltr'><strong>Bai-b.</strong></span> <span class='ocrx_word' id='word_1_393' title='bbox 2343 3859 2459 3908; x_wconf 81' lang='lat' dir='ltr'><strong>dum</strong></span> <span class='ocrx_word' id='word_1_394' title='bbox 2502 3859 2681 3908; x_wconf 75' lang='lat' dir='ltr'><strong>habeut</strong></span> 
     </span>
     <span class='ocr_line' id='line_1_61' title="bbox 1661 3939 2681 4003; baseline -0.003 -14"><span class='ocrx_word' id='word_1_395' title='bbox 1661 3949 1779 3986; x_wconf 74' lang='lat' dir='ltr'><strong>ante</strong></span> <span class='ocrx_word' id='word_1_396' title='bbox 1793 3973 1808 3995; x_wconf 90' lang='lat'><strong>,</strong></span> <span class='ocrx_word' id='word_1_397' title='bbox 1837 3939 1975 4003; x_wconf 84' lang='lat' dir='ltr'><strong>qnod</strong></span> <span class='ocrx_word' id='word_1_398' title='bbox 1998 3957 2061 3990; x_wconf 82' lang='lat' dir='ltr'><strong>ex</strong></span> <span class='ocrx_word' id='word_1_399' title='bbox 2085 3957 2141 3991; x_wconf 72' lang='lat' dir='ltr'><strong>ee</strong></span> <span class='ocrx_word' id='word_1_400' title='bbox 2162 3957 2283 3989; x_wconf 80' lang='lat' dir='ltr'><strong>voce</strong></span> <span class='ocrx_word' id='word_1_401' title='bbox 2310 3939 2431 3988; x_wconf 77' lang='lat' dir='ltr'><strong>solet</strong></span> <span class='ocrx_word' id='word_1_402' title='bbox 2454 3939 2572 3987; x_wconf 85' lang='lat' dir='ltr'><strong>oriri</strong></span> <span class='ocrx_word' id='word_1_403' title='bbox 2586 3974 2601 3996; x_wconf 88' lang='lat'><strong>,</strong></span> <span class='ocrx_word' id='word_1_404' title='bbox 2628 3951 2681 3986; x_wconf 84' lang='lat' dir='ltr'><strong>nt</strong></span> 
     </span>
     <span class='ocr_line' id='line_1_62' title="bbox 1662 4016 2676 4078; baseline 0.002 -14"><span class='ocrx_word' id='word_1_405' title='bbox 1662 4017 1807 4065; x_wconf 78' lang='lat' dir='ltr'><strong>docet</strong></span> <span class='ocrx_word' id='word_1_406' title='bbox 1844 4019 2209 4069; x_wconf 74' lang='lat' dir='ltr'><strong>Drakenborch.</strong></span> <span class='ocrx_word' id='word_1_407' title='bbox 2240 4019 2303 4069; x_wconf 77' lang='lat' dir='ltr'><strong>ad</strong></span> <span class='ocrx_word' id='word_1_408' title='bbox 2338 4020 2525 4068; x_wconf 82' lang='lat' dir='ltr'><strong>Livium</strong></span> <span class='ocrx_word' id='word_1_409' title='bbox 2538 4054 2554 4078; x_wconf 94' lang='lat'>‚</span> <span class='ocrx_word' id='word_1_410' title='bbox 2588 4016 2676 4066; x_wconf 88' lang='lat' dir='ltr'><strong>lib.</strong></span> 
     </span>
     <span class='ocr_line' id='line_1_63' title="bbox 1662 4096 2129 4164; baseline 0.004 -21"><span class='ocrx_word' id='word_1_411' title='bbox 1662 4096 1892 4159; x_wconf 77' lang='lat' dir='ltr'><strong>xxvn,</strong></span> <span class='ocrx_word' id='word_1_412' title='bbox 1914 4115 2020 4164; x_wconf 71' lang='lat' dir='ltr'><strong>cap.</strong></span> <span class='ocrx_word' id='word_1_413' title='bbox 2048 4099 2129 4148; x_wconf 79' lang='lat'><strong>35.</strong></span> 
     </span>
    </p>
   </div>
  </div>
 </body>
</html>
