2996 4694
702 392 1095 461 ORATIO
1144 391 1349 460 PRO
1400 391 1674 462 REGE
1703 393 2280 466 -DEJOTARQ
2406 393 2549 466 633

426 515 728 600 Nonne,
771 511 1107 585 audiente
1143 512 1285 584 boc
1310 518 1505 585 Serv.
1536 515 1854 614 Sulpicio
1875 570 1896 604 ‚
1934 515 2328 588 clarissimo
2361 523 2555 604 vii-0,

429 623 739 719 quitum
767 646 934 693 casu
962 621 1157 719 apud
1180 624 1578 694 Domitium
1606 625 1974 714 coenabat,
2005 642 2078 698 et
2113 627 2251 699 boc
2275 632 2352 698 T.
2385 633 2556 700 Tor-

431 745 689 826 quato,
733 733 1013 828 optimo
1060 730 1550 820 adolescente,
1586 759 1662 805 se
1711 759 1753 806 a
1800 725 1870 807 te
1913 752 2380 835 corruptum,
2417 740 2558 810 tuis

432 841 803 938 promissis
840 845 916 911 in
952 837 1278 912 fraudem
1323 842 1717 940 impulsum
1755 869 1908 916 esse
1948 844 2316 918 confessus
2352 847 2506 919 est?

522 952 679 1020 XII.
735 953 913 1040 Quae
964 963 1073 1020 est
1120 954 1252 1021 ista
1304 965 1453 1022 tam
1503 951 1890 1050 impudens
1914 964 1962 1042 ¹,
2007 969 2154 1026 tam
2210 953 2558 1044 crudelis,

422 1073 571 1130 tam
600 1059 1069 1130 immoderata
1084 1059 1614 1132 inhumanitas?
1638 1057 1914 1132 Idcirco
1939 1063 2016 1133 in
2047 1061 2278 1133 banc²
2297 1061 2558 1134 urbem
2612 1121 2620 1132 .

422 1173 719 1260 venisti,
754 1187 841 1243 ut
867 1170 1087 1267 hujus
1112 1167 1311 1241 urbis
1342 1172 1506 1265 jura
1533 1185 1605 1242 et
1644 1172 1974 1270 exempla
2009 1194 2555 1269 corrumperes,

426 1279 961 1379 domesticaque
1010 1281 1449 1352 immanitate
1492 1296 1754 1352 nostrae
1794 1283 2094 1352 civitatis
2145 1281 2552 1352 humanita-

426 1406 570 1462 tem
608 1393 1075 1490 inquinares?

518 1504 607 1571 At
630 1524 851 1597 quam
876 1515 1083 1573 acute
1100 1498 1129 1544 ³
1158 1499 1456 1572 collecta
1481 1497 1820 1571 crimina!
1853 1500 2246 1572 Blesamius
2268 1552 2288 1587 ‚
2316 1502 2557 1598 inquit

424 1607 623 1704 (ejus
655 1611 844 1681 enim
888 1611 1215 1694 nomine,
1249 1609 1506 1706 optimi
1543 1609 1862 1680 hominis
1875 1608 1933 1698 4,
1965 1633 2102 1682 nec
2130 1609 2262 1682 tibi
2290 1611 2556 1708 ignoti,

424 1718 895 1790 maledicebat
940 1718 1149 1814 tibi),
1206 1717 1298 1789 ad
1338 1742 1584 1815 regem
1633 1718 1950 1792 scribere
1991 1719 2302 1810 solebat,
2357 1735 2434 1795 te
2477 1723 2554 1791 in

422 1826 686 1898 invidia
712 1852 900 1916 esse;
929 1840 1319 1924 tyrannum
1363 1828 1792 1915 existimari3
1829 1843 2061 1900 statua
2084 1832 2277 1900 inter
2303 1829 2555 1927 reges⁵

423 1937 659 2032 posita
692 1938 971 2008 animos
1001 1935 1381 2008 hominum
1414 1935 1888 2008 vehementer
1917 1935 2271 2027 offensos3
2309 1940 2557 2036 plaudi

425 2039 605 2115 tibi6
646 2070 796 2116 non
849 2046 1099 2118 solere.
1155 2050 1367 2118 Non⁷
1412 2044 1783 2142 intelligis,
1820 2051 2078 2134 Caesar,
2128 2071 2218 2118 ex
2255 2047 2556 2120 urbanis

422 2153 921 2227 malivolorum
976 2155 1451 2226 sermunculis
1490 2153 1642 2226 haec
1690 2153 1782 2224 ab
1821 2155 1972 2226 istis
2013 2179 2169 2230 esse
2195 2155 2558 2228 collecta?

420 2264 810 2337 Blesamius
854 2281 1245 2364 tyrannum
1302 2270 1656 2338 Caesarem
1711 2265 2098 2338 scriberet?
2148 2265 2551 2338 Multorum

418 2374 615 2445 enim
669 2376 936 2447 civium
990 2378 1226 2474 capita
1272 2370 1642 2464 viderat83
1677 2376 1948 2447 multos
2004 2377 2212 2472 jussu
2261 2379 2554 2449 Caesaris

418 2499 750 2573 vexatos,
782 2483 1231 2575 verberatos,
1268 2500 1598 2574 necatos;
1628 2485 1890 2557 multas
1926 2484 2222 2557 afflictas
2249 2500 2322 2557 et
2357 2510 2554 2557 ever·

420 2610 531 2665 sas
567 2594 857 2686 domos;
901 2597 1188 2667 armatis
1237 2595 1636 2666 militibusv
1679 2593 2022 2667 refertum
2063 2592 2328 2666 forum.
2372 2597 2554 2684 Quae

418 2790 614 2829 tractus.
641 2780 837 2841 Hieras,
866 2780 1131 2829 Blesamius
1156 2789 1205 2828 et
1228 2780 1437 2844 Antigo-
1525 2778 1670 2827 etiam
1719 2777 1920 2827 Coesaris
1963 2786 2121 2826 statua
2170 2778 2380 2828 excitata
2421 2779 2517 2828 snit
2536 2813 2552 2838 ,
2583 2798 2592 2809 ·

417 2874 510 2907 nna
540 2858 933 2907 nominabantur.

487 2938 605 2987 xn.
638 2954 681 2985 1.
710 2937 869 2986 Codd.
898 2936 1086 3001 aliquot
1110 2935 1243 3000 apud
1268 2936 1438 2986 Lamb.

416 3025 467 3065 et
485 3016 742 3075 Ursinian,
760 3016 1014 3081 impotens.
1043 3016 1095 3064 J.
1113 3013 1182 3063 V.
1214 3016 1264 3062 L.

486 3110 535 3143 a.
554 3098 615 3143 In
638 3094 770 3143 lianc
790 3096 955 3145 urbem
976 3092 1174 3143 venisti.
1188 3092 1327 3141 Nihil
1340 3090 1433 3141 hae

413 3173 481 3222 ad
504 3184 831 3222 accusatorem
855 3172 1149 3238 apostrophe
1173 3170 1433 3220 efficacius.

489 3253 543 3301 3.
570 3254 641 3300 Ae
669 3267 818 3317 quam
855 3262 1012 3299 acute.
1045 3251 1224 3300 Ironia.
1246 3250 1432 3299 stolide

416 3332 543 3380 enim
568 3332 749 3380 crimen
764 3366 780 3390 ,
806 3330 941 3395 qnod
964 3330 1197 3395 sequitur,
1224 3328 1429 3393 eollege-

414 3422 488 3471 rat
506 3422 772 3471 aecusator,
803 3411 940 3475 quasi
960 3411 1013 3458 in
1042 3410 1206 3458 animo
1232 3407 1423 3457 habuis·

414 3500 486 3537 set
535 3491 766 3552 Deiotaro
822 3492 983 3538 minus
1024 3504 1200 3538 nocere
1222 3524 1239 3550 ,
1285 3502 1430 3551 quam

414 3570 575 3633 ipsum
604 3570 839 3618 Caesarem
866 3567 1139 3632 tyrannidis
1164 3568 1428 3632 exprobra-

412 3648 547 3697 tione
572 3649 782 3713 graviter
805 3647 1074 3697 offendere.

486 3734 535 3783 6.
576 3727 804 3775 Priscian.
824 3727 911 3778 lib.
936 3727 1089 3787 vm,
1122 3725 1250 3785 vir-1⁸,-
1286 3737 1335 3775 et
1359 3726 1429 3774 aie

410 3806 638 3856 nonnulli
654 3805 801 3855 codd.
817 3810 867 3857 J.
884 3806 948 3855 V.
970 3806 1029 3855 1..

487 3885 537 3933 5.
558 3888 735 3933 Statua
748 3884 873 3933 inter
888 3900 1040 3950 reges.
1058 3886 1251 3949 Septem
1266 3900 1431 3949 regum

413 3966 745 4014 Romanorum
784 3966 837 4012 in
874 3964 1119 4030 Capitolio
1156 3975 1259 4012 tum
1292 3974 1431 4012 erant

412 4055 606 4103 statne,
649 4044 775 4093 inter
819 4058 941 4109 quas
978 4048 1037 4093 1..
1090 4043 1229 4091 Bruti
1274 4054 1427 4092 statua

414 4126 629 4174 strictum
664 4124 877 4189 gladium
918 4123 1142 4173 tenentis.
1181 4124 1313 4172 Inter
1349 4138 1429 4171 eas

1524 2857 1660 2922 qnod
1689 2860 1940 2906 Romanos
1977 2857 2287 2905 vehementer
2313 2857 2522 2906 offendit
2535 2896 2551 2918 ‚

1525 2946 1656 2985 ratos
1671 2936 1804 2983 illins
1821 2934 2136 2983 ambitionem
2145 2936 2246 2995 jam
2261 2936 2314 2982 in
2335 2947 2549 3000 apertam

1521 3013 1830 3078 tyrannidem
1875 3030 2143 3079 erumpere.
2194 3015 2346 3078 Quod
2390 3016 2554 3063 aiebat

1521 3103 1773 3141 accusator
1796 3110 1825 3141 a
1851 3092 2087 3143 Blesamio
2119 3094 2279 3157 legato
2309 3094 2547 3160 scriptum

1521 3174 1668 3221 fuisse
1693 3171 1756 3220 ad
1783 3174 2088 3233 Deiotarum.
2117 3174 2408 3235 Suetonius,
2437 3190 2549 3241 cap.

1525 3254 1590 3315 76
1611 3284 1626 3311 ,
1648 3262 1698 3299 et
1714 3253 1776 3299 de
1797 3252 1980 3299 invidia
2001 3251 2114 3299 inde
2133 3250 2369 3310 conflata,
2393 3268 2438 3301 e.
2460 3254 2544 3301 80.

1591 3333 1640 3378 6.
1667 3328 1847 3378 Plaude·
1860 3329 1961 3380 tibi.
1988 3330 2251 3378 Theatrum
2267 3330 2544 3393 ingredien-

1517 3410 1573 3458 ti.
1597 3409 1727 3457 Vide
1745 3410 2021 3458 Sutianarn
2043 3420 2092 3457 et
2114 3410 2434 3459 Pisonianam.

1592 3506 1640 3549 7.
1681 3488 1765 3536 Al.
1792 3488 1965 3537 Nonne
1997 3488 2178 3536 habent
2203 3490 2388 3555 vulgati
2408 3490 2542 3541 libri.

1515 3566 1802 3617 Emendavit
1827 3570 2016 3617 Ernest.
2043 3569 2092 3617 J.
2117 3568 2178 3613 V.
2204 3568 2262 3617 1..

1591 3648 1644 3695 8.
1673 3646 1858 3696 Civium
1874 3646 2042 3713 capita
2057 3642 2274 3695 viderat.
2294 3648 2540 3717 Truncata

1518 3726 1726 3785 scilieet,
1745 3738 1794 3776 et
1809 3726 1992 3792 absque
2017 3741 2244 3791 corpore.
2269 3728 2356 3775 Est
2373 3738 2535 3776 antem

1519 3804 1689 3854 ironia
1723 3807 1944 3871 quadarn
1982 3806 2198 3871 species,
2225 3820 2374 3868 qnnm
2415 3804 2539 3855 dicit

1519 3883 1619 3931 visa
1641 3900 1742 3933 esse
1758 3902 1868 3949 qua
1885 3900 2147 3949 numquam
2169 3883 2268 3931 visa
2293 3895 2431 3933 erant
2445 3886 2538 3935 snb

1517 3962 1727 4029 imperio
1753 3964 1982 4025 Cesari33
2021 3962 2164 4011 solita
2197 3972 2359 4011 antem
2399 3976 2536 4015 erant

1518 4044 1790 4109 spectacula
1812 4043 1974 4093 Mario
1995 4052 2048 4090 et
2064 4040 2195 4090 sun·
2217 4041 2516 4092 dominante.

1591 4140 1644 4187 9.
1699 4122 1917 4173 Amatis
1961 4121 2202 4172 militibus.
2259 4124 2545 4173 Patere-ulus
