2996 4694
550 396 643 472 36
1172 397 1269 464 M.
1320 397 1398 463 T.
1450 394 2024 465 CICERONIS

546 535 631 593 ut
670 519 995 591 omittam
1016 515 1476 606 .Gabinium,
1531 515 1731 616 quod
1777 531 2058 590 tantum
2109 515 2440 588 homines
2475 514 2680 587 fefel-

544 630 729 715 listi,
766 642 848 699 ut
888 627 1284 724 negligeres
1327 629 1828 700 auctoritatem
1875 629 2204 699 senatus?
2247 627 2501 724 optimi
2549 651 2679 697 cu-

537 743 802 837 jusque
838 737 1135 810 consilia
1164 737 1709 810 contemneres?
1739 736 2260 835 rempublicam
2291 735 2681 834 proderes?

540 850 918 923 consulare
946 874 1217 920 nomen
1244 847 1642 947 affligeres?
1679 849 1990 918 etiamne
2019 847 2300 919 edicere
2329 843 2680 928 audebaS‚

540 985 636 1034 ne
666 974 1063 1032 moererent
1110 959 1443 1032 homines
1486 981 1722 1031 meam
1745 1012 1765 1045 ‚
1809 982 2011 1028 suam
2037 1012 2057 1046 ,
2103 954 2521 1054 reipublicae
2559 981 2677 1027 ca-

540 1069 979 1141 lamitatem?
1018 1094 1113 1141 ne
1134 1065 1164 1112 3
1214 1070 1433 1164 hunq
1454 1093 1668 1140 suum
1713 1067 2042 1141 dolorem
2077 1082 2276 1139 veste
2321 1063 2676 1162 significa-

538 1180 751 1252 rent?
804 1181 963 1252 Sive
1013 1178 1131 1250 illa
1186 1180 1402 1250 vestis
1458 1181 1760 1250 mutatio
1807 1177 1898 1249 ad
1947 1177 2276 1250 luctum‘*
2326 1177 2676 1274 ipsorum,

542 1294 690 1362 sive
719 1289 808 1360 ad
838 1288 1375 1389 deprecandum
1412 1286 1730 1378 valebat3
1759 1289 1922 1385 quis
1953 1310 2300 1384 umquam
2341 1301 2486 1356 tam
2515 1308 2678 1355 cru-

542 1398 727 1471 delis
770 1398 949 1487 fuit,
997 1403 1126 1496 qui
1178 1397 1602 1498 prohiberet
1646 1422 2086 1497 quemquam
2139 1411 2264 1468 aut
2306 1395 2445 1467 sibi
2493 1419 2672 1466 moe·

538 1536 740 1600 rere,
782 1525 909 1582 aut
950 1514 1206 1582 ceteris
1247 1509 1697 1609 supplicare?
1747 1507 1992 1600 Quid?
2047 1532 2178 1579 sua
2233 1521 2488 1604 sponte
2534 1505 2672 1575 ho·-

538 1629 769 1696 mines
822 1629 898 1695 in
955 1625 1351 1696 amicorum
1406 1624 1746 1721 periculis
1797 1625 2134 1695 vestitum
2193 1635 2468 1692 mutare
2517 1645 2670 1690 non

540 1735 819 1806 solent?
849 1757 985 1832 pro
1019 1748 1089 1806 te
1123 1736 1281 1831 ipso
1298 1729 1351 1822 ⁵,
1394 1735 1555 1805 Piso
1578 1787 1598 1822 ‚
1641 1757 1951 1805 nemone
1996 1727 2394 1803 mutavit⁶?
2430 1753 2522 1800 ne
2555 1729 2674 1799 isti

538 1841 874 1941 quidem,
930 1867 1117 1941 quos
1162 1843 1475 1942 legatosv
1516 1868 1668 1914 non
1706 1841 1928 1914 modo
1964 1843 2168 1915 nullo
2209 1856 2674 1914 senatuscon-

536 1953 730 2025 sulto
749 2007 770 2039 ‚
810 1951 936 2024 sed
968 1957 1183 2024 etiam
1222 1967 1674 2050 repugnante
1705 1968 1958 2025 senatu
1979 2008 2000 2042 ‚
2032 1967 2184 2024 tute
2213 1951 2349 2022 tibi
2377 1951 2672 2048 legasti?

537 2068 729 2161 Ergo
767 2061 1081 2135 hominis
1120 2063 1479 2160 desperati
1495 2057 1552 2151 ⁸,
1591 2077 1662 2135 et
1694 2062 2084 2162 proditoris
2121 2059 2535 2159 reipublicae
2562 2084 2671 2130 ca-

537 2197 699 2246 sum
750 2173 1159 2272 lugebunt9
1202 2171 1544 2259 fortasse,
1591 2175 1721 2271 qui
1765 2173 2055 2246 volent:
2095 2173 2266 2244 civis
2315 2171 2671 2244 florentis·

537 2284 695 2377 simi
737 2276 1225 2357 benivolentia
1264 2281 1626 2355 bonorum
1651 2337 1670 2371 ,
1711 2298 1787 2355 et
1825 2288 2101 2380 optime
2151 2282 2242 2354 de
2279 2282 2506 2355 salute
2549 2305 2668 2380 pa-

534 2396 687 2466 triae
751 2396 1036 2483 meriti,
1095 2394 1542 2492 periculum,
1597 2394 2070 2490 conjunctum
2125 2418 2294 2465 cum
2345 2392 2668 2492 periculo

536 2505 875 2592 civitatis,
933 2504 1176 2599 lugere
1218 2507 1495 2573 senatui
1533 2526 1685 2573 non
1727 2502 2014 2576 licebit?
2061 2503 2290 2576 Iidem
2337 2502 2670 2575 consules

536 2614 637 2707 (si
669 2613 1081 2711 appellandi
1110 2626 1280 2683 sunt
1310 2612 1676 2701 consule5‚
1713 2638 1900 2711 quos
1925 2640 2143 2687 nemo
2171 2629 2316 2702 est,
2356 2615 2484 2711 qui
2511 2639 2666 2684 non

530 2720 755 2792 modo
783 2745 871 2792 ex
900 2722 1281 2803 memoria,
1318 2719 1445 2791 sed
1486 2724 1702 2793 etiam
1739 2748 1830 2795 ex
1865 2723 2059 2797 fastis
2089 2723 2506 2797 evellendos
2540 2748 2670 2822 pu-

604 2881 656 2927 3.
682 2880 791 2939 Ne,
810 2888 907 2928 etc.
930 2878 1013 2929 Al.
1038 2900 1064 2922 α
1083 2896 1205 2930 neve
1230 2882 1281 2931 h.
1297 2883 1400 2934 dol.
1422 2897 1555 2936 veste
1643 2896 1754 2952 post
1779 2852 2024 2934 Raditum·
2039 2886 2102 2934 ad
2125 2885 2265 2949 Quir.
2293 2900 2400 2950 esp.
2428 2881 2488 2941 5,
2529 2886 2664 2946 conj.

532 2968 713 3007 mutsts
742 2959 891 3007 sal.
908 2958 972 3006 V.
999 2961 1056 3008 L.

602 3045 649 3093 4.
671 3038 758 3085 Ad
774 3038 953 3086 luctum
972 3038 1201 3105 ipsorum.
1224 3046 1353 3105 Sive,
1370 3046 1550 3110 inquit,

528 3126 711 3163 vestem
740 3128 1064 3178 mutaverant,
1095 3132 1151 3170 ut
1175 3138 1329 3172 meam
1350 3126 1549 3191 pariter,

528 3206 579 3243 et
595 3210 730 3243 suam
752 3196 974 3259 lugerent
990 3198 1307 3251 calamitatem
1323 3240 1339 3266 ,
1364 3206 1467 3253 sive
1492 3218 1552 3255 nt

526 3290 683 3323 -esm
698 3274 901 3324 salutem
918 3276 1313 3345 deprecat-cutum
1330 3296 1550 3333 nenti-am

527 3352 594 3427 ob
633 3369 825 3403 causam
862 3355 1017 3405 facere
1058 3359 1112 3407 id
1131 3394 1147 3419 ‚
1192 3362 1328 3425 quod
1364 3364 1552 3424 fecisti,

526 3448 721 3497 aequum
758 3434 853 3484 fuit
882 3448 897 3482 t
940 3452 1091 3499 quum
1133 3456 1277 3489 nemo
1320 3460 1550 3507 umquam

527 3523 625 3560 tam
655 3511 869 3560 erudelis
906 3514 1081 3580 fuerit,
1117 3521 1203 3583 qui
1238 3522 1549 3585 prohibuerit

524 3604 816 3655 quanquam
838 3604 919 3641 sut
941 3610 1141 3646 moerers
1158 3600 1212 3647 in
1231 3616 1323 3649 sno
1346 3601 1547 3662 dolore,

524 3680 610 3718 sut
635 3671 805 3719 ceteris
838 3672 893 3721 in
926 3675 1069 3724 amici
1106 3680 1325 3743 periculo
1358 3682 1546 3746 suppli·

520 3766 647 3798 cnm.
1490 3766 1495 3771 “

595 3832 642 3879 5.
669 3832 767 3878 Pro
786 3842 835 3879 ee
849 3830 970 3897 ipso.
992 3836 1305 3901 Apostrophe
1325 3838 1387 3886 sd
1410 3839 1542 3887 Piso-

522 3925 633 3957 nem
679 3908 927 3961 absentem
956 3928 970 3961 ε
1016 3929 1129 3961 nam
1174 3914 1271 3964 hoc
1326 3926 1542 3981 tempore

520 3989 858 4039 Macedoniam
875 3993 1211 4055 proconsulari
1226 3996 1430 4059 imperio
1453 3999 1542 4047 ad-

520 4067 838 4117 ministrabat.

592 4138 642 4185 ὁ.
675 4139 897 4187 Mutavit.
933 4144 1009 4189 Fr.
1044 4142 1105 4190 A.
1136 4144 1289 4194 Wolf.
1317 4146 1379 4194 sd
1411 4161 1538 4198 orat.

1641 2964 1861 3014 mutabit.
1916 2964 2141 3029 Optim03
2186 2964 2272 3013 sed
2320 2966 2418 3025 jam
2468 2964 2668 3013 Lallem.

1640 3046 1943 3107 conjecerat,
1970 3055 2021 3092 et
2047 3044 2248 3093 omnino
2277 3055 2488 3093 suaserat
2517 3045 2666 3093 Gars-

1639 3124 1822 3173 tonius.
1849 3123 1900 3169 J.
1914 3122 1979 3170 V.
2008 3123 2065 3169 1..

1713 3220 1763 3264 7.
1792 3204 2021 3266 Iaegaeos.
2050 3201 2260 3249 Videtur
2280 3202 2395 3248 Piso
2417 3202 2523 3265 lege
2545 3200 2663 3249 Clo-

1639 3280 1718 3328 dia
1737 3314 1752 3340 ,
1801 3296 1894 3345 qus
1937 3280 2238 3344 provinciam
2279 3280 2467 3343 accepit
2491 3316 2506 3340 ,
2558 3296 2664 3327 esm

1641 3360 1918 3409 facultatem
1947 3358 2200 3417 habuisse,
2237 3369 2292 3407 ut
2317 3359 2506 3423 legatos
2537 3356 2664 3405 deli-

1638 3448 1796 3503 geret,
1820 3450 1968 3501 atque
1989 3438 2176 3485 idcirco
2207 3428 2500 3501 repugnasse
2524 3452 2666 3485 sem·

1593 3562 1608 3569 -
1638 3530 1750 3578 tus,
1783 3517 1918 3582 quod
1943 3517 2098 3580 ipsius
2118 3517 2383 3565 auctoritas
2409 3517 2662 3564 imminue·
2745 3556 2753 3562 .

1637 3596 1795 3645 batur.
1819 3596 2003 3645 Confer
2025 3594 2080 3642 in
2098 3596 2195 3645 Pis.
2219 3596 2308 3643 36.

1709 3677 1760 3725 8.
1789 3673 2012 3722 Hominis
2035 3672 2295 3737 desperati.
2322 3674 2422 3737 Qui
2449 3683 2504 3720 ut
2531 3683 2662 3722 recte

1631 3766 1770 3819 agat,
1791 3766 1876 3803 sut
1895 3754 2097 3813 sentiat,
2119 3754 2302 3817 sperari
2323 3769 2423 3802 non
2441 3762 2622 3817 potest.

1703 3849 1752 3896 9.
1791 3833 2040 3898 Lugebmse
2049 3830 2289 3895 fiir-tasse.
2321 3830 2534 3881 Addidit
2557 3832 2662 3880 for-

1630 3922 1754 3959 tasse
1772 3948 1787 3972 ,
1821 3922 1878 3959 ut
1919 3909 2133 3960 dubitari
2173 3926 2318 3977 posse
2348 3910 2564 3969 indicet,
2594 3926 2660 3959 sn

1628 3989 1804 4053 aliquis
1824 3989 2024 4039 omnino
2043 3992 2096 4038 in
2113 3990 2324 4039 hominis
2341 3989 2588 4055 desperati
2607 4000 2660 4038 et

1628 4070 1897 4133 proditoris
1940 4070 2220 4134 reipublicoe
2257 4084 2369 4116 casu
2415 4068 2656 4134 lacrymas

1631 4148 1830 4199 daturus
1853 4151 1932 4199 sit.
