2996 4694
758 336 1149 406 ORATIO
1196 335 1409 413 PRO
1460 335 1540 402 T.
1578 336 1662 404 A.
1715 337 2146 407 MILONE.
2384 334 2526 434 487

387 487 539 548 ceS‚
583 458 909 559 profecto
952 483 1108 530 non
1159 455 1299 530 fuit
1320 511 1341 547 ,
1392 481 1526 530 cur
1577 456 1722 530 sibi
1761 475 2090 530 censeret
2140 461 2530 558 Pompeius

388 575 859 669 quaestionem
906 568 1281 642 ferendam
1316 597 1333 639 :
1370 567 1498 640 sed
1532 568 1760 640 homo
1805 571 2130 667 sapiens,
2169 585 2241 642 et
2273 571 2418 642 alta
2459 585 2534 644 et

388 681 631 754 divina
665 679 979 779 'quadam
1022 695 1269 752 mente
1312 669 1726 777 praeditus⁵,
1773 681 1998 752 multa
2041 680 2267 770 vidit3
2309 679 2530 754 fuisse

390 793 528 864 sibi
572 791 777 864 illum
831 792 1241 877 inimicum,
1298 788 1722 863 familiarem
1769 791 2140 863 Milonem.
2196 795 2282 862 In
2334 817 2532 864 com·

392 904 596 974 muni
630 903 959 975 omnium
1004 901 1244 972 laetitia
1278 901 1339 972 si
1377 902 1592 973 etiam
1637 902 1794 1000 ipse
1835 901 2213 999 gauderet,
2251 904 2533 990 timuit,

393 1037 487 1084 ne
556 1011 925 1084 videretur
988 1009 1347 1082 infirmior
1417 1007 1650 1084 fides⁶
1715 1013 2195 1084 reconciliatae
2267 1015 2531 1109 gratiae.

392 1123 621 1194 Multa
672 1124 889 1194 etiam
948 1122 1081 1192 alia
1131 1120 1375 1206 vidit‚.
1404 1121 1532 1194 sed
1585 1121 1766 1195 illud
1817 1123 2162 1211 maxime,
2211 1125 2542 1222 quamvis

394 1235 777 1306 atrociter-⁷
801 1234 959 1331 ipse
985 1232 1301 1322 tulisset,
1326 1255 1457 1304 vos
1482 1247 1728 1304 tamen
1757 1231 2042 1304 fortiter
2065 1232 2536 1329 judicaturos·
2610 1223 2616 1228 ¹

392 1349 645 1441 Itaque
674 1342 941 1441 delegit
964 1368 1007 1416 e
1026 1341 1554 1414 florentissimis
1582 1337 2009 1414 ordinibus⁸
2047 1346 2200 1442 ipsa
2228 1341 2537 1429 lumina3

394 1481 637 1554 neque
670 1479 883 1542 vero,
926 1453 1127 1552 quod
1155 1453 1491 1526 nonnulli
1527 1452 1891 1542 dictitant,
1925 1457 2226 1525 secrevit
2251 1458 2328 1525 in
2349 1479 2375 1550 J
2387 1452 2540 1524 udi·

392 1566 593 1636 cibus
616 1565 941 1663 legendis
974 1568 1246 1636 amicos
1274 1575 1540 1636 meos9.
1575 1567 1834 1662 Neque
1869 1565 2066 1636 enim
2097 1563 2240 1636 hoc
2273 1567 2542 1660 cogita-

274 1717 281 1722 ·
392 1676 496 1746 vit
533 1677 643 1746 vir
676 1676 1149 1773 justissimus,
1205 1697 1447 1772 neque
1494 1675 1572 1744 in
1623 1672 1844 1746 bonis
1895 1675 2068 1745 viris
2108 1672 2434 1771 legendis
2469 1671 2542 1742 id

394 1787 680 1883 assequi
742 1787 1099 1883 potuisset
1119 1837 1139 1872 ,
1193 1786 1473 1856 etiamsi
1529 1787 1872 1882 cupisset.
1931 1788 2097 1855 Non
2142 1786 2338 1856 enim
2383 1807 2542 1855 mea

395 1896 622 1992 gratia
668 1891 1355 1967 familiaritatibus¹⁰
1406 1894 1851 1981 continetur,
1895 1917 2060 1990 quae
2105 1893 2248 1964 late
2292 1907 2544 1992 patere

398 2031 549 2078 non
601 2020 944 2103 possunt,
995 2018 1387 2103 propterea
1430 2001 1636 2100 quod
1681 2002 2253 2074 consuetudines
2306 2004 2542 2074 victus

396 2140 549 2187 non
580 2130 891 2213 possunt
914 2137 1067 2188 esse
1098 2139 1267 2187 cum
1296 2113 1568 2185 multis.
1605 2111 1781 2197 Sed,
1821 2115 1882 2182 si
1912 2111 2091 2209 quid
2118 2135 2541 2209 possumuS,

399 2250 489 2297 ex
522 2251 611 2296 eo
649 2249 1071 2324 possumus,
1106 2223 1309 2322 quod
1351 2220 1769 2323 respublica
1799 2245 1938 2296 uos
1969 2221 2350 2318 conjunxit
2377 2245 2546 2294 cum

398 2333 713 2408 bonisn.
752 2339 857 2409 Ex
893 2333 1163 2434 quibus
1205 2333 1325 2407 ille
1372 2331 1606 2433 quu'm
1641 2335 1958 2435 optimos
1999 2333 2194 2405 viros
2231 2332 2502 2430 legeret
2521 2386 2540 2417 ‚

398 2512 544 2563 quam
573 2512 675 2545 rem
710 2494 994 2556 damnavit,
1012 2496 1172 2545 virum
1198 2505 1427 2555 excussu

398 2578 594 2645 sibique
610 2576 841 2627 laudibus
858 2575 1085 2637 judicum
1104 2576 1295 2624 animoa
1311 2590 1427 2624 eon·

400 2658 566 2709 eilias-e
598 2658 789 2707 nititur.
1390 2716 1395 2719 Ι

475 2738 525 2786 5.
550 2738 718 2785 Mente
727 2736 980 2801 preditus.
1010 2732 1123 2783 Alta
1147 2750 1285 2783 mens
1309 2732 1429 2781 diei-

396 2828 503 2877 (ιιι,
527 2832 637 2880 qua
668 2816 866 2881 penitus
892 2830 1055 2862 rerum
1086 2813 1257 2862 intima
1290 2828 1427 2859 scru-

404 2906 553 2955 tatur,
570 2895 829 2959 futuraque
844 2904 959 2943 ame
976 2891 1126 2957 capit.

475 2974 524 3023 6.
554 2972 963 3042 Itfirme'orfides.
993 2974 1131 3035 Quas
1156 2968 1433 3017 inimicitias

406 3068 517 3101 eum
532 3052 769 3117 Pompeio
782 3051 989 3102 Clodius
1008 3048 1297 3107 exercuerit,
1316 3047 1435 3095 nti·

406 3144 479 3181 eat
492 3133 757 3196 cognitum.
776 3132 901 3180 zum
916 3132 1049 3179 enirn
1064 3130 1118 3176 in
1132 3128 1245 3175 foro
1256 3126 1436 3191 sepius

408 3212 719 3260 coutumeliis
741 3209 1037 3275 gravissimis
1061 3208 1219 3272 palam
1244 3206 1431 3265 affecit,

408 3290 729 3353 Tigranisque
760 3289 917 3339 fllium
958 3304 1107 3353 quem
1136 3288 1191 3335 in
1226 3285 1437 3333 vinculis

409 3368 621 3418 habeba
639 3370 899 3433 Pompeius
911 3370 1100 3433 eripere
1114 3376 1317 3413 conatus
1340 3372 1433 3413 est.

411 3446 581 3496 Paullo
595 3459 763 3495 autern
781 3458 895 3496 aute
912 3462 1061 3511 quam
1083 3442 1289 3495 Clodius
1306 3442 1437 3491 oeci-

413 3527 631 3585 deretur,
658 3524 917 3573 amcitiam
938 3527 1069 3575 inter
1086 3525 1436 3585 sejunxerant.

486 3620 539 3666 7.
566 3603 795 3667 Quamvis
810 3604 1058 3653 amciter.
1078 3604 1212 3651 Miro
1231 3599 1439 3649 artificio

410 3686 569 3749 legem
594 3682 817 3747 Pompeii
842 3683 911 3731 ita
936 3682 1215 3747 improbat,
1236 3691 1295 3729 ut
1318 3680 1441 3743 legia

412 3774 661 3813 auctorem
675 3760 865 3821 laudet,
878 3760 1197 3825 judicumque
1210 3760 1441 3809 vii-uitem

414 3857 463 3893 et
476 3842 625 3892 fidem
644 3856 741 3891 una
759 3841 1047 3903 coniungat.
1068 3842 1275 3889 'rimam
1292 3840 1441 3903 enlm,

414 3924 579 3987 iuquit
594 3956 611 3982 ‚
650 3922 717 3969 de
748 3919 977 3984 equitate
1014 3930 1173 3967 vestra
1214 3920 1447 3983 concepit

418 4002 703 4067 opinionem
721 4034 738 4061 ,
756 4010 818 4049 ut
842 3998 1065 4063 quanvis
1088 3997 1327 4045 Milonem
1352 3998 1446 4046 aal-

420 4097 535 4129 vum
557 4082 703 4131 *ἀίει
714 4114 733 4143 ,
760 4080 915 4143 legen
930 4088 1101 4129 eontra
1118 4089 1231 4125 eum
1258 4077 1421 4126 tulerit
1432 4111 1450 4138 ,

1515 2511 1628 2560 qua
1651 2494 1866 2544 severior
1893 2496 2204 2558 atrocior-que
2223 2492 2443 2551 videtui-3
2469 2508 2543 2540 ra-

1514 2586 1596 2623 tus
1610 2574 1737 2625 nihil
1751 2574 1877 2623 illud
1895 2573 2248 2640 impediturum
2258 2606 2272 2633 ‚
2285 2573 2410 2638 quin
2427 2586 2540 2621 cum

1515 2654 1616 2705 fide
1633 2670 1738 2706 rem
1759 2653 2058 2717 dijudicetis.
2549 2712 2554 2719 ·

1591 2736 1643 2783 8.
1687 2736 1732 2783 Ε
1749 2731 2122 2801 florentissimis
2157 2730 2426 2781 ordinibus.
2471 2732 2548 2779 Ex

1518 2812 1841 2874 senatoribus,
1853 2813 2104 2877 equitibus
2124 2822 2176 2861 et
2197 2810 2404 2861 tribunis
2423 2826 2549 2860 era-

1517 2894 1610 2953 rii,
1647 2894 1698 2945 h.
1723 2910 1771 2943 e.
1800 2892 1978 2958 populi
1997 2892 2144 2954 flore,
2171 2906 2274 2955 quo
2299 2890 2424 2939 nihil
2440 2906 2546 2938 aau-

1521 2974 1648 3022 etiua
1666 2984 1770 3021 erat
1791 2974 1846 3020 iu
1863 2972 2081 3021 civitate.

1593 3068 1644 3115 9.
1679 3051 1879 3099 Amicos
1911 3068 2062 3100 meos.
2094 3048 2396 3099 Jaetitabant
2431 3049 2552 3099 Clo-

1523 3130 1656 3179 diani
1675 3165 1692 3191 ,
1731 3144 1835 3193 quo
1890 3130 2044 3195 magia
2097 3129 2330 3178 infestum
2367 3128 2550 3177 Miloni

1523 3209 1810 3273 Pompeium
1839 3208 2256 3269 demonstrarent,
2282 3224 2394 3257 eum
2421 3226 2450 3257 e
2465 3209 2550 3270 iu·

1525 3288 1719 3339 dicibun
1757 3288 2012 3337 Ciceronis
2053 3288 2238 3336 amicos
2273 3289 2552 3340 secrevisse.

1525 3370 1618 3417 His
1649 3367 1915 3432 respondet
1943 3379 2128 3430 orator,
2153 3368 2448 3417 secernendo
2476 3369 2552 3417 sa-

1524 3448 1734 3497 miliare·
1753 3446 1814 3495 ab
1831 3446 2025 3505 amicis3
2050 3462 2233 3511 eosque
2253 3446 2346 3496 sibi
2371 3448 2556 3498 amicos

1525 3544 1629 3576 esse
1646 3526 1930 3587 contendit,
1957 3526 2179 3590 quamvis
2193 3542 2302 3575 non
2321 3527 2391 3577 ita
2411 3528 2556 3577 fami-

1525 3607 1670 3655 liare·
1685 3622 1786 3655 eaae
1801 3605 2100 3655 viderentur.

1606 3703 1627 3734 ι
1637 3702 1687 3736 o.
1705 3685 2224 3735 raamias-teocam&
2233 3720 2250 3749 ‚
2260 3684 2551 3750 quibuscum

1529 3766 1662 3815 vivo.

1609 3861 1630 3894 x
1645 3858 1685 3895 1.
1731 3843 2008 3909 Oonjunxe't
2039 3860 2148 3893 cum
2173 3842 2339 3906 honis.
2377 3844 2560 3906 Quam-

1533 3940 1742 3988 cumque
1760 3923 1960 3987 gratiam
1985 3921 2146 3971 habeo
2158 3956 2174 3983 ,
2203 3930 2410 3986 propter
2435 3937 2559 3969 mm-

1535 4004 1785 4070 publicam
1815 4002 2001 4064 habeo,
2035 4016 2138 4050 non
2169 4010 2332 4049 autem
2357 4010 2560 4065 propter

1539 4082 1900 4133 familiaritates.
