2996 4694
555 389 647 485 76
1189 397 1287 463 M.
1339 397 1416 464 T.
1471 397 2025 468 eicssnoms

549 537 768 611 quam
813 515 886 585 in
921 513 1080 600 foro
1117 515 1344 588 vidit?
1383 516 1577 616 qua³
1624 545 1716 591 ex
1762 519 2353 591 concertatione⁴
2396 520 2678 592 animo-

517 625 756 695 rum?
801 629 978 698 Nam
1039 653 1128 698 ex
1179 629 1604 725 pertinacia;
1654 644 1779 701 aut
1830 631 2231 700 constantia
2256 625 2287 672 ⁵
2332 629 2675 702 interces-

549 737 728 807 soris
763 737 995 807 oritur
1029 761 1216 835 soepe
1255 738 1513 810 seditio
1536 794 1555 826 ,
1594 739 1807 838 culpa
1842 753 2060 837 atque
2093 737 2553 837 improbitate
2578 739 2675 811 la·

547 849 755 932 toriS‚
800 848 1190 920 commodo
1223 850 1470 946 aliquo
1507 851 1896 948 imperitis,
1931 863 2055 920 aut
2090 848 2463 945 largitione
2500 873 2672 946 pro-

546 958 820 1054 posita3
858 959 1090 1029 oritur
1125 983 1214 1030 ex
1249 963 1790 1032 concertatione
1822 963 2407 1057 magistratuum3
2444 963 2677 1031 oritur

545 1069 810 1138 sensim
843 1093 930 1138 ex
958 1069 1272 1141 clamore
1300 1071 1613 1167 primum
1634 1125 1653 1158 ‚
1688 1070 1949 1142 deinde
1980 1071 2218 1167 aliqua
2246 1069 2673 1141 discessione

543 1181 953 1264 concionis;
997 1181 1111 1248 vix
1136 1232 1155 1262 ,
1193 1203 1383 1268 ser0,
1432 1195 1507 1252 et
1554 1205 1718 1252 raro
1762 1179 1854 1253 ad
1900 1204 2161 1252 manus
2203 1181 2669 1279 pervenitur:

542 1285 746 1357 nullo
773 1312 946 1359 vero
975 1287 1200 1364 verbo
1231 1287 1438 1376 facto,
1465 1289 1667 1361 nulla
1695 1292 2047 1362 concione
2074 1288 2415 1360 advocata
2432 1342 2450 1375 ‚
2474 1289 2671 1359 nulla

517 1395 700 1492 lege
745 1400 1036 1470 recitata
1075 1401 1504 1472 concitatam
1540 1414 1971 1473 nocturnam
2012 1398 2471 1487 seditionem,
2506 1399 2671 1497 quis

543 1503 864 1577 audivit?

639 1621 748 1688 An
775 1619 1156 1693 verisimile
1183 1637 1323 1710 est,
1362 1638 1445 1695 ut
1473 1623 1644 1695 civis
1670 1643 2048 1708 romanus,
2081 1633 2203 1691 aut
2232 1617 2454 1689 homo
2484 1615 2671 1688 liber

541 1727 927 1824 quisquam
975 1755 1139 1803 cum
1186 1733 1420 1831 gladio
1457 1735 1534 1803 in
1572 1730 1813 1803 forum
1860 1729 2315 1802 descenderit
2361 1740 2527 1797 ante
2560 1725 2670 1796 lu-

540 1859 735 1924 cem,
786 1863 880 1909 ne
924 1838 1014 1910 de
1053 1863 1169 1911 me
1217 1839 1390 1912 ferri
1438 1855 1828 1939 pateretur,
1878 1854 2139 1938 praeter
2184 1860 2350 1921 eoa,
2402 1836 2529 1931 qui
2574 1831 2666 1904 ab

541 1943 670 2015 illo
713 1945 1055 2044 pestifero
1111 1973 1194 2022 ac
1251 1949 1536 2048 perdito
1585 1953 1737 2021 cive
1783 1947 2212 2046 jampridem
2259 1943 2667 2042 reipublicae

539 2059 889 2152 sanguine
944 2057 1452 2158 saginantur-⁶2
1510 2061 1639 2132 Hic
1695 2059 1839 2154 jam
1896 2059 1987 2134 de
2037 2059 2197 2155 ipso
2252 2068 2665 2126 accusatore

537 2189 817 2261 quaem,
859 2169 986 2268 qui
1030 2173 1098 2240 P.
1147 2172 1463 2241 Sextium
1510 2170 1843 2268 queritur
1878 2193 2045 2240 cum
2083 2165 2547 2237 multitudine
2588 2168 2663 2232 in

537 2273 949 2365 tribunatu,
1009 2293 1082 2351 et
1121 2303 1286 2352 cum
1333 2279 1667 2379 praesidio
1718 2302 1981 2377 magno
2015 2277 2275 2365 fuisse3
2320 2299 2495 2346 num
2538 2274 2661 2346 iuo

533 2382 668 2475 die,
699 2386 936 2471 fuerit.
999 2394 1208 2463 Certe
1237 2446 1258 2479 ,
1318 2407 1515 2463 certe
1581 2417 1734 2463 non
1798 2389 1953 2461 fuit.
2018 2392 2220 2475 Victa
2279 2388 2498 2483 igitur
2554 2400 2661 2457 est

529 2520 742 2571 causa
777 2499 1232 2597 reipublicae,
1277 2514 1350 2571 et
1389 2504 1612 2589 victa,
1657 2524 1807 2570 non
1845 2498 2215 2596 auspiciis,
2260 2520 2409 2567 non
2447 2497 2661 2566 inter-

529 2610 889 2695 cessione,
954 2634 1108 2679 non
1147 2607 1539 2704 suffragiis3
1586 2607 1714 2682 sed
1754 2611 1823 2679 vi
1846 2663 1867 2695 ,
1918 2632 2140 2678 manu
2165 2660 2184 2692 ‚
2225 2604 2437 2676 ferro.
2477 2607 2657 2675 Nam

527 2717 586 2784 si
626 2714 1123 2791 obnuntiasset
1151 2718 1476 2790 Fabricio
1513 2722 1573 2791 is
1598 2730 1917 2818 praetort,
1952 2720 2080 2815 qui
2112 2740 2188 2801 se
2218 2738 2531 2786 servasse
2567 2712 2657 2784 de

528 2824 701 2895 caelo
735 2823 1050 2915 dixerat,
1095 2833 1479 2926 accepisset
1512 2828 1915 2927 respublica
1946 2827 2225 2925 plagam
2248 2880 2269 2915 ‚
2306 2824 2429 2896 sed
2464 2849 2657 2912 eam,

529 2957 750 3030 quam
795 2952 1160 3034 acceptam
1199 2962 1483 3037 gemere
1517 2953 1761 3039 posset
1794 2965 1810 3008 :
1864 2939 1923 3010 si
1954 2938 2467 3008 intercessisset
2504 2935 2651 3007 col-

527 3042 685 3141 lega
731 3045 1053 3121 Fabricio
1073 3102 1094 3137 ,
1148 3048 1441 3123 laesisset
1489 3046 2011 3150 rempublicam
2033 3101 2052 3137 ,
2092 3046 2216 3118 sed
2260 3044 2655 3142 rempubli-

596 3186 647 3233 3.
675 3186 892 3235 laabin.
909 3186 1016 3237 sine
1033 3188 1204 3254 aliqua
1220 3206 1264 3239 e.
1286 3192 1411 3239 J.V.
1434 3192 1491 3239 1..
1630 3189 1883 3237 adversum
1903 3188 2225 3250 infestumque
2248 3184 2397 3233 nobis
2410 3222 2425 3247 ,
2446 3198 2613 3232 eornm
2634 3219 2651 3243 ,

596 3272 646 3321 4.
663 3264 1059 3327 Ooreeereaeione,
1080 3280 1175 3317 ete.
1197 3270 1389 3319 Caedem
1409 3267 1542 3316 illam
1630 3284 1755 3332 qnos
1772 3269 1825 3317 Ρ.
1843 3265 2007 3315 Clodii
2028 3266 2163 3313 furor
2182 3264 2387 3329 rapinis,
2411 3274 2460 3311 et
2486 3262 2652 3310 incen-

519 3354 702 3393 tanmn
727 3361 838 3409 qnae
859 3346 910 3394 in
939 3347 1050 3396 foro
1075 3348 1196 3396 faeta
1223 3358 1323 3407 est,
1354 3362 1450 3411 qna
1476 3363 1539 3393 ex
1629 3346 1740 3401 diis,
1755 3356 1803 3394 et
1821 3344 2047 3394 omnibns
2064 3344 2225 3392 exitiis
2238 3342 2447 3408 publicis
2460 3341 2597 3405 pavit
2608 3360 2650 3391 u.

518 3425 878 3473 concertatione
913 3438 1076 3473 natam
1116 3425 1365 3473 vidimus?
1405 3426 1539 3473 nulla
1700 3444 1751 3487 7.
1801 3428 1851 3474 Is
1884 3436 2091 3489 pres-tor.
2142 3422 2195 3471 Si
2230 3433 2409 3485 praetor
2453 3420 2474 3485 (
2505 3435 2651 3482 quein

515 3500 734 3551 scilicet:
760 3503 944 3551 nullam
977 3506 1107 3552 enlm
1146 3514 1231 3553 ant
1265 3504 1537 3563 Fabricius,
1627 3505 1843 3569 Appium
1874 3502 2041 3552 Clodii
2072 3502 2263 3549 fratrem
2292 3498 2648 3565 subintelligit)

515 3589 601 3626 aut
633 3580 825 3644 Cispius
855 3584 1158 3631 occasionem
1194 3598 1373 3647 pugne
1403 3598 1539 3631 com-
1626 3583 1828 3633 dixisset
1861 3598 1913 3629 se
1942 3592 2179 3646 spectasse
2212 3581 2273 3628 de
2306 3580 2456 3635 celo,
2490 3592 2651 3639 neque

515 3658 765 3707 mittenda
779 3660 1114 3723 prebuerunt.
1622 3662 1738 3709 ideo
1758 3678 1871 3709 enm
1891 3660 2081 3727 populo
2106 3661 2185 3723 agi
2211 3674 2355 3725 posse
2370 3694 2384 3716 ,
2406 3674 2521 3705 sane
2542 3656 2649 3704 vul·

585 3736 632 3787 5.
665 3736 978 3803 Pertinacia,
999 3752 1088 3788 ant
1102 3738 1400 3788 conscenda.
1425 3740 1539 3788 Per·
1622 3756 1718 3789 nus
1744 3742 2007 3805 accepisset
2040 3739 2334 3803 respublica,
2356 3735 2442 3785 sed
2459 3750 2649 3801 gemere

511 3816 687 3865 tinacia
711 3850 729 3877 ,
782 3832 934 3880 quum
977 3818 1292 3867 interceditur
1339 3820 1536 3868 salutari
1624 3820 1769 3869 silens
1786 3820 2021 3885 potuisset
2034 3854 2049 3877 ,
2068 3818 2205 3882 quod
2222 3818 2285 3866 de
2300 3832 2379 3865 ine
2394 3817 2651 3863 restituen-

510 3895 630 3959 legi;
653 3896 954 3959 constantia,
985 3912 1135 3961 quum
1159 3898 1462 3963 perniciosae.
1620 3897 1689 3946 do
1720 3910 1837 3947 tune
1866 3899 1943 3963 agi
1974 3912 2073 3944 non
2104 3898 2301 3954 liceret;
2338 3895 2507 3943 saltem
2542 3908 2649 3941 non

507 4006 512 4011 ·
575 3978 624 4026 6.
684 3974 935 4041 Sanguine
980 3978 1321 4042 saginantur?
1374 3977 1530 4026 Simili
1618 3978 1799 4025 civium
1834 3978 2001 4025 funera
2036 3976 2236 4024 vidisset
2258 4012 2272 4034 ‚
2306 3991 2398 4023 nec
2430 3990 2484 4022 ea
2522 3984 2648 4020 esset

507 4054 786 4120 metaphora
805 4054 867 4102 de
879 4054 1051 4103 iisdem
1067 4071 1186 4102 usus
1203 4066 1276 4103 est
1293 4056 1343 4103 in
1363 4072 1416 4103 ea
1435 4072 1529 4121 pro
1617 4056 1789 4104 affecta
1807 4058 1946 4121 plaga
1964 4090 1979 4114 ,
2002 4072 2112 4120 quae
2130 4055 2361 4118 gemitum
2384 4044 2575 4103 omnem
2596 4062 2643 4100 et

505 4132 694 4182 Milone
719 4147 732 4181 ε
767 4154 792 4175 α
813 4134 978 4183 Unum
991 4170 1010 4198 ,
1041 4133 1204 4199 inquit
1221 4168 1235 4193 ,
1265 4150 1413 4201 genus
1455 4146 1526 4184 est
1618 4135 1865 4199 planctum
1887 4143 2158 4200 exsuperat.
