2996 4694
449 385 590 469 448
1093 379 1190 451 Μ.
1243 381 1321 449 Τ.
1375 381 1953 451 CICERONIS

453 507 748 576 miserit.
815 507 1088 572 Verum
1165 504 1228 573 si
1289 505 1683 600 quaerimus
1714 557 1734 590 ‚
1800 501 2019 573 stulte
2065 527 2083 572 ε
2138 503 2319 600 quid
2398 510 2591 577 enim

451 615 839 700 stultiusw,
871 635 1092 710 quam
1123 613 1445 708 equitem
1474 631 1896 699 romanum,
1916 633 2003 682 ex
2034 610 2169 683 hac
2186 612 2373 686 urbe
2391 669 2411 700 ‚
2448 615 2590 686 hu-

423 773 430 782 ·
443 725 598 820 ju's,
622 726 923 821 inquam
943 777 964 809 ,
989 720 1404 819 reipublicae
1439 722 1670 793 civem
1688 775 1709 810 ,
1741 743 1905 818 quae
1931 737 2043 792 est
2065 745 2213 794 una
2244 725 2589 810 maxime,

449 850 522 906 et
556 832 694 905 fuit
729 856 1018 930 semper
1047 830 1314 920 libera,
1351 834 1601 904 venire
1644 833 1721 901 in
1754 855 1925 903 eum
1961 832 2207 904 locum
2230 887 2249 921 ,
2298 834 2429 906 ubi
2462 857 2589 932 pa·

449 943 758 1017 rendum
801 943 1006 1015 alteri
1049 958 1125 1014 et
1165 942 1631 1015 serviendum
1668 943 1799 1012 sit?

543 1057 666 1126 IX.
715 1052 858 1125 Sed
911 1077 1046 1150 ego
1084 1053 1162 1122 in
1213 1051 1357 1123 hoc
1420 1050 1754 1124 tandem¹
1796 1057 2143 1124 Postumo
2192 1075 2345 1125 non
2380 1057 2591 1152 igno·

448 1189 642 1236 scam
661 1217 681 1252 ,
714 1163 994 1234 homini
1027 1161 1490 1234 mediocriter
1516 1161 1772 1249 docto,
1812 1183 1966 1258 quo
1995 1161 2279 1234 videam
2315 1169 2593 1263 sapien·

451 1277 764 1348 tissimos
827 1273 1160 1344 homines
1207 1295 1361 1343 esse
1419 1273 1715 1370 lapsos?
1774 1273 2031 1342 Virum
2084 1297 2317 1345 unum
2370 1277 2592 1346 totius

450 1389 740 1458 Graeciae
795 1381 1000 1454 facile
1067 1381 1601 1468 doctissimum,
1660 1381 2037 1452 Platonem
2060 1391 2091 1424 ²
2113 1437 2133 1469 ,
2200 1384 2591 1481 iniquitate

450 1495 818 1590 Dionysii,
872 1490 1124 1562 Siciliae
1159 1493 1490 1589 tyranni,
1529 1494 1647 1563 cui
1688 1495 1765 1564 se
1816 1492 1939 1563 ille
1980 1497 2475 1580 commiserat,
2512 1495 2591 1565 in

449 1605 778 1675 maximis
823 1601 1166 1698 periculis
1203 1599 1683 1699 insidiisque³
1720 1625 1877 1674 esse
1915 1617 2279 1675 versatum
2318 1608 2595 1702 accepi-

453 1739 664 1801 mus;
735 1711 1244 1784 Callisthenem
1274 1766 1295 1801 ,
1369 1713 1670 1785 doctum
1744 1714 2115 1786 hominem
2154 1769 2174 1802 ,
2251 1718 2591 1787 comitem

455 1827 691 1922 Magni
721 1821 1144 1906 Alexandri,
1173 1822 1268 1894 ab
1296 1822 1707 1895 Alexandro
1730 1838 2105 1911 necatum;
2142 1827 2591 1896 Demetrium

453 1949 527 2008 et
557 1961 647 2006 ex
673 1932 1048 2032 republica
1085 1933 1388 2006 Athenis
1408 1937 1462 2020 4,
1504 1955 1723 2031 quam
1756 1937 2033 2032 optime
2064 1935 2489 2030 digesserat,
2520 1947 2594 2005 et

455 2071 543 2118 ex
587 2043 918 2116 doctrina
959 2043 1280 2115 nobilem
1325 2058 1398 2114 et
1449 2044 1723 2115 clarum
1751 2099 1770 2133 ‚
1808 2045 1937 2142 qui
1974 2043 2362 2115 Phalereus
2405 2046 2595 2116 voci-

453 2170 641 2226 tatus
670 2169 810 2242 est,
841 2157 918 2223 in
953 2153 1208 2224 eodem
1246 2154 1386 2223 isto
1422 2157 1705 2252 AEgypti
1738 2177 1965 2251 regno
1987 2209 2007 2240 ,
2038 2153 2285 2251 aspide
2313 2154 2405 2225 ad
2433 2179 2593 2229 cor-

452 2290 590 2364 pus
624 2263 956 2347 admota,
986 2263 1130 2334 vita
1165 2287 1320 2334 esse
1359 2265 1742 2361 privatum.
1778 2263 1994 2335 Plane
2022 2263 2403 2354 confiteor,
2433 2263 2595 2337 fieri

452 2378 634 2449 nihil
671 2400 886 2474 posse
917 2374 1357 2462 dementiuS,
1401 2397 1621 2472 quam
1660 2376 2005 2447 scientem
2043 2376 2121 2445 in
2150 2400 2319 2447 eum
2350 2375 2591 2447 locum

449 2490 731 2574 venire,
774 2485 906 2556 ubi
943 2483 1348 2556 libertatem
1379 2488 1472 2555 sis
1502 2486 1934 2583 perditurus.
1968 2484 2107 2557 Sed
2135 2485 2353 2579 hujus
2386 2490 2593 2557 istius

455 2596 620 2668 facti
649 2594 1026 2665 stultitiam
1056 2594 1291 2688 major
1317 2593 1466 2688 jam
1490 2598 1825 2691 superior
1850 2595 2149 2667 stultitia
2166 2590 2197 2637 ⁵
2232 2594 2591 2683 defendit3

455 2730 616 2803 quae
683 2702 882 2787 facit,
944 2716 1027 2773 ut
1101 2702 1242 2774 hoc
1311 2703 1807 2775 stultissimum
1869 2702 2185 2794 facinus,
2256 2705 2457 2803 quod
2515 2706 2591 2775 in

453 2838 760 2913 regnum
795 2814 1110 2899 venerit,
1161 2808 1364 2910 quod
1400 2814 1549 2909 regi
1592 2838 1668 2885 se
1709 2814 2189 2899 commiserit,
2228 2816 2593 2912 sapienter

457 2925 727 2997 sactum
785 2948 942 3023 esse
988 2922 1324 2995 videatur
1369 2952 1385 2994 ε
1433 2923 1787 3021 siquidem
1846 2948 1999 2995 non
2053 2922 2247 2995 tam⁶
2306 2948 2595 3024 semper

457 3034 697 3123 stulti,
737 3058 954 3133 quam
1013 3056 1174 3105 sero
1231 3034 1573 3132 sapientis
1632 3048 1771 3122 est,
1827 3060 2053 3131 quum
2103 3036 2403 3107 stultitia
2464 3060 2595 3107 sua

459 3145 849 3244 impeditus
907 3146 1036 3232 sit,
1097 3163 1404 3242 quoquo
1469 3144 1695 3215 modo
1764 3146 2022 3243 possit,
2086 3170 2164 3218 se
2226 3146 2591 3245 expedire.

531 3341 610 3386 ¹7·
637 3322 1131 3389 Quidme'msmlcius.
1149 3323 1479 3373 Callidissimo
1568 3333 1649 3371 tor
1674 3321 1737 3371 do
1763 3323 1989 3383 Platone,
2017 3322 2311 3373 Callisthene
2342 3333 2391 3371 et
2417 3324 2596 3373 Deme—

457 3404 666 3453 consilio
678 3403 846 3451 multis
860 3402 1021 3450 verbis
1039 3402 1314 3451 stultiorem
1331 3416 1478 3467 qnam
1568 3401 1667 3451 trio
1692 3400 1928 3451 Phalereo
1952 3412 2133 3451 narrat.

455 3480 758 3531 callidiorem
797 3482 944 3529 suinae
982 3481 1236 3531 Rabirium
1277 3496 1478 3545 persua-
1637 3484 1693 3531 3.
1746 3480 2037 3545 stuwisque
2083 3498 2207 3531 essu
2258 3482 2482 3532 (ἂι-κύω
2526 3498 2594 3532 ex

457 3564 572 3611 dere
613 3570 838 3609 conatur.
878 3562 996 3610 Non
1034 3560 1166 3608 enim
1210 3560 1321 3623 qnia
1361 3560 1480 3609 cml·
1565 3560 1755 3609 Funcii
1780 3559 1977 3619 codice,
1998 3559 2502 3625 insidiisque-modiis.

457 3642 576 3689 iiiia
605 3654 714 3687 reu·
733 3638 844 3699 ium
869 3654 928 3687 nc
958 3639 1133 3687 merito
1164 3639 1320 3703 pouit
1351 3654 1474 3689 oon-
1638 3648 1687 3695 4.
1726 3636 2035 3703 Digessemc.
2074 3638 2195 3690 soil.
2242 3640 2591 3701 ordinaverat,

461 3716 698 3769 ‹lemn-ri.
1571 3718 1904 3767 oon-timent.

530 3800 628 3847 15..
672 3810 722 3845 ι.
751 3798 816 3863 (a
849 3794 943 3845 Ιιοσ
975 3796 1190 3845 eandam
1217 3798 1409 3847 Eme-t.
1429 3798 1482 3847 in
1642 3800 1691 3847 5.
1734 3800 1849 3845 lam
1895 3799 2117 3863 super-ior
2154 3799 2375 3849 semideis.
2424 3802 2593 3862 Quum

461 3878 554 3927 Ιιοσ
580 3889 765 3925 earnm.
1568 3876 1825 3942 panum
1848 3878 2059 3941 expulso
2088 3877 2191 3942 regi
2216 3888 2265 3927 et
2288 3878 2451 3942 egenti
2488 3892 2591 3927 nou

532 3972 584 4005 a·
645 3956 900 4003 Platonem
923 3986 940 4013 ,
993 3953 1268 4020 iniquitate.
1327 3956 1481 4020 Apud
1568 3955 1720 4005 modo
1736 3970 1899 4016 mm,
1920 3957 2007 4005 sed
2026 3958 2169 4004 etiam
2190 3958 2457 4005 aminon-nm
2478 3970 2591 4005 cre·

459 4037 728 4099 Diogenem
770 4033 1036 4097 leontium,
1081 4032 1392 4083 Plutarchum
1431 4046 1482 4084 ot
1569 4034 1712 4083 didit.

456 4113 628 4160 histor.
655 4112 775 4159 alio·
800 4110 961 4159 videre
983 4123 1078 4171 est,
1104 4110 1238 4177 quod
1265 4112 1346 4161 hic
1373 4128 1478 4161 ora-
1640 4116 1691 4163 6.
1718 4114 1833 4162 Non
1856 4125 1959 4162 eam
1980 4126 2183 4176 semper.
2213 4114 2393 4175 abe-t,
2412 4128 2531 4165 non.
