2996 4694
465 355 605 426 360
1112 358 1208 424 M.
1261 357 1338 424 T.
1391 354 1949 424 CICERONIS

463 471 660 548 lum⁸
700 476 962 548 domus
991 501 1188 564 mea,
1223 474 1351 547 sed
1399 487 1633 546 totum
1673 472 2038 563 Palatium,
2066 490 2321 548 senatu
2342 529 2363 560 ‚
2392 480 2600 574 equi-

459 585 656 658 tibus
689 587 1040 673 romanis,
1072 587 1358 659 civitate
1385 586 1588 658 omni
1610 639 1631 673 ,
1658 585 1859 656 Italia
1892 600 2190 674 cuncta,
2224 584 2599 676 refertum,

459 721 688 793 quum
727 711 810 766 tu
855 721 1006 768 non
1051 697 1272 768 modo
1309 694 1398 766 ad
1444 721 1613 768 eum
1651 697 2075 768 Ciceronem
2116 697 2363 792 (mitto
2404 701 2597 770 enim
2644 721 2651 728 ·

462 805 892 893 domestica,
949 831 1111 903 quae
1157 808 1400 904 negari
1453 820 1793 904 possunt3
1820 805 1997 884 ,haec
2062 831 2597 895 commemoro,

463 942 625 1014 quae
657 931 826 988 sunt
863 917 1092 1015 palam
1124 918 1152 1013 )
1191 943 1338 990 nou
1379 917 1643 1002 modo,
1692 920 1989 1014 inquam
2013 972 2030 1003 ,
2078 919 2169 990 ad
2220 943 2389 993 eum
2416 975 2439 1006 ‚
2484 925 2599 992 cui

461 1029 762 1124 primam
816 1029 1122 1100 comitiis
1164 1033 1306 1098 tuis
1334 1027 1635 1100 dederas
1667 1025 2041 1098 tabulam9
2084 1033 2597 1128 praerogativae,

460 1163 680 1236 quem
735 1140 808 1210 in
855 1143 1589 1212 senatu'sententiam
1652 1135 1959 1236 rogabas
2006 1141 2333 1228 tertium,
2384 1165 2599 1210 num·-

459 1273 681 1346 quam
717 1248 1145 1348 adspirasti,
1199 1247 1325 1320 sed
1361 1247 1708 1322 omnibus
1749 1250 2063 1323 consiliis
2090 1305 2109 1337 ‚
2154 1275 2315 1346 quae
2358 1250 2447 1322 ad
2488 1275 2602 1322 me

460 1361 1023 1459 opprimendum
1069 1358 1533 1457 parabantur,
1578 1383 1726 1430 non
1765 1357 2148 1432 interfuisti
2180 1359 2417 1430 solum
2440 1415 2459 1448 ‚
2488 1386 2604 1432 ve·

460 1495 624 1540 rum
673 1472 886 1541 etiam
929 1470 1415 1542 crudelissime
1456 1467 1823 1569 pra-fuisti.

561 1583 678 1651 VI.
713 1579 894 1650 Mihi
931 1605 1106 1652 vero
1133 1582 1310 1678 ipsi,
1343 1605 1585 1652 coram
1619 1605 1889 1678 genero
1915 1589 2156 1667 meo¹‚
2185 1583 2605 1679 propinquo

463 1706 631 1778 tuo,
686 1715 853 1787 quae
903 1690 1144 1764 dicere
1192 1715 1410 1764 ausus
1459 1691 1579 1764 es?
1620 1695 1885 1788 Egere,
1922 1688 2097 1761 foris
2135 1700 2333 1762 esse'
2382 1689 2603 1762 Gabi·-

467 1802 706 1887 nium;
749 1803 905 1874 sine
965 1802 1334 1899 provincia
1371 1815 1559 1872 stare
1601 1827 1751 1871 non
1794 1825 2050 1898 posse;
2094 1825 2297 1898 spem
2334 1799 2605 1872 habere

469 1937 506 1980 a
535 1910 833 1984 tribuno
868 1911 1210 2010 plebis‚si
1238 1927 1362 1983 tua
1392 1913 1691 1984 consilia
1718 1935 1882 1982 cum
1920 1911 2041 1985 illo
2074 1912 2608 2007 conjunxisses3

473 2047 512 2092 a
539 2037 794 2094 senatu
834 2022 1134 2119 quidem
1173 2021 1587 2119 desperasse
1612 2019 1682 2108 ³3
1720 2019 1936 2116 hujus
1976 2035 2045 2090 te
2078 2019 2457 2118 cupiditati
2488 2017 2609 2090 ob·

473 2133 720 2230 sequi,
759 2136 967 2204 sicuti
1012 2157 1148 2230 ego
1186 2132 1509 2212 fecissem
1547 2135 1621 2202 in
1660 2131 1931 2228 collega
1971 2155 2173 2214 meo;
2214 2130 2393 2202 nihil
2420 2155 2609 2217 esse,

476 2241 672 2339 quod
708 2241 1116 2340 praesidium
1143 2243 1525 2314 consulum
1554 2242 2047 2340 implorarem3
2079 2240 2213 2312 sibi
2242 2265 2609 2337 quemque

471 2353 854 2427 consulere
885 2368 1245 2453 oportere.
1291 2358 1523 2450 Atque
1556 2354 1708 2429 haec
1742 2351 1981 2424 dicere
2024 2353 2141 2423 vix
2180 2352 2433 2423 audeo·
2470 2356 2610 2423 Ve-

469 2490 661 2553 reor,
685 2489 776 2537 ne
797 2470 928 2562 qui
955 2469 1045 2536 sit
1063 2518 1083 2547 ‚
1119 2465 1249 2562 qui
1277 2466 1484 2535 istius
1512 2464 2290 2560 insignemznequitiam
2310 2517 2329 2551 ,
2356 2460 2613 2538 frontis

479 2662 663 2716 capeto
698 2650 826 2714 leges
855 2650 974 2699 AElia
1011 2662 1060 2699 et
1099 2648 1233 2699 Fufia
1274 2650 1503 2715 deflagra-

479 2741 625 2791 runt,
679 2744 791 2793 qua
835 2730 964 2793 leges
1008 2732 1223 2794 auspicia
1268 2732 1502 2779 haetenus

479 2825 662 2856 summ·
693 2809 924 2873 religione
949 2822 1136 2860 servata
1162 2810 1498 2859 continebant.

551 2890 600 2937 8.
623 2890 752 2937 Erat
774 2906 872 2938 non
895 2892 1071 2947 soleam.
1093 2894 1258 2955 Quum
1285 2888 1504 2954 plerique

479 2986 647 3018 omnes
676 2986 734 3018 ex
758 2983 956 3029 senatu,
987 2982 1035 3019 et
1061 2970 1272 3034 equestri
1301 2968 1501 3030 ordine,

479 3066 636 3115 neque
654 3050 812 3099 solum
832 3068 894 3099 ex
916 3050 1158 3099 veteribus
1183 3048 1396 3109 civibus,
1415 3050 1503 3097 sed

477 3131 624 3180 etiam
642 3147 698 3179 ex
723 3132 858 3179 Italia
885 3141 1000 3195 post
1023 3128 1203 3177 bellum
1223 3129 1402 3177 sociale
1429 3146 1504 3179 re·

479 3226 593 3259 cens
623 3212 674 3259 in
712 3212 957 3259 civitatem
993 3209 1280 3273 adscriptis,
1311 3211 1374 3257 ita
1407 3211 1503 3261 fre-

479 3300 685 3355 quenter
701 3290 870 3339 auxilii
890 3288 1180 3353 consiliique
1193 3290 1342 3339 dandi
1362 3305 1503 3339 causa

481 3370 682 3419 domum
703 3384 855 3417 meam
878 3369 1196 3417 convenirent
1211 3404 1226 3429 ,
1251 3380 1305 3417 ut
1328 3369 1508 3417 redun-

481 3451 628 3499 dante
656 3448 966 3497 multitudine
989 3459 1146 3497 totum
1175 3460 1388 3496 montem
1417 3450 1507 3495 P·-

476 3531 699 3589 latinum,
715 3529 767 3577 in
787 3544 888 3593 quo
905 3546 1008 3579 mea
1028 3529 1204 3578 domus
1223 3540 1316 3586 est,
1331 3527 1507 3591 opple-

481 3620 588 3657 rent
610 3621 625 3656 ε
655 3624 918 3672 numquam
939 3609 1170 3657 accedere
1200 3618 1404 3657 conotus
1421 3624 1501 3666 es,

483 3701 540 3737 ut
564 3689 723 3737 amico
749 3688 1083 3752 indignissime
1115 3697 1290 3735 vexato
1317 3686 1506 3749 aliquid

481 3768 592 3833 opis
616 3768 790 3817 comat
817 3769 1030 3816 asset-res.

553 3866 611 3911 9.
653 3848 872 3897 Dederas
915 3846 1152 3894 tabulam.
1194 3845 1292 3909 Qui
1320 3845 1396 3916 γε]
1427 3861 1507 3893 eo-

479 3928 629 3977 mitiis
651 3916 918 3993 praetant,
957 3924 1034 3975 vel
1062 3924 1226 3976 saltem
1256 3925 1342 3988 qui
1368 3935 1505 3975 erant

479 4007 750 4063 candidati,
790 4017 1026 4069 quantum
1066 4003 1222 4066 liquet
1263 4020 1323 4051 ex
1359 4004 1501 4053 Cice-

475 4104 622 4147 rone,
653 4084 798 4135 alicui
825 4102 886 4133 ex
911 4082 1080 4131 amieis
1113 4080 1320 4131 honoris
1359 4100 1501 4133 causa

1590 2641 1792 2715 f'vrimnm
1819 2639 2158 2714 praerogativa
2181 2648 2394 2698 tabulam
2426 2650 2612 2699 defere-

1590 2728 1737 2787 bant,
1766 2740 1823 2777 ut
1855 2728 1939 2777 ille
1966 2730 2155 2793 primus
2181 2732 2233 2777 in
2262 2732 2578 2794 praerogativa
2601 2765 2615 2787 ‚

1591 2822 1739 2874 atque
1781 2809 1907 2857 adeo
1950 2810 2003 2856 iu
2046 2810 2165 2857 totis
2210 2810 2422 2858 comitiis
2472 2810 2617 2858 ferret

1594 2890 1893 2953 suffragium.
1915 2889 2232 2953 Pmrogntiv·
2255 2889 2341 2937 ina
2358 2902 2461 2939 erat
2472 2926 2489 2952 ,
2506 2906 2615 2954 qun

1594 2970 1748 3034 prima
1773 2969 2058 3016 sententiam
2086 2969 2285 3018 serebat.

1662 3052 1751 3099 Vi.
1786 3065 1834 3101 1.
1866 3048 2057 3097 Genera
2080 3064 2209 3097 meo.
2235 3050 2294 3098 C.
2316 3049 2617 3110 Pisone,eui

1591 3130 1801 3179 Tulliam
1825 3128 2097 3177 ducendam
2121 3128 2333 3177 dederat.

1668 3224 1718 3259 a.
1740 3208 1923 3273 Ege-7²0,
1933 3206 2069 3271 foe-is
2094 3224 2199 3257 esse
2226 3207 2509 3257 Gabinium.
2539 3210 2619 3256 In-

1594 3300 1833 3353 ter-pretor
1848 3304 1947 3337 non
1967 3304 2070 3337 esse
2092 3291 2143 3335 in
2160 3289 2261 3335 suis
2284 3290 2515 3345 nummis,
2530 3288 2617 3335 sed

1596 3370 1647 3417 in
1684 3384 1786 3417 cre
1824 3368 1982 3415 alieno
2000 3402 2017 3428 ,
2050 3368 2189 3431 quod
2234 3366 2481 3417 debitores
2514 3384 2617 3415 non

1596 3448 1784 3511 possint
1829 3445 1970 3495 facile
2015 3446 2150 3495 domi
2188 3462 2289 3495 sum
2324 3446 2549 3495 inveniri.

1668 3529 1717 3577 3.
1742 3529 1789 3576 A
1812 3540 1913 3573 sen.
1944 3542 1991 3589 q.
2012 3526 2299 3589 desperasse.
2317 3527 2435 3575 Non
2458 3526 2549 3573 fuit
2567 3524 2618 3571 iu

1596 3616 1834 3670 potestate
1858 3616 2055 3653 senatus
2072 3605 2117 3653 ei
2136 3604 2437 3669 provinciam
2468 3604 2615 3652 dene-

1594 3700 1706 3748 gare
1742 3698 1756 3735 :
1802 3700 1913 3733 nam
1969 3684 2159 3749 legibus
2206 3684 2379 3748 populi
2430 3684 2616 3733 romani

1594 3762 1877 3813 consulibus
1956 3764 2221 3829 designatis
2300 3762 2619 3813 decernendae

1593 3854 1727 3891 erant
1748 3844 2029 3907 provinciae.
2058 3846 2185 3892 Puto
2212 3844 2377 3907 igitur,
2403 3843 2500 3890 hoe
2523 3858 2617 3907 po-

1592 3923 1690 3971 tius
1723 3921 1787 3971 ad
1812 3935 2095 3973 ornamenta
2118 3922 2489 3987 provinciarum
2513 3938 2619 3986 per·

1596 4004 1774 4058 tinere,
1825 4004 1977 4053 veluti
2021 4004 2083 4053 nd
2140 4003 2405 4053 exereitum
2450 4014 2495 4051 et
2538 4020 2617 4067 pe-

1590 4082 1799 4133 cuniam.
