2996 4694
495 401 631 474 272
1138 373 1235 440 Μ.
1284 373 1359 438 Τ.
1414 368 1982 439 CICERONIS

488 523 657 570 nam
712 497 929 567 etiam
986 497 1067 564 L.
1122 489 1461 563 Lucullus
1515 487 1684 560 ille⁵
1743 487 2050 560 viveret!
2107 493 2288 581 Quae
2324 489 2622 566 fuerunt

484 608 872 680 inimicitia:
936 605 1295 702 graviores
1351 604 1430 671 in
1494 601 1779 671 civitate
1797 653 1817 683 ,
1869 623 2090 696 quam
2143 601 2617 676 Lucullorum
2695 659 2700 664 .

489 735 707 816 atque
749 713 1255 788 Serviliorum?
1308 735 1487 808 quas
1530 713 1604 780 in
1646 711 1813 780 viris
1859 707 2259 782 fortissimis
2303 737 2458 784 non
2499 739 2618 785 so-

490 830 643 901 lum
680 827 1017 900 exstinxit
1058 820 1472 919 reipublicae
1515 819 1858 916 dignitaS,
1913 833 1985 888 et
2031 817 2445 917 ipsorumss,
2493 821 2616 894 sed

490 940 705 1010 etiam
731 934 825 1007 ad
842 934 1225 1006 amicitiam
1250 927 1998 1025 consuetudinemque
2021 929 2357 1002 traduxit.
2387 932 2621 1022 Quid?

490 1051 582 1139 Q.
624 1044 958 1118 Metellus
1010 1045 1253 1139 Nepos
1271 1051 1324 1128 ⁷,
1369 1062 1618 1110 nonne
1671 1038 1927 1110 consul
1982 1041 2060 1108 in
2106 1041 2380 1139 templo
2426 1045 2622 1115 Iovis

492 1160 787 1257 optimi,
828 1154 1159 1239 maximi,
1200 1154 1574 1248 permotus
1608 1173 1840 1246 quum
1885 1152 2308 1223 auctoritate
2345 1169 2621 1240 vestra,

490 1285 648 1340 tum
710 1267 899 1356 illius
960 1268 1037 1334 P.
1100 1261 1375 1333 Servilii
1428 1258 1839 1332 incredibili
1895 1263 2242 1358 gravitate
2293 1261 2618 1350 dicendi,

488 1377 751 1450 absens
792 1395 1119 1460 mecum,
1164 1395 1452 1444 summo
1490 1395 1626 1442 suo
1663 1369 2020 1442 beneficio
2043 1425 2064 1460 ,
2106 1372 2319 1445 rediit
2354 1375 2430 1444 in
2467 1399 2623 1472 gra-

490 1487 705 1560 tiam?
731 1489 843 1556 An
868 1507 1004 1580 ego
1030 1505 1327 1580 possum
1359 1481 1533 1553 huic
1561 1505 1712 1552 esse
1741 1483 2106 1570 inimicus,
2131 1483 2338 1578 cujus
2365 1484 2621 1574 literis,

488 1596 715 1682 fama,
762 1593 1031 1664 nuntiis
1081 1590 1542 1664 celebrantur
1583 1616 1792 1662 aures
1831 1592 2158 1688 quotidie
2199 1617 2377 1664 meae
2411 1596 2622 1666 novis

488 1701 907 1777 nominibus
924 1702 1250 1800 gentium
1267 1755 1287 1788 ,
1310 1702 1688 1772 nationum
1705 1756 1725 1790 ,
1753 1704 2073 1774 locorum
2089 1695 2120 1772 ’ἓ
2139 1703 2378 1774 Ardeo
2393 1759 2414 1790 ,
2441 1705 2622 1776 mihi

487 1814 797 1902 credite,
858 1825 1097 1911 patres
1150 1815 1546 1909 conscripti
1607 1809 1726 1905 (id
1783 1811 1984 1909 quod
2035 1827 2314 1884 vosmet
2360 1813 2452 1884 de
2479 1837 2622 1885 ·me

486 1925 904 1998 existimatis
932 1975 953 2008 ‚
1014 1936 1088 2004 et
1144 1918 1373 1992 facitis
1442 1921 1584 2020 ipsi
1611 1916 1639 1963 ⁸
1670 1922 1738 2015 )‚
1820 1921 2224 1994 incredibili
2299 1922 2616 2019 quodam

490 2061 739 2109 amore
792 2034 1040 2132 patriae
1074 2058 1091 2101 ε
1142 2034 1267 2129 qui
1314 2056 1431 2102 me
1474 2054 1677 2102 amor
1723 2045 1798 2102 et
1845 2029 2230 2104 subvenire
2275 2032 2448 2104 olim
2485 2035 2622 2103 im-

486 2143 977 2247 pendentibus
1017 2143 1351 2239 pet-iculis
1384 2141 1758 2211 maximis⁹
1794 2165 1962 2212 cum
2003 2141 2467 2214 dimicatione
2509 2165 2623 2213 ca·

485 2259 690 2359 pitis,
744 2269 819 2326 et
868 2275 1159 2325 rursum
1183 2261 1272 2339 ¹⁰,
1324 2274 1552 2346 quum
1608 2251 1857 2322 omnia
1909 2251 2050 2324 tela
2097 2253 2424 2351 undique
2468 2277 2622 2325 esse

486 2371 763 2440 intenta
801 2368 877 2435 in
922 2366 1223 2462 patriam
1262 2360 1576 2431 viderem
1599 2415 1618 2447 ‚
1664 2360 1908 2433 subire
1946 2366 2222 2460 coegit,
2255 2377 2474 2463 atque
2505 2388 2624 2434 ex-

488 2481 726 2578 cipere
768 2498 999 2548 unum
1044 2496 1181 2570 pro
1226 2472 1596 2543 universis.
1635 2475 1769 2543 Hic
1804 2498 1924 2545 me
1959 2497 2164 2545 meus
2205 2478 2282 2544 iu
2321 2498 2618 2572 rempu-

484 2590 750 2660 blicam
796 2588 1076 2656 animus
1120 2584 1466 2678 pristinus
1508 2606 1591 2653 ac
1635 2585 1972 2680 perennis
2016 2608 2184 2654 cum
2221 2588 2301 2655 C.
2344 2588 2622 2655 Caesa're

485 2696 804 2782 reducit,
834 2690 1245 2764 reconciliat
1264 2744 1285 2779 ,
1323 2692 1634 2767 restituit
1667 2694 1744 2763 in
1779 2694 2096 2791 gratiam.
2130 2690 2348 2784 Quod
2374 2692 2624 2767 volent

492 2806 807 2901 denique
826 2858 847 2891 ‚
886 2800 1221 2871 homines
1250 2802 1659 2875 existiment
1683 2812 1784 2889 ¹¹3
1828 2804 2104 2873 nemini
2142 2826 2278 2899 ego
2324 2826 2622 2900 possum

492 2939 645 2987 esse
680 2913 871 2985 bene
909 2909 999 2981 de
1033 2908 1411 3008 republica
1436 2912 1745 2984 merenti
1779 2935 1924 2982 non
1961 2912 2254 2982 amicus„

560 3084 613 3132 5.
651 3078 875 3130 Lucullus
928 3078 1029 3128 1710.
1078 3078 1332 3144 Emphasis
1349 3113 1366 3141 ,
1395 3082 1512 3145 quia
1599 3078 1743 3130 Adde
1773 3079 1909 3144 quod
1943 3096 2049 3127 eam
2078 3080 2270 3130 laudem
2303 3080 2526 3131 homines
2554 3082 2622 3131 li·

490 3165 647 3213 fuerat
672 3162 753 3209 ille
779 3174 993 3207 summus
1012 3158 1293 3223 imperator,
1320 3172 1369 3209 et
1394 3161 1514 3209 civis
1600 3160 1792 3209 beatius
1838 3158 1976 3207 alteri
2025 3161 2304 3209 concedunt
2320 3194 2337 3221 ,
2386 3163 2526 3224 cnjus
2567 3178 2621 3210 ne

490 3240 806 3297 clarissimus,
825 3238 911 3301 qni
930 3237 1259 3287 Mithridatem
1282 3250 1329 3287 et
1346 3240 1517 3303 Tign-
1599 3238 1860 3304 participes
1878 3239 1982 3286 foro
1997 3239 2296 3304 intelligunt.

491 3338 602 3370 nem
623 3334 756 3383 reges
776 3316 1139 3381 potentissimos
1158 3318 1420 3383 superavit.
1673 3334 1724 3382 9.
1757 3318 1987 3367 Pericula}
2017 3318 2271 3371 maximis.
2308 3322 2370 3370 In
2401 3318 2623 3370 Cutiliae

558 3398 609 3447 6.
646 3398 841 3446 Lallem.
885 3407 1001 3461 post
1049 3398 1299 3447 Graevimn
1314 3431 1331 3456 ‚
1382 3412 1510 3461 resp.
1603 3398 1954 3458 conjuratione.

488 3477 835 3543 dignitatisque
851 3474 938 3542 ips.
964 3478 1013 3526 J.
1032 3478 1098 3523 V.
1126 3478 1178 3525 1..
1680 3491 1758 3524 to.
1799 3478 1864 3525 Et
1893 3492 2099 3527 mmm.
2129 3478 2306 3527 Pisone
2332 3490 2382 3527 et
2405 3476 2622 3529 Gabinio

563 3576 612 3617 7.
659 3558 720 3620 Q.
764 3556 983 3604 Metellus
1030 3556 1208 3618 Nepos.
1245 3550 1373 3601 Vide
1419 3569 1515 3618 pro
1602 3554 1913 3613 consulibus,
1950 3572 2102 3619 quum
2140 3558 2272 3604 exire
2316 3556 2378 3605 de
2423 3556 2622 3606 civitate

490 3638 676 3695 Sextio,
694 3650 786 3700 cap
816 3634 918 3694 62;
944 3643 1058 3699 post
1083 3627 1315 3682 Raditum
1344 3632 1397 3679 in
1428 3635 1514 3681 So-
1601 3635 1800 3697 maluit,
1839 3652 1984 3701 qum
2023 3640 2357 3697 committere,
2395 3650 2452 3686 ut
2497 3636 2620 3687 boni

489 3728 606 3764 natu
630 3749 646 3775 ,
675 3731 721 3763 c.
744 3730 777 3778 9
794 3725 844 3763 et
866 3724 958 3773 103
992 3727 1084 3779 pro
1104 3714 1271 3760 Domo
1287 3726 1397 3771 sua,
1416 3722 1510 3759 etc.
1599 3730 1710 3762 cum
1737 3714 1974 3781 improbis
2003 3716 2304 3767 dimicarent.
2337 3720 2412 3766 De
2439 3734 2490 3766 re
2516 3718 2622 3783 ipsa

560 3790 611 3843 8.
650 3792 827 3841 Facitis
874 3792 987 3857 ipsi.
1032 3792 1108 3840 Ne
1147 3788 1410 3854 superbum
1447 3792 1511 3839 sit
1599 3793 1712 3843 vide
1753 3810 1846 3860 pro
1889 3798 2052 3844 Domo
2073 3830 2089 3855 ,
2128 3810 2223 3861 pro
2261 3796 2462 3846 Plancio
2477 3832 2494 3859 ‚
2525 3812 2622 3862 pro

486 3888 700 3921 amorem
743 3869 1021 3935 reipublice
1056 3868 1151 3917 sibi
1192 3884 1308 3933 prae,
1338 3872 1514 3919 ceteris
1599 3874 1764 3923 Sextio
1781 3908 1797 3935 ,
1817 3876 1869 3921 in
1893 3874 2134 3925 Pisonem.

486 3966 734 4015 arrogare,
758 3960 862 3997 eam
886 3947 1079 3995 laudem
1096 3946 1402 3996 senatoribus
1422 3950 1513 3997 im·
1677 3968 1754 4001 11.
1798 3954 1952 4019 Quod
1969 3954 2165 4005 volent.
2187 3989 2200 4003 .
2221 3992 2235 4005 .
2267 3954 2486 4004 lton-ines
2515 3954 2624 4003 αἱ·

485 4030 661 4095 pertit,
684 4040 743 4077 ut
770 4038 819 4076 et
846 4040 1015 4075 eorum
1040 4025 1134 4075 sibi
1163 4028 1362 4092 gratiam
1391 4043 1511 4078 cou-
1598 4032 1802 4081 seimane.
1839 4031 1979 4081 Plato
2005 4033 2057 4079 in
2085 4034 2320 4082 Critone:
2349 4056 2374 4075 ··
2391 4033 2504 4083 Non
2532 4050 2625 4083 cu·

486 4108 646 4165 ciliet,
690 4116 741 4154 et
775 4104 1011 4155 invidi-m
1046 4121 1073 4154 ι
1112 4123 1163 4155 se
1203 4106 1506 4172 dupreoetnr.
1597 4110 1802 4159 randum
1822 4120 1896 4159 est
1920 4108 2042 4174 qnid
2069 4111 2246 4159 dictati
2263 4111 2362 4161 nint
2389 4112 2451 4160 de
2477 4113 2622 4162 nobis
