2996 4694
581 399 868 469 ORAT.
921 399 1056 467 DE
1105 398 1402 469 PRov.
1453 397 2285 469 CONSULARIBUS.
2378 420 2514 491 277

389 520 912 596 offensionem?
941 536 1184 594 utrum
1233 520 1423 620 apud
1473 520 1871 620 populum,
1920 546 1960 591 a
1998 544 2147 616 quo
2186 520 2439 589 missus
2460 517 2516 603 ⁵,

390 658 480 705 an
509 632 704 730 apud
732 647 1094 717 senatum,
1129 657 1170 703 a
1204 656 1354 728 quo
1379 646 1677 702 ornatus
1704 628 1911 701 est⁶?
1942 654 2031 699 an
2071 628 2225 699 dies
2244 640 2271 684 ⁷
2306 644 2519 725 auget

389 742 544 837 ejus
569 742 1047 814 desiderium?
1074 766 1164 812 an
1194 742 1420 837 magis
1449 740 1889 812 oblivionem
1906 794 1926 824 ,
1956 763 2037 811 ac
2066 739 2305 809 laurea
2330 736 2447 809 illa
2466 732 2523 823 ⁸,

387 855 665 950 magnis
716 852 1052 951 periculis
1099 864 1341 949 parta,
1379 851 1641 921 amittit
1675 848 1899 946 longo
1941 847 2315 919 intervallo
2354 848 2520 915 viri-

391 960 730 1034 ditatem?
770 966 1044 1055 Quare,
1083 967 1144 1035 si
1177 964 1308 1059 qni
1339 962 1713 1035 hominem
1740 984 1893 1031 non
1922 959 2229 1057 diligunt
2242 971 2301 1047 9,
2342 956 2523 1028 nihil

391 1086 533 1162 est,
578 1070 780 1168 quod
836 1095 1004 1143 eum
1060 1070 1151 1143 de
1207 1072 1575 1168 provincia
1634 1070 2009 1141 devocent.
2062 1068 2163 1139 Ad
2218 1068 2523 1166 gloriam

391 1180 788 1267 devocant,
871 1179 964 1251 ad
1039 1180 1490 1278 triumphum
1517 1235 1537 1269 ,
1598 1178 1689 1251 ad
1766 1180 2319 1273 gratulationem
2344 1232 2364 1263 ,
2434 1177 2525 1247 ad

390 1313 756 1361 summum
821 1290 1178 1363 honorem
1241 1306 1533 1362 senatus
1553 1345 1573 1375 ,
1631 1292 1985 1387 equestris
2044 1287 2321 1359 ordinis
2372 1312 2525 1384 gra-

389 1400 559 1470 tiam
585 1453 604 1484 ,
649 1397 906 1497 populi
961 1402 1348 1471 caritatem.
1422 1399 1591 1483 Sed,
1642 1400 1706 1469 si
1744 1399 1867 1469 ille
1903 1397 2037 1470 hac
2075 1412 2221 1469 tam
2264 1398 2527 1468 eximia

391 1505 685 1579 fortuna
717 1563 738 1596 ‚
817 1523 1119 1607 propter
1185 1510 1567 1580 utilitatem
1640 1506 2055 1606 reipublicae
2080 1562 2101 1595 ‚
2165 1505 2311 1578 frui
2372 1532 2525 1578 non

391 1632 732 1716 properat
755 1672 776 1707 ,
809 1634 897 1691 ut
928 1620 1172 1691 omnia
1211 1619 1328 1691 illa
1365 1617 1702 1691 conficiat
1736 1644 1751 1687 t
1813 1616 1991 1715 quid
2048 1642 2183 1715 ego
2242 1634 2525 1689 senator

391 1725 624 1799 facere
657 1728 892 1800 debeo
918 1783 939 1816 ,
975 1752 1238 1825 quem,
1277 1734 1553 1800 etiamsi
1599 1728 1719 1799 ille
1756 1726 1949 1799 aliud
1988 1728 2239 1815 vellet,
2275 1730 2519 1825 reipu-

390 1835 594 1908 blicae
639 1839 1020 1910 consulere
1063 1840 1486 1936 oporteret?

487 1953 642 2044 Ego
683 1972 860 2017 vero
895 1952 996 2019 sic
1034 1946 1360 2044 intelligo
1382 2001 1402 2034 ,
1443 1960 1685 2045 patres
1726 1946 2157 2043 conscripti,
2200 1971 2336 2017 nos
2382 1947 2525 2019 hoc

393 2071 722 2154 tempore
775 2058 852 2126 in
908 2058 1296 2155 provinciis
1345 2055 1856 2143 decernendiS‚
1916 2068 2285 2152 perpetuae
2330 2058 2526 2154 pacis

395 2165 663 2238 habere
705 2182 1044 2265 oportere
1077 2169 1453 2240 rationem.
1495 2168 1683 2237 Nam
1727 2169 1889 2263 quis
1924 2165 2063 2237 hoc
2098 2190 2251 2237 non
2284 2168 2524 2254 sentit,

465 2318 517 2368 5.
546 2320 598 2367 A
631 2336 735 2385 qno·
767 2319 952 2368 mc'ssus.
991 2320 1116 2386 Lege
1140 2321 1337 2369 Vatinia
1363 2332 1414 2370 et
1501 2318 1637 2385 qnod
1666 2320 1843 2368 factum
1870 2318 2087 2370 defendit
2117 2318 2356 2368 clarorum
2386 2320 2522 2367 viro-

390 2399 566 2464 populi
589 2401 776 2448 romani
798 2400 1039 2464 suffragiis
1057 2433 1072 2459 ,
1097 2401 1275 2464 quibus
1293 2400 1410 2448 Gal·-

389 2477 502 2527 liam
522 2479 792 2526 citeriorem
816 2479 967 2528 Italioe
984 2480 1282 2541 adjacentem
1300 2495 1412 2528 cum

390 2557 595 2624 Illyrico
614 2557 830 2607 obtinuit
848 2559 898 2606 in
917 2560 1322 2622 quinquennium.

460 2637 512 2683 6.
550 2637 600 2682 A
639 2651 734 2700 quo
771 2648 976 2684 ornatus
1012 2647 1100 2686 ese.
1139 2637 1410 2686 Multorum

389 2713 578 2763 alierum
623 2715 1092 2780 supplicationibus,
1137 2717 1408 2781 stipendio,

391 2793 556 2840 decem
575 2793 766 2857 legatis.

457 2873 515 2932 ¹7.
546 2873 626 2919 An
652 2873 754 2921 dies
781 2885 929 2940 auget
950 2873 1055 2940 ejus
1080 2871 1410 2923 desider-iiam?

389 2949 697 3000 Diuturnitas
721 2953 966 3002 absentiae.

464 3029 514 3076 8.
553 3031 745 3078 bam-m
779 3031 890 3081 illa.
930 3033 1012 3080 Au
1043 3029 1225 3095 gloria,
1265 3047 1412 3096 quam

391 3115 468 3155 tot
506 3107 776 3172 insignibus
821 3111 1038 3159 victoriis
1083 3121 1411 3174 consequutus

390 3192 493 3241 est,
517 3185 620 3247 ipsa
644 3187 878 3251 temporis
903 3187 1262 3252 longinquitate
1284 3203 1410 3236 con-

391 3263 596 3311 senescit
610 3299 626 3324 ,
650 3264 940 3328 obsolescit,
963 3277 1013 3314 et
1035 3266 1086 3314 in
1110 3265 1412 3314 oblivionem

391 3341 568 3388 unnim
591 3342 848 3392 adducitur
861 3345 884 3391 P

463 3434 514 3482 9.
560 3419 614 3466 Si
643 3421 732 3485 qm'
765 3421 1006 3471 hominem
1045 3439 1142 3472 non
1183 3423 1408 3490 diligunt.

391 3496 605 3546 Adverte
624 3499 720 3546 vim
739 3501 976 3560 oratoris,
997 3514 1046 3550 et
1063 3503 1407 3551 exuberantem

387 3577 634 3624 rationum
657 3579 866 3642 copiam.
891 3581 1228 3645 Interpellatus
1250 3583 1409 3630 fuerat

389 3663 440 3702 et
457 3655 729 3713 incusatus,
747 3655 884 3719 quod
903 3658 1136 3706 Coesarem
1159 3676 1186 3707 e
1206 3659 1407 3724 provin-

391 3733 466 3780 cia
485 3749 586 3781 non
603 3745 882 3792 revocaret,
899 3751 926 3781 a
946 3751 1044 3798 quo
1065 3747 1226 3785 tamen
1246 3737 1407 3785 omnis

387 3809 442 3858 in
460 3812 742 3861 Ciceronem
771 3822 1029 3877 tempestas
1053 3815 1205 3864 fuera't
1222 3817 1409 3864 excita·

387 3900 468 3948 ta3
517 3907 663 3955 quam
702 3891 1028 3952 objectionem
1069 3893 1215 3940 variis
1247 3893 1408 3942 modis

390 3968 553 4019 diluit.
591 3971 754 4019 Primo
795 3969 1112 4019 concedendo
1151 3989 1203 4020 se
1249 3972 1408 4020 adhuc

389 4063 491 4098 esse
515 4051 714 4099 Coesaris
741 4051 1023 4110 inimicum3
1049 4061 1158 4099 tum
1191 4049 1404 4099 dicendo

391 4143 445 4175 ae
481 4127 758 4179 iuimicitias
786 4129 1068 4195 nipublicoe
1103 4129 1406 4190 condonat-03

1500 2415 1609 2446 rum
1656 2399 1909 2462 exemplo,
1960 2399 2164 2448 Canai-is
2212 2399 2425 2458 meritis,
2474 2410 2525 2449 et

1500 2489 1693 2526 senatus
1733 2477 2054 2540 auctoritate3
2093 2490 2195 2526 tum
2240 2477 2378 2542 quod
2422 2480 2523 2539 jam

1498 2567 1611 2604 ante
1628 2557 1689 2604 ad
1715 2556 1999 2620 dignitatem
2019 2557 2217 2606 Cesaris
2245 2558 2394 2605 multa
2415 2558 2521 2605 siue

1497 2623 1785 2699 cujusquam
1811 2635 2203 2700 interpellatione
2236 2635 2521 2685 decreverit.

1495 2714 1643 2763 Nunc
1682 2717 1911 2778 quoniam
1954 2715 2161 2779 perfecti
2202 2715 2396 2763 demum
2443 2727 2522 2765 est

1496 2794 1730 2850 oratoris,
1756 2809 1811 2840 ea
1834 2809 1945 2858 qua
1970 2804 2140 2842 contra
2168 2794 2323 2844 facere
2343 2795 2521 2842 viden·

1495 2879 1595 2930 tur,
1622 2871 1677 2918 in
1706 2887 1849 2920 usum
1882 2889 2039 2920 cause
2072 2889 2173 2921 σου
2208 2883 2491 2922 convertere
2508 2909 2526 2931 ‚

1496 2959 1570 3009 et,
1592 2960 1649 2997 ut
1673 2951 1868 3008 dicitur,
1891 2951 2215 3000 adversarium
2242 2952 2406 3016 gladio
2428 2969 2519 3001 suo

1492 3029 1713 3092 iugulare
1728 3037 1755 3088 ,⁶
1775 3031 1975 3078 assumit
2002 3031 2154 3094 ipsam
2184 3029 2519 3095 interpellato-

1496 3107 1565 3154 ris
1592 3109 1843 3156 rationem.
1872 3111 2037 3172 Quum
2053 3109 2181 3156 euim
2198 3109 2279 3156 ille
2306 3123 2367 3156 eo
2393 3121 2520 3158 esset

1500 3196 1786 3250 argumento
1804 3203 1947 3244 usus,
1974 3188 2035 3235 ab
2064 3187 2261 3236 infensis
2288 3197 2335 3236 et
2354 3189 2521 3236 inimi-

1500 3264 1572 3312 cis
1602 3265 1779 3314 conari
1817 3265 2157 3329 imperatorem
2196 3280 2307 3312 eum
2339 3281 2367 3312 e
2401 3283 2521 3331 pro·

1497 3343 1659 3390 vincia
1678 3344 2025 3400 revocandum,
2050 3354 2098 3390 et
2116 3343 2177 3390 ab
2196 3347 2433 3405 exercitu,
2452 3346 2519 3406 ab

1500 3421 1756 3470 occasione
1800 3421 1958 3470 laudis
2003 3423 2364 3484 amovendum3
2406 3441 2518 3490 qna

1495 3501 1696 3564 agenda
1730 3511 1890 3564 partes
1928 3501 2153 3550 Ciceroni
2186 3502 2314 3562 sint,
2342 3515 2517 3569 utpote

1495 3581 1696 3630 Casan-is
1716 3595 1815 3627 non
1833 3579 2055 3628 studioso
2076 3593 2091 3628 t
2110 3581 2237 3629 hanc
2258 3594 2425 3632 orator
2441 3601 2523 3632 ar-

1489 3659 1613 3724 ripit
1630 3661 1881 3714 rationem,
1896 3670 1947 3708 et
1961 3659 2201 3709 vibratum
2222 3660 2275 3709 in
2293 3677 2345 3711 se
2366 3663 2515 3711 telum

1493 3737 1750 3801 reciproco
1792 3737 1927 3786 velut
1971 3739 2158 3804 impetn
2198 3751 2447 3805 retorquet
2489 3759 2519 3790 e

1497 3817 1767 3865 contrario.
1786 3817 1839 3863 Si
1862 3832 1973 3864 eum
2000 3817 2063 3866 de
2090 3818 2345 3882 provincia
2370 3819 2517 3867 devo·

1494 3906 1626 3944 earet
1667 3895 1995 3958 adversarius,
2039 3901 2083 3945 is
2120 3899 2275 3961 ipsius
2314 3899 2516 3946 Casan-is

1493 3973 1787 4023 utilitatibus
1827 3985 1875 4022 et
1912 3977 2081 4040 gloriae
2117 3975 2393 4024 consuleret
2412 4011 2429 4036 ,
2474 3978 2516 4024 is

1491 4069 1604 4100 eum
1646 4053 1709 4102 ad
1742 4053 2069 4119 triumphum,
2095 4055 2157 4104 ad
2196 4054 2369 4119 populi
2410 4070 2517 4119 gra-

1495 4131 1615 4181 tiam
1641 4132 1915 4182 devocaret.
