2996 4694
465 334 607 430 498
1113 336 1212 402 Μ.
1263 335 1340 402 Τ.
1393 334 1952 405 CICERONIS
2054 338 2061 345 ’

465 458 660 527 ultor
705 457 1021 549 injuriae,
1067 455 1366 552 punitor
1401 453 1673 525 doloris
1704 458 1837 525 sui.
1871 453 2106 545 Quid,
2134 456 2195 525 si
2222 454 2412 542 haec,
2446 480 2603 528 non

457 566 662 653 (lico,
697 567 968 661 majora
1001 562 1301 635 fuerunt
1335 568 1406 633 in
1443 563 1735 652 Clodio,
1770 588 1988 660 quam
2022 566 2099 633 in
2132 564 2441 651 Milone,
2474 566 2601 637 sed

463 680 540 747 in
581 676 704 747 illo
759 678 1110 758 maxima,
1154 674 1352 745 nulla
1401 676 1476 743 in
1527 673 1713 745 hoc?
1762 673 1942 771 quid
1982 676 2197 745 vultis
2246 675 2604 773 amplius?

457 786 890 877 Quid·enim
938 782 1575 855 odisset-Clodium
1624 784 1835 873 Milo,
1890 797 2205 881 segetem
2248 808 2333 855 ac
2380 798 2603 855 mate-

455 898 632 969 riam
673 921 822 967 suae
861 894 1140 991 gloriae,
1179 909 1442 991 praeter
1467 893 1611 964 hoc
1648 894 1853 965 civile
1880 892 2131 965 odium
2151 890 2237 982 ¹³,
2268 918 2419 991 quo
2448 918 2601 965 om-

457 1032 588 1079 nes
629 1004 1008 1104 improbos
1060 1004 1399 1076 odimus?
1447 1004 1577 1075 me
1612 1019 1772 1075 erat
1808 1018 1891 1075 ut
1940 1004 2241 1091 odisset,
2282 1006 2599 1103 primum

453 1116 915 1191 defensorem
951 1113 1200 1187 salutis
1247 1138 1460 1202 meae3
1516 1113 1782 1186 deinde
1834 1120 2250 1187 vexatorem
2295 1112 2556 1186 furoris
2576 1169 2597 1201 ,

449 1226 890 1299 domitorem
931 1248 1300 1295 armorum
1338 1248 1679 1311 suorum3
1716 1238 2085 1321 postremo
2123 1225 2337 1293 etiam
2385 1248 2601 1295 accu-

453 1353 766 1409 satorem
813 1358 1054 1407 suum.
1109 1339 1300 1405 Reus
1345 1336 1539 1405 enim
1582 1334 1874 1407 Milonis
1924 1334 2081 1432 lege
2116 1334 2423 1406 Plotia¹⁴
2462 1332 2601 1405 fuit

453 1446 793 1532 Clodius,
828 1441 1076 1542 quoad
1125 1446 1323 1514 vixit.
1365 1447 1535 1534 Quo
1568 1444 1861 1517 tandem
1898 1447 2146 1516 animo
2180 1444 2327 1531 boc·
2352 1460 2599 1541 tyran-

455 1582 636 1629 num
677 1556 924 1627 tulisse
980 1550 1320 1626 credi-tis?
1372 1571 1737 1652 quantum
1775 1556 2027 1627 odium
2068 1556 2304 1640 illius,
2354 1570 2463 1642 et,
2516 1558 2597 1625 in

453 1668 751 1739 homine
793 1662 1171 1761 injusto¹⁵,
1205 1690 1428 1763 quam
1467 1668 1683 1738 etiam
1719 1664 2129 1763 justumffi?

546 1780 734 1847 XIV.
783 1774 1170 1873 Reliquum
1229 1786 1410 1864 est¹‚
1471 1792 1558 1847 ut
1603 1778 1755 1872 jam
1802 1776 2005 1848 illum
2054 1790 2309 1848 natura
2366 1776 2593 1874 ipsius

447 1885 1052 1983 consuetudoque
1119 1884 1495 1974 defendat,
1564 1887 1761 1959 hunc
1821 1902 2065 1959 autem
2124 1886 2282 1959 haec
2338 1885 2595 1959 eadem

444 2010 892 2094 coarguant:
955 1995 1136 2065 nihil
1185 2021 1323 2093 per
1375 1998 1523 2067 vim
1574 2020 1923 2094 umquam
1978 1996 2315 2083 Clodius,
2354 2000 2599 2068 omnia

447 2130 580 2204 per
621 2108 773 2175 vim
809 2105 1007 2175 Milo.
1051 2105 1253 2197 Quid
1301 2130 1509 2203 erge,
1544 2106 1873 2203 judices?
1913 2130 2183 2203 quum,
2220 2108 2601 2176 moerenti-

447 2216 588 2289 bus
617 2214 898 2302 vobis²,
935 2214 1115 2286 urbe
1139 2218 1353 2304 cessi,
1379 2217 1835 2326 judiciumne
1864 2216 2121 2321 timui?
2146 2240 2297 2285 non
2328 2238 2597 2301 servos,

450 2353 602 2400 non
631 2352 865 2415 arma,
899 2351 1053 2400 non
1087 2328 1231 2398 vim
1251 2324 1329 2397 ³?
1361 2330 1539 2418 Quae
1570 2326 1821 2460 fuisset
1848 2329 2068 2425 igitur
2100 2330 2355 2398 causa4
2388 2328 2593 2399 resti·

451 2575 704 2626 Clodianis
727 2575 876 2623 diluit
898 2575 994 2623 hoc
1017 2575 1153 2638 ipso,
1172 2574 1310 2638 quod
1327 2539 1480 2641 gloria

453 2654 658 2702 Milonis
702 2669 790 2716 per
827 2652 1116 2717 quotidiana
1152 2653 1324 2702 Clo‘dii
1363 2655 1481 2702 faci-

452 2747 578 2782 nora
623 2743 860 2780 creverat.
910 2757 980 2768 -
1027 2731 1158 2779 Fuit.
1195 2733 1278 2780 Sic
1317 2747 1484 2781 omues

455 2811 608 2861 rai-t.
643 2811 793 2860 codd.
818 2809 948 2857 olim
962 2807 1108 2876 fecit.

534 2891 619 2939 13.
654 2889 798 2939 Civile
825 2888 1010 2956 odium.
1041 2889 1226 2938 Odium
1253 2889 1377 2938 illud
1403 2907 1486 2939 na·

457 2981 570 3020 tura
603 2970 827 3029 insitum,
857 2985 957 3033 quo
989 2968 1111 3017 boni
1135 2983 1306 3017 omues
1331 2969 1484 3018 malos

457 3059 834 3115 prosequuntur.
847 3033 1033 3112 Magno
1051 3063 1168 3096 saue
1183 3049 1348 3098 Clodii
1365 3049 1483 3098 odio

459 3131 586 3179 Milo
624 3129 886 3194 flagrabat,
926 3128 1014 3198 sed
1051 3126 1177 3175 illud
1215 3141 1382 3178 orator
1416 3129 1486 3176 ita

460 3209 618 3258 oeulis
655 3208 884 3270 subjicit,
919 3217 974 3255 ut
1005 3207 1186 3256 Miloni
1211 3223 1342 3258 nova
1381 3209 1486 3256 laus

459 3287 576 3336 iude
599 3287 886 3336 efflorescat.

539 3373 626 3422 14.
643 3369 766 3432 Lege
785 3365 963 3415 Ploeia.
991 3367 1068 3413 M.
1095 3367 1286 3414 Plotius
1311 3367 1488 3433 Sylva-

460 3461 554 3494 uus
581 3444 806 3494 tribunus
827 3446 983 3510 legem
1009 3445 1186 3495 tulerat
1201 3481 1218 3503 ,
1253 3435 1348 3509 qua
1365 3463 1480 3495 san-

463 3527 616 3575 eitum
641 3534 768 3583 erat,
793 3535 850 3572 ut
879 3523 944 3571 de
973 3525 1080 3584 eius
1106 3526 1266 3589 eapite
1292 3541 1480 3590 quere.

459 3617 612 3664 retur,
633 3603 721 3669 qui
747 3604 846 3652 vim
876 3604 932 3651 in
960 3603 1082 3651 alios
1110 3604 1322 3655 fecisset.
1354 3605 1484 3655 Mile

459 3695 622 3734 autem
651 3683 742 3731 hae
767 3682 876 3746 lege
899 3681 1129 3731 Clodium
1163 3684 1218 3730 iu
1237 3685 1481 3745 judicium

458 3761 653 3812 vocavit
671 3797 688 3822 ,
706 3763 820 3826 quia
841 3762 1208 3826 impressionem
1233 3764 1411 3812 fecerat
1428 3765 1480 3810 in

455 3842 624 3890 fabros
649 3840 903 3892 Cieerouis
931 3839 1130 3890 domum
1155 3841 1480 3902 udifioeutu,

456 3937 602 3986 quam
619 3921 726 3986 ipse
747 3919 976 3970 diruerat.
1008 3931 1016 3940 ·

533 4003 616 4050 15.
631 4001 841 4048 Homine
859 3999 1058 4066 injusto.
1081 4000 1222 4049 Adeo
1248 3998 1476 4049 Clodium

453 4081 720 4128 insectatus
749 4081 1050 4143 erat.Milo‚
1095 4091 1152 4128 ut
1187 4079 1264 4126 vir
1299 4077 1381 4126 hie
1423 4080 1478 4127 in

1568 2579 1743 2626 ceteris
1765 2579 2002 2640 injustus,
2030 2578 2231 2628 haberet
2269 2579 2402 2628 unde
2438 2579 2592 2628 mlo-

1571 2675 1683 2706 nem
1708 2670 1840 2706 certe
1858 2660 1995 2720 justo
2020 2658 2141 2707 odio
2168 2670 2559 2723 persequeretur.

1652 2739 1731 2786 ιδ.
1762 2740 1969 2786 Iustum.
1988 2741 2124 2787 Vett.
2146 2735 2259 2784 edd.
2282 2749 2397 2802 post
2406 2737 2597 2803 justum

1572 2817 1848 2878 adjecerant
1872 2832 1997 2875 esse,
2019 2813 2284 2879 velfuisse.
2304 2817 2353 2865 J.
2369 2818 2435 2865 V.
2457 2813 2521 2864 L.

1601 2883 1607 2890 '
1646 2897 1787 2943 xlv,
1818 2911 1866 2943 ι.
1888 2894 2136 2960 Reliquum
2164 2905 2255 2944 m.
2272 2897 2465 2943 Itonion
2482 2893 2598 2944 cto-

1572 2971 1649 3022 dii
1694 2975 2076 3022 moderationem
2118 2979 2169 3024 et
2206 2973 2455 3039 placidum
2488 2975 2597 3022 aui·

1572 3069 1706 3102 mum
1727 3053 1937 3102 extollit.

1646 3149 1697 3183 a.
1722 3136 1907 3197 Quum,
1928 3134 2233 3182 merentibus
2255 3133 2411 3182 vobis.
2426 3135 2595 3197 Quum

1573 3213 1781 3262 Clodius
1804 3207 2104 3276 rogationem
2130 3211 2245 3262 tulit
2264 3247 2279 3271 ,
2310 3223 2366 3261 ut
2394 3213 2448 3260 iu
2470 3213 2597 3260 exsi-

1574 3291 1695 3340 lium
1720 3292 1893 3341 Cicero
1914 3291 2199 3356 pelleretur,
2224 3301 2407 3341 mutata
2434 3301 2593 3350 veste,

1576 3363 1821 3420 senatores
1844 3370 2033 3419 luctum
2064 3387 2121 3420 ao
2155 3371 2432 3420 moestitiam
2458 3387 2595 3420 suam

1572 3453 1737 3499 testati
1761 3461 1891 3498 sunt.

1642 3529 1691 3576 3.
1709 3530 1824 3576 Non
1840 3527 1963 3576 vim.
1986 3531 2173 3593 Sponte
2190 3543 2275 3576 sua
2296 3528 2349 3576 iu
2366 3527 2596 3576 exsilium

1570 3606 1745 3655 Cicero
1784 3605 2040 3670 profectus
2076 3614 2179 3664 est,
2232 3605 2305 3654 uti
2338 3604 2497 3654 cedes
2536 3621 2597 3654 ae

1572 3683 1839 3734 discordias
1878 3683 2075 3733 vitaret.
2112 3687 2293 3733 Sensus
2328 3693 2437 3734 est·
2476 3685 2595 3734 Nou

1572 3764 1711 3812 timui
1736 3763 2007 3825 iudicium·
1992 3795 2009 3822 ,
2048 3765 2134 3812 sed
2152 3779 2357 3823 servos,
2390 3778 2522 3810 arma
2544 3774 2595 3812 et

1568 3844 1667 3892 vim
1688 3841 1857 3892 Clodii
1877 3843 2038 3894 timui.

1639 3931 1692 3978 4.
1724 3923 1905 3972 Causa.
1931 3925 2123 3972 Bruest.
2150 3921 2310 3970 edidit
2330 3935 2484 3968 eausa
2506 3921 2591 3981 ju-

1566 4013 1671 4060 sta,
1710 4017 1739 4050 e
1764 4002 1857 4050 ΜΒ
1892 4001 2117 4051 Fabricii.
2146 4000 2283 4050 Idem
2306 3999 2487 4049 delevit
2508 3999 2591 4061 οἱ,

1566 4081 1705 4144 quod
1732 4083 1903 4145 pri-e
1928 4081 2045 4133 edd.
2066 4097 2173 4132 uon
2190 4089 2477 4146 agnoscunt.
