2996 4694
749 395 1134 466 ORATIO
1176 397 1380 464 PRO
1428 398 1508 465 T.
1553 399 1633 466 A.
1687 399 2122 471 MILONE.
2363 399 2500 476 515

369 516 517 610 ipsa
561 527 669 584 tot
701 526 851 586 tam
878 514 1087 586 claris
1121 520 1564 612 argumentis
1607 520 1976 617 signisque
2019 521 2294 612 luceat,
2321 550 2509 624 pura

368 637 613 694 mente
640 637 860 720 atque
886 628 1163 728 integra
1184 625 1562 713 Milonem,
1593 628 1797 699 nullo
1822 630 2092 702 scelere
2114 631 2507 725 imbutum,

368 731 577 802 nullo
628 747 829 804 metu
869 737 1365 830 perterritum,
1412 736 1610 806 nulla
1653 742 2098 812 conscientia
2140 748 2510 820 exanima-

370 856 525 912 tum
551 895 570 928 ,
622 846 926 914 Romam
991 848 1369 916 revertisse
1404 857 1469 934 ¹3
1541 849 2065 936 recordamini,
2133 877 2266 950 per
2336 857 2510 930 deos

373 953 845 1026 immortales!
889 980 1051 1052 quae
1084 954 1303 1027 fuerit
1338 957 1665 1029 celeritas
1697 961 1976 1032 reditus
2009 964 2202 1057 ejus3
2243 970 2369 1063 qui
2404 968 2511 1038 ih-

372 1087 657 1159 gressus
684 1067 760 1135 in
794 1064 1071 1152 forum,
1104 1065 1403 1138 ardente
1432 1069 1675 1156 curia;
1710 1093 1870 1166 quae
1909 1075 2333 1169 magnitudo
2361 1081 2513 1148 ani-

374 1178 513 1262 mi,
556 1179 687 1273 qui
734 1178 1009 1262 vultus,
1060 1202 1218 1275 quae
1268 1180 1501 1250 oratio
1519 1190 1572 1249 ².
1611 1183 1870 1278 Neque
1907 1205 2084 1253 vero
2121 1208 2198 1255 se
2235 1191 2515 1285 populo

372 1285 644 1370 solum,
702 1287 827 1358 sed
884 1290 1095 1358 etiam
1163 1292 1442 1358 senatui
1490 1291 1892 1377 commisit;
1937 1313 2179 1388 neque
2221 1305 2508 1369 senatui

372 1396 631 1484 mod0‚
672 1398 801 1469 sed
838 1401 1058 1470 etiam
1096 1396 1407 1496 publicis
1446 1399 1786 1490 praesidiis
1823 1414 1896 1470 et
1931 1401 2230 1490 armis-³3
2273 1431 2513 1505 neque

374 1505 487 1577 his
533 1523 850 1596 tantum,
894 1533 1145 1580 verum
1190 1509 1403 1579 etiam
1434 1511 1588 1603 ejus
1625 1512 1964 1606 potestati
1978 1509 2034 1596 ⁴,
2075 1514 2194 1584 cui
2223 1532 2516 1589 senatus

376 1631 597 1688 totam
624 1617 1167 1717 rempublicam
1190 1671 1209 1704 ,
1266 1642 1560 1688 omnem
1605 1619 1822 1690 Italiae
1877 1619 2152 1717 pubem
2175 1677 2194 1709 ,
2255 1641 2519 1698 cuncta

378 1727 632 1824 populi
688 1731 970 1799 romani
1023 1743 1221 1798 arma
1274 1732 1750 1799 commiserat.
1805 1732 1938 1800 Cui
2004 1756 2402 1830 numquam
2444 1763 2521 1808 se

375 1836 495 1908 hic
560 1836 891 1933 profecto
950 1834 1391 1923 tradidisset,
1441 1839 1579 1906 nisi
1623 1861 1852 1908 causae
1896 1863 2042 1910 suae
2082 1843 2521 1932 confideret3

378 1947 777 2042 praesertim
834 1951 1077 2016 omnia
1120 1946 1442 2016 audienti
1462 1935 1520 2030 ⁵,
1563 1969 1824 2042 magna
1858 1953 2254 2038 metuenti,
2294 1957 2524 2027 multa

378 2056 807 2152 suspicanti,
832 2055 1187 2126 nonnulla
1212 2055 1561 2126 credenti.
1592 2058 1850 2152 Magna
1879 2060 1986 2128 vis
2014 2055 2123 2128 est
2149 2067 2521 2137 conscien—

379 2165 531 2250 tiae,
556 2163 867 2258 judices„
908 2179 979 2235 et
1005 2189 1263 2261 magna
1296 2169 1375 2234 in
1398 2179 1790 2261 utramque
1815 2182 2134 2263 partem;
2169 2185 2251 2239 ut
2275 2197 2518 2270 neque

378 2277 703 2363 timeant,
722 2278 849 2373 qui
876 2275 1057 2344 nihil
1078 2275 1597 2362 commiserint,
1625 2288 1700 2345 et
1728 2299 2018 2372 poenam
2048 2301 2332 2378 semper
2357 2301 2524 2357 ante

380 2385 633 2456 oculos
656 2388 919 2457 versari
962 2400 1257 2484 putent,
1298 2388 1427 2483 qui
1454 2386 1841 2483 peccarint.

475 2498 730 2593 Neque
772 2522 943 2567 vero
986 2498 1139 2567 sine
1168 2498 1449 2568 ratione
1488 2510 1718 2581 certa,
1755 2521 1968 2568 causa
2005 2499 2298 2572 Milonis
2332 2528 2520 2576 sem-

384 2630 515 2703 per
549 2632 590 2677 a
624 2621 875 2678 senatu
910 2606 1211 2706 probata
1241 2621 1369 2677 est.
1400 2604 1766 2676 Videbant
1791 2610 1984 2677 enim
2014 2612 2519 2706 sapientissimi

380 2716 713 2789 homines
762 2716 925 2788 facti
972 2713 1401 2801 rationem6,
1444 2718 1899 2814 praesentiam
1951 2720 2212 2809 animi,
2267 2719 2520 2795 defen-

452 2872 647 2920 xxm.
677 2888 721 2921 1.
746 2874 951 2919 Romam
977 2870 1245 2919 revertisse.
1272 2871 1406 2917 Post·
1494 2868 1749 2929 collocati,
1781 2881 1866 2918 aut
1895 2888 2132 2919 summam
2147 2907 2163 2932 ,
2205 2890 2294 2938 per
2327 2890 2524 2926 senatu·

382 2964 529 3011 quam
558 2960 723 2997 orator
747 2950 978 2999 omnibns
995 2949 1155 2997 modis
1177 2963 1406 3012 compro·
1494 2947 1770 3009 decretum,
1808 2951 2072 3013 Pompeius
2104 2962 2396 3014 potestatem
2433 2956 2524 3004 ha-

382 3026 517 3075 bevit
552 3028 753 3077 insidiae
779 3030 957 3077 Miloni
989 3046 1015 3076 a
1044 3028 1223 3077 Clodio
1258 3028 1405 3075 fuisse
1491 3025 1658 3088 ὕοι-οῖς
1682 3027 1769 3074 sed
1787 3028 1924 3089 qnod
1945 3042 2008 3075 ex
2025 3028 2150 3075 urbe
2171 3044 2272 3077 non
2294 3030 2526 3084 discesso-

382 3117 618 3165 structae,
648 3108 976 3155 innocentiam
1014 3106 1214 3155 Milonis
1246 3106 1405 3153 reditu

381 3200 471 3232 sno
488 3199 527 3243 ,”
546 3196 595 3233 et
633 3188 782 3235 animi
812 3186 1193 3249 tranquillitate,
1220 3184 1403 3232 confir·

382 3278 513 3311 mere
543 3266 836 3328 aggreditur.
866 3265 1077 3313 Reditns
1109 3264 1405 3313 celeritatem

378 3343 529 3411 iactat
556 3354 741 3405 orator,
758 3346 845 3407 qni
872 3360 977 3393 non
1004 3344 1127 3392 adeo
1148 3354 1407 3408 promptus

382 3422 505 3469 fuit:
544 3437 655 3470 nam
680 3423 813 3471 curie
836 3424 1031 3471 incense
1058 3434 1133 3470 est
1166 3422 1405 3487 postridie

382 3502 516 3548 necis
560 3500 755 3559 Clodii,
792 3513 843 3550 et
884 3501 978 3550 hae
1025 3512 1217 3549 tentum
1257 3510 1405 3549 noete

380 3578 511 3627 Milo
529 3582 737 3627 Romam
758 3580 969 3643 repetiit.

456 3674 505 3706 a.
536 3660 657 3721 Qua
680 3658 857 3707 oracio.
887 3662 1051 3722 Quum
1074 3658 1205 3705 curin
1226 3656 1409 3705 confla-

382 3748 571 3802 gni-et,
597 3738 915 3801 omniumque
944 3737 1093 3785 enimi
1118 3736 1181 3783 ad
1206 3734 1413 3785 eeditIo-

382 3832 497 3865 nem
533 3817 897 3865 concitarentur
916 3849 931 3873 ,
980 3816 1106 3863 Milo
1140 3817 1411 3863 oratione-

382 3894 576 3955 habnlt,
595 3912 693 3960 qna
712 3894 1127 3944 vehementissime
1144 3895 1413 3944 Clodi-noe

384 3987 457 4023 en
482 3974 763 4023 insecutus.

458 4055 509 4103 3.
546 4052 789 4102 Proesidae’is
822 4064 873 4100 ee
904 4051 1075 4101 amis.
1116 4052 1231 4101 Non
1276 4052 1415 4116 quod

391 4134 491 4191 iam
518 4142 678 4181 cuent
701 4131 877 4183 deuoti
900 4130 1109 4190 milites,
1146 4132 1277 4180 etin
1303 4132 1415 4180 foro

1492 3105 1558 3153 rit
1573 3141 1589 3165 ,
1615 3120 1776 3169 neque
1795 3105 2038 3165 iudicium
2065 3106 2344 3158 voluntario
2370 3112 2524 3163 decli-

1492 3182 1681 3231 naverit
1707 3182 1900 3231 exsilio.

1568 3271 1616 3319 4.
1662 3262 1784 3325 Ejus
1829 3262 2080 3325 potestati.
2133 3264 2350 3331 Pompeii
2369 3304 2384 3326 ,
2439 3274 2521 3321 eui

1492 3339 1764 3389 cavendum
1805 3350 1906 3389 erat
1925 3375 1942 3400 ,
1981 3356 2044 3388 ne
2082 3343 2204 3406 quid
2243 3345 2520 3400 detrimenti

1494 3418 1768 3483 respublica
1795 3430 2004 3484 caperet.

1567 3501 1620 3548 5.
1658 3498 1837 3547 Omnia
1872 3498 2109 3550 audienti.
2147 3502 2324 3553 Nullos
2350 3512 2526 3574 populi

1495 3594 1715 3625 rumores
1733 3579 2016 3643 negligenti.
2038 3606 2110 3617 -—
2129 3584 2391 3634 Noun-ulla
2419 3606 2526 3638 ere-

1496 3657 1648 3705 denti.
1669 3660 1793 3721 Qnae
1813 3660 1913 3707 eint
1933 3676 1986 3707 ea
2000 3696 2015 3719 ,
2040 3660 2239 3711 inferius
2258 3666 2490 3729 explanat
2505 3708 2520 3733 ,

1498 3751 1606 3800 cap.
1627 3738 1713 3796 24.
1825 3788 1831 3795 ,

1571 3816 1622 3865 6.
1649 3814 1792 3863 Facti
1813 3816 2070 3865 rationem.
2097 3822 2145 3866 A
2167 3831 2340 3869 natura
2367 3824 2526 3873 Milo-

1501 3896 1578 3942 nis
1599 3906 1794 3943 senatus
1817 3898 2139 3958 pmmnebnt
2166 3900 2262 3947 tale
2290 3902 2526 3964 quiddam

1503 3984 1813 4034 eventurum
1851 3990 1961 4021 nam
1997 3992 2186 4023 summa
2220 3980 2370 4026 animi
2412 3997 2534 4030 con·

1503 4052 1678 4102 mnu·
1698 4051 1843 4101 latins
1869 4055 2102 4115 grauati
2129 4054 2308 4105 Clodio
2336 4074 2528 4125 semper

1506 4131 1780 4181 obstiterat.
