2996 4694
503 343 641 427 ωε
1139 345 1234 412 Μ.
1287 347 1362 412 T.
1417 347 1965 417 cmEnoms

499 465 768 534 tissime
801 467 1038 548 torsit,
1088 488 1314 561 quum
1347 465 1569 538 modo
1594 467 1849 552 vellae,
1882 466 2103 537 modo
2139 467 2441 540 nolles¹.
2472 472 2623 539 Lex

493 576 686 646 enim
742 576 990 672 generi
1031 572 1185 645 tui³
1239 589 1314 646 et
1367 576 1695 662 decerni,
1749 589 1823 647 et
1870 578 2197 674 accipere
2218 583 2247 632 ⁴
2283 575 2576 650 vetabat
2600 631 2622 661 ,

495 685 630 755 nisi
681 684 975 756 decreto
1025 685 1420 783 triumpho.
1463 693 1551 757 In
1594 711 1743 784 quo
1791 700 1907 774 tu,
1944 703 2235 785 accepta
2272 703 2513 759 tamen
2550 703 2623 758 et

491 791 830 866 devorata
873 797 1213 892 pecunia,
1249 809 1334 866 ut
1377 796 1455 866 in
1489 793 1913 867 Achaeorum
1961 811 2255 867 centum
2292 796 2577 868 talentis
2600 849 2621 882 ,

493 929 825 976 evomere
851 919 999 986 non
1024 919 1312 1002 poteras
1341 933 1358 974 ε
1385 905 1741 977 vocabula
1770 918 2051 976 tantum
2068 903 2097 948 ⁵
2132 907 2623 1003 pecuniarum,

489 1029 564 1086 et
603 1039 868 1111 genera
901 1013 1252 1086 mutabas.
1292 1016 1507 1086 Mitto
1542 1013 1935 1112 diplomata
1966 1029 2119 1086 tota
2152 1017 2227 1084 in
2254 1016 2625 1112 provincia

488 1125 750 1222 passim
785 1124 984 1212 data3
1029 1129 1240 1196 mitto
1283 1148 1673 1196 numerum
1720 1119 2083 1209 navium⁶,
2120 1146 2622 1219 summamque

483 1234 740 1332 praedae
761 1247 826 1320 ⁷3
855 1235 1064 1304 mitto
1091 1234 1446 1304 rationem
1469 1235 1700 1304 exacti
1726 1234 2207 1332 imperatique
2236 1230 2622 1316 frumenti3

483 1344 696 1416 mitto
747 1359 1064 1440 ereptam
1123 1341 1532 1414 libertatem
1594 1342 1922 1441 populis,
1984 1366 2066 1414 ac
2114 1342 2451 1440 singulis,
2492 1341 2621 1439 qui

483 1471 691 1526 erant
729 1453 966 1525 affecti
1007 1454 1315 1550 praemiis
1357 1454 1823 1542 nominatim,
1861 1477 2175 1549 quorum
2236 1452 2423 1524 nihil
2470 1465 2619 1538 est,

477 1562 680 1659 quod
707 1587 858 1632 non
894 1565 984 1632 sit
1025 1561 1178 1660 lege
1201 1567 1240 1632 J
1246 1562 1424 1648 ulia,
1465 1587 1559 1634 ne
1596 1562 1755 1634 fieri
1786 1562 2025 1649 liceat,
2066 1565 2421 1634 sancitum
2460 1559 2619 1634 dili·

479 1686 751 1769 genter.
809 1672 1136 1744 AEtoliam
1161 1727 1181 1759 ,
1231 1697 1395 1770 quae
1463 1671 1713 1770 procul
1768 1698 1809 1744 a
1872 1671 2201 1744 barbaris
2251 1671 2611 1768 disjuncta

480 1779 851 1879 gentibuS,
892 1782 967 1850 in
1020 1782 1184 1853 sinu
1227 1775 1470 1878 pacis-,⁸
1522 1783 1753 1880 posita
1775 1837 1795 1865 ,
1850 1781 2090 1853 medio
2128 1781 2279 1854 fere
2318 1783 2611 1854 Graeciae

477 1894 753 1987 gremio
795 1894 1210 1964 continetur
1246 1892 1320 1988 (o
1356 1916 1615 1990 poena,
1658 1917 1705 1962 o
1744 1891 1927 1964 furia
1970 1890 2449 1988 socioruml),
2489 1891 2608 1962 de-

483 2000 745 2073 cedens
774 2055 795 2090 ,
865 2003 1198 2074 miseram
1262 1999 1661 2100 perdidisti.
1739 2003 2095 2073 Arsinoen
2114 2012 2170 2084 9,
2240 2005 2557 2072 Stratum
2588 2055 2609 2087 ,

486 2112 940 2207 Naupactum
965 2164 984 2195 ,
1041 2125 1126 2181 ut
1167 2110 1386 2182 modo
1441 2125 1597 2183 tute
1650 2111 2014 2198 indicasti,
2074 2109 2353 2183 nobiles
2398 2109 2617 2182 urbes

487 2289 595 2322 rum
639 2273 868 2339 presides
901 2290 951 2322 se
984 2274 1366 2338 triumphaturos
1407 2289 1510 2322 esse
1666 2274 1719 2323 6.
1760 2273 1898 2322 Mino
1941 2289 2187 2323 euenerant
2225 2275 2438 2323 narium.
2485 2278 2621 2340 Quas

487 2354 805 2412 simulabant,
825 2365 884 2401 ut
897 2352 962 2401 ab
981 2352 1149 2401 amicis
1169 2352 1511 2419 t'oederatisque
1596 2352 1840 2401 federatis
1874 2352 2151 2403 civitatibus
2194 2356 2297 2403 siue
2334 2355 2619 2405 necessitate

488 2432 766 2483 civitatibus
815 2448 984 2480 aurum
1033 2432 1344 2481 coronarium
1391 2432 1511 2497 ipsis
1600 2430 1794 2496 publice
1811 2432 2071 2495 imperasti.

487 2510 721 2575 triumphi
745 2512 940 2557 nomine
967 2512 1264 2569 mitteretur3
1295 2528 1503 2575 quorum

487 2592 780 2639 effrenatam
819 2588 1132 2652 cupiditatem
1167 2600 1222 2637 ut
1261 2602 1505 2638 coerceret

487 2670 648 2719 Julius
667 2668 826 2717 caesar
845 2666 896 2713 in
920 2682 1009 2714 suo
1035 2668 1194 2731 primo
1213 2668 1469 2716 consulatu
1488 2704 1505 2730 ,

489 2748 595 2811 lege
631 2744 763 2794 Julia
799 2745 862 2792 de
901 2746 1182 2811 repetundis
1217 2748 1408 2807 sanxit,
1445 2762 1507 2795 ne

491 2828 600 2889 quis
625 2820 792 2871 aurum
820 2825 1127 2873 coronarium
1155 2824 1248 2873 sibi
1273 2826 1507 2891 triumphi

492 2904 690 2953 nomine
703 2903 897 2951 missum
911 2903 1045 2967 prius
1056 2902 1348 2963 admitteret,
1363 2921 1509 2968 quam

493 2985 714 3033 decretus
754 2982 920 3029 suisset
947 2981 1218 3045 triumphus
1252 2996 1279 3029 a
1322 2994 1507 3032 senatu.

495 3064 610 3111 Piso
639 3061 790 3125 igitur
817 3072 967 3123 quum
993 3070 1044 3106 et
1069 3058 1408 3108 foederatarum
1435 3062 1509 3109 ci-

495 3144 699 3192 vitatum
733 3139 952 3205 pecuniis
977 3138 1207 3197 inhiaret,
1233 3156 1325 3188 nec
1352 3151 1509 3189 tamen

495 3222 652 3270 videri
685 3219 834 3267 vellet
872 3218 1025 3280 legem
1057 3219 1089 3266 J
1093 3217 1236 3266 uliam
1275 3220 1509 3275 violasse,

499 3316 670 3350 aurum
687 3298 993 3346 coronarium
1011 3297 1109 3345 alio
1133 3298 1330 3346 nomine
1348 3302 1513 3363 appel-

501 3382 654 3437 labat,
669 3390 942 3439 nomenque
954 3409 971 3435 ,
988 3391 1090 3423 non
1109 3392 1206 3423 rem
1227 3388 1512 3427 mutaverat.

573 3476 622 3506 α.
643 3458 801 3521 Quum
817 3454 962 3502 modo
979 3455 1159 3513 velles,
1181 3455 1324 3503 modo
1343 3456 1512 3505 nolles.

500 3539 734 3601 Recipere
753 3550 922 3582 aurum
945 3535 1262 3581 coronarium.

577 3620 624 3665 3.
659 3618 762 3663 Lea:
793 3613 920 3661 em'm
944 3613 1116 3678 generi
1141 3610 1223 3659 tui.
1261 3615 1358 3660 Lex
1382 3614 1511 3662 Julia

503 3699 563 3747 ele
597 3695 876 3761 repetundis
905 3710 931 3742 a
957 3693 1092 3744 Julio
1125 3694 1310 3743 Caeure
1337 3710 1513 3757 genero

503 3790 589 3825 tuo
610 3776 720 3823 lata.

574 3864 622 3910 4.
653 3854 728 3902 ΔΙ.
759 3864 808 3900 et
825 3864 871 3899 te
887 3866 995 3899 acc.
1019 3854 1068 3899 J.
1091 3854 1155 3899 V.
1181 3852 1238 3899 1..

575 3930 619 3973 5.
668 3923 920 3971 Vocabula
955 3932 1144 3968 tantum
1173 3922 1511 3985 pecuniarum.

501 4007 616 4053 Non
633 4004 759 4050 enim
778 4016 946 4047 surum
965 4002 1272 4049 coronarium
1296 4001 1511 4061 dicebas,

500 4086 584 4133 sed
599 4083 696 4131 alio
715 4080 908 4128 nomine
927 4078 1221 4143 appellabas.

1664 2526 1716 2571 7.
1759 2511 2101 2575 Summamque
2133 2512 2338 2577 proedae.
2381 2513 2472 2561 Vel
2502 2512 2617 2577 quia

1590 2602 1693 2635 non
1718 2588 1781 2635 ab
1804 2588 2027 2637 hostibus
2045 2624 2061 2650 ,
2081 2590 2169 2639 sed
2190 2590 2251 2639 ab
2272 2592 2392 2655 ipsis
2414 2593 2616 2657 provin-

1592 2664 1795 2713 cialibus
1828 2666 2015 2731 praedas
2053 2668 2357 2719 abduxerat:
2390 2670 2467 2719 vel
2496 2670 2617 2733 quia

1594 2747 1647 2791 in
1672 2746 1849 2809 proedae
1870 2746 2153 2795 venditione
2180 2758 2416 2812 quantum
2442 2750 2617 2797 volue-

1594 2835 1695 2882 rat,
1732 2841 1759 2872 a
1797 2824 1942 2872 sociis
1975 2836 2025 2873 et
2053 2826 2437 2890 provincialibus
2470 2844 2615 2877 sece-

1600 2912 1750 2965 pem.

1671 2982 1721 3028 8.
1766 2983 1823 3028 In
1870 2982 1981 3029 sinu
2018 2983 2175 3045 pacis.
2222 2983 2409 3034 AEtolos
2456 2996 2619 3037 tamen

1600 3070 1789 3108 constat
1814 3062 1959 3109 fuisse
1985 3062 2243 3111 bellicosos
2264 3064 2321 3112 in
2340 3064 2537 3129 primis,
2566 3076 2619 3113 et

1595 3140 1660 3188 ad
1682 3156 1809 3187 nova
1830 3140 2072 3189 molienda
2096 3143 2369 3205 aptissimos
2386 3160 2449 3191 ex
2464 3144 2616 3208 Poly-

1600 3219 1711 3278 bio,
1728 3219 1867 3267 Livio
1885 3253 1900 3278 ,
1926 3222 2159 3268 Pausania
2175 3255 2191 3279 ,
2216 3234 2265 3271 et
2287 3222 2423 3283 aliis;
2442 3234 2490 3270 et
2508 3238 2613 3271 eam

1599 3298 1665 3345 ob
1700 3313 1919 3357 cauam,
1952 3310 2007 3345 ut
2039 3309 2242 3347 testatur
2272 3302 2529 3349 Pausanias
2560 3302 2615 3349 iu

1599 3375 1820 3424 Phoe-icis
1842 3412 1856 3434 ,
1896 3377 2087 3425 AEtolise
2134 3378 2442 3428 simulacrum
2484 3392 2586 3429 erat
2600 3416 2615 3437 ,

1600 3454 1812 3503 mulieris
1842 3466 2049 3503 annaeoe
2076 3455 2413 3517 simulacrum,
2444 3458 2529 3507 sed
2552 3476 2615 3509 cx

1598 3548 1701 3596 quo
1726 3534 1779 3579 in
1798 3536 2129 3583 Romanorum
2154 3536 2386 3585 ditionem
2413 3540 2613 3586 omniuo

1600 3624 1959 3671 concesserant,
1988 3617 2183 3678 penitus
2202 3616 2333 3679 pacis
2358 3628 2497 3665 eraut
2512 3628 2617 3664 stn-

1602 3690 1695 3739 diis
1716 3694 1889 3739 assueti
1912 3728 1925 3748 ,
1960 3704 2011 3740 et
2044 3696 2097 3740 in
2132 3710 2299 3742 eorum
2326 3710 2445 3759 opes
2467 3732 2483 3753 ,
2518 3710 2615 3743 una

1601 3771 1747 3818 animi
1772 3772 2142 3835 intemperantia
2177 3784 2373 3838 raptus,
2414 3774 2527 3822 Piso
2554 3774 2615 3821 ir·

1600 3862 1775 3897 ruerat.

1672 3946 1723 3991 9.
1742 3930 2201 3979 ArsinoemAEtolioe
2212 3930 2613 3996 oppidum‚quod

1599 4018 1709 4055 ante
1735 4008 1879 4055 tradit
1904 4010 2075 4058 Strabo
2100 4011 2245 4059 fuisse
2262 4008 2474 4059 Κόνωπα
2487 4024 2614 4057 nun·

1600 4096 1847 4149 cupatum.
