2996 4694
497 361 644 444 [410
1137 367 1236 434 Μ.
1287 368 1364 434 Τ.
1417 369 2003 440 CICERONIS

494 483 771 580 species
803 482 960 578 ejus
993 499 1070 556 et
1101 485 1565 584 pulchritudo
1606 492 1817 562 etiam
1864 492 1938 561 in
1984 487 2191 562 hoste
2226 491 2453 588 posim
2496 491 2633 562 de-

497 591 715 664 lectet
729 589 784 662 ⁵.

597 707 919 774 XXXIII.
947 705 1324 803 Equidem
1391 707 1623 781 dicam
1678 733 1769 780 ex
1822 709 2063 781 animo
2082 763 2103 798 ,
2158 723 2399 807 patres
2450 731 2631 778 con-

499 813 778 910 scripti,
817 812 1020 911 quod
1057 817 1292 887 sentio
1311 869 1330 905 ,
1375 831 1448 888 et
1480 819 1685 917 quod
1712 818 1915 892 vobis
1944 817 2407 892 audientibus
2442 841 2633 914 saepe

495 921 642 1018 jam
677 921 846 994 dixi.
890 927 964 996 Si
999 925 1176 997 mihi
1209 951 1611 1025 numquam
1642 931 1917 1002 amicus
1954 935 2033 1001 C.
2068 933 2301 1000 Caesar
2340 926 2585 1000 fuisset
2606 981 2627 1012 ,

503 1031 628 1104 sed
673 1045 986 1131 semper¹
1031 1036 1296 1125 iratus3
1333 1041 1392 1109 si
1417 1054 1921 1137 aspernaretur
1954 1041 2333 1120 amicitiam
2359 1061 2629 1124 meam,

501 1165 804 1240 seseque
841 1143 1018 1216 mihi
1053 1147 1581 1246 implacabilem
1616 1149 2319 1247 inexpiabilemque²
2353 1145 2631 1246 praebe-

506 1265 616 1324 ret
655 1279 672 1322 :
723 1267 960 1324 tamen
1005 1257 1104 1345 ei,
1128 1281 1362 1354 quum
1399 1271 1631 1330 tantas
1659 1283 1775 1330 res
1805 1259 2168 1356 gessisset,
2206 1271 2633 1355 gereretque

507 1363 871 1462 quotidie,
914 1391 1064 1437 non
1118 1369 1392 1439 amicus
1441 1393 1601 1442 esse
1646 1394 1799 1440 non
1852 1391 2157 1467 possem.
2216 1367 2441 1462 Cujus
2494 1389 2633 1462 ego

505 1474 814 1572 imperio
847 1500 998 1547 non
1037 1476 1330 1574 Alpium
1363 1478 1633 1550 vallum
1658 1493 1913 1550 contra
1948 1477 2373 1550 adscensum
2410 1492 2636 1546 trans-

505 1586 1104 1684 gressionemque
1140 1587 1549 1676 Gallorum,
1590 1613 1743 1660 non
1776 1587 2012 1660 Rheni
2042 1587 2341 1674 fossam,
2391 1587 2634 1684 gurgi-

509 1693 704 1766 tibus
740 1695 878 1768 illis
926 1696 1454 1771 redundantem
1475 1753 1496 1788 ,
1540 1703 2068 1771 Germanorum
2106 1697 2636 1769 immanissimis

507 1803 844 1902 gentibus
879 1805 1146 1903 objicio
1183 1825 1256 1881 et
1283 1834 1606 1909 oppono.
1640 1809 1942 1883 Perfecit
1964 1809 2085 1880 ille
2100 1801 2155 1897 3,
2188 1825 2306 1895 ut,
2344 1811 2403 1880 si
2436 1829 2639 1878 mon-

512 1927 618 1986 tes
651 1915 1114 2005 resedissent,
1157 1943 1405 1991 amnes
1443 1923 1922 2007 exaruissent,
1964 1944 2115 1991 non
2150 1933 2419 1991 naturae
2458 1941 2635 2015 prae-

511 2025 738 2116 sidio,
791 2027 920 2100 sed
991 2031 1288 2101 victoria
1347 2055 1474 2102 sua
1497 2085 1517 2115 ‚
1588 2030 1955 2130 rebusque
2027 2031 2283 2128 gestis,
2360 2027 2636 2100 Italiam

510 2139 862 2210 munitam
900 2138 1356 2214 haberemus.
1383 2140 1563 2230 Sed,
1594 2165 1821 2238 quum
1852 2165 1969 2212 me
1997 2153 2320 2239 expetat,
2359 2138 2636 2235 diligat,

509 2251 714 2317 omni
739 2247 952 2320 laude
993 2248 1293 2347 dignum
1330 2265 1543 2349 putet
1580 2279 1596 2322 ε
1632 2265 1711 2322 tu
1750 2275 1867 2322 me
1898 2276 1939 2321 a
1968 2253 2109 2322 tuis
2138 2249 2524 2321 inimicitiis
2548 2245 2642 2318 ad

513 2356 947 2431 simultatem
991 2359 1408 2434 revocabis?
1465 2364 1567 2433 sic
1610 2364 1753 2435 tuis
1788 2360 2177 2435 sceleribus
2228 2358 2641 2459 reipublicae

509 2470 868 2563 praeterita
899 2468 1042 2541 fata
1074 2470 1535 2545 refricabam
1577 2474 1778 2576 quod
1818 2474 2111 2571 quidem
2140 2488 2218 2543 tu
2236 2526 2256 2559 ,
2286 2474 2415 2567 qui
2452 2467 2639 2540 bene

515 2576 812 2651 nosses⁵
847 2581 1433 2675 conjunctionem
1481 2605 1713 2655 meam
1750 2600 1823 2656 et
1862 2586 2192 2670 Caesaris,
2226 2578 2568 2653 eludebas
2580 2576 2636 2662 ὅ,

515 2710 746 2782 quum
781 2710 822 2757 a
853 2712 968 2761 me
1009 2692 1488 2764 trementibus
1526 2696 1829 2765 omnino
1866 2693 2125 2767 labris⁷
2151 2747 2171 2778 ‚
2200 2692 2324 2764 sed
2365 2708 2640 2774 tamen,

591 2890 640 2941 5.
679 2889 852 2940 Posito
884 2890 1102 2943 delectet.
1137 2896 1208 2943 It·
1253 2894 1542 2945 Hannibalis
1624 2898 1725 2959 jem
1752 2898 1953 2947 Cauris
1976 2898 2155 2945 virtute
2183 2912 2241 2946 ae
2266 2896 2465 2945 nomine
2490 2893 2645 2943 territi

518 2980 691 3018 etatuae
707 2970 880 3020 Rome
895 2973 1235 3023 cernebantur.
1630 2976 1877 3040 quiescere
1902 2986 2155 3040 cogantur.

589 3050 832 3101 xxxm.
854 3067 897 3101 1.
921 3052 1050 3102 Cod.
1071 3053 1266 3119 Erhng.
1278 3056 1326 3103 n·
1338 3070 1541 3120 semper.
1702 3065 1749 3113 4.
1769 3054 2048 3121 Rqfiicabc‘s.
2068 3054 2346 3105 Renovabis
2365 3070 2419 3103 ea
2434 3088 2448 3113 ,
2468 3052 2644 3117 quibus

521 3129 699 3179 Probet
749 3131 974 3181 Goerenz.
1023 3132 1088 3181 ad
1133 3134 1281 3183 Aeed.
1327 3135 1407 3194 11,
1453 3130 1540 3183 26.
1629 3149 1658 3181 ι
1676 3150 1754 3183 me
1765 3136 1941 3194 Cesar,
1960 3135 2073 3183 licet
2090 3136 2241 3185 iratu-
2254 3134 2377 3183 mihi
2392 3141 2645 3188 noue-et,

519 3211 552 3259 J
555 3245 568 3258 .
590 3212 652 3258 V.
683 3211 739 3257 1..
1628 3213 1833 3262 alienior
1854 3225 2014 3262 tamen
2034 3230 2135 3263 esse
2154 3214 2285 3263 visus
2305 3224 2397 3261 est.

595 3302 643 3336 a.
685 3288 763 3338 Al.
797 3285 1298 3355 inexplicabilemque.
1324 3294 1357 3342 J
1361 3329 1374 3340 .
1395 3294 1459 3341 V.
1487 3294 1542 3339 1..
1706 3294 1755 3341 5.
1802 3293 1898 3355 Qui
1916 3292 2037 3341 bene
2066 3309 2231 3341 nosses
2256 3291 2647 3358 conjunctionem

525 3394 600 3407 -—
618 3368 788 3417 Multo
819 3378 988 3418 nostra
1023 3378 1250 3433 praeut,
1279 3384 1392 3434 «με
1430 3386 1543 3435 per·
1629 3388 1789 3420 meam
1830 3382 1880 3420 ee
1920 3371 2139 3421 σακε-ές.
2192 3372 2293 3435 Qui
2343 3372 2489 3419 scires
2536 3357 2619 3417 me¹
2634 3404 2651 3427 ‚

523 3447 674 3495 tinaci
725 3447 844 3495 odio
883 3448 1134 3497 ardentem
1175 3448 1422 3497 homiuem
1463 3451 1547 3498 de·
1632 3460 1835 3515 propter
1858 3451 2057 3499 Cauris
2074 3450 2362 3506 amicitiem,
2386 3464 2648 3513 numquam

523 3528 698 3589 signat.
1634 3529 1751 3587 tibi,
1784 3530 1890 3590 ejus
1926 3546 2123 3591 socero,
2156 3544 2343 3578 nomeu
2378 3544 2481 3577 esse
2520 3527 2649 3575 dela-

597 3603 649 3651 3.
699 3602 911 3669 Perfecit
941 3603 1042 3653 ille.
1085 3604 1246 3653 eea-r
1285 3604 1453 3655 Gallo·
1494 3620 1545 3657 et
1632 3618 1811 3657 turum.

527 3682 798 3731 &mano-
833 3684 978 3731 armi·
1027 3684 1097 3732 ita
1135 3686 1447 3748 compre-eit,
1487 3696 1547 3734 ut
1704 3688 1755 3736 6.
1778 3684 2041 3735 macha.
2069 3687 2207 3735 Serio
2224 3702 2325 3735 nou
2346 3684 2651 3751 agebn,qui

522 3763 624 3824 jem
675 3777 780 3811 nou
829 3763 1018 3826 pon-im
1061 3762 1328 3827 quidquem
1374 3778 1546 3815 contra
1632 3764 2429 3831 seire-,metibiproptercmrem
2438 3779 2655 3829 parcere.

529 3854 744 3891 nostran
769 3842 1114 3906 rempublicam
1140 3843 1330 3903 moliri,
1362 3845 1551 3895 etiami
1633 3834 1646 3851 “
1710 3862 1757 3907 7.
1784 3844 2131 3895 fumantibus.
2154 3880 2167 3894 .
2189 3877 2204 3892 .
2230 3844 2397 3893 labris.
2414 3846 2581 3907 Quum
2602 3843 2657 3891 id

527 3938 688 3987 neque
707 3922 860 3987 Alpe·
883 3922 1078 3981 Gallos,
1105 3938 1262 3987 neque
1280 3924 1482 3972 Rhenus
1502 3936 1551 3973 et
1636 3924 1913 3989 requirebas
1932 3925 2137 3983 invitus,
2156 3924 2481 3973 damnationis
2498 3933 2658 3979 metu,

531 4002 682 4067 Alpes
709 4004 975 4051 Cumanos
1001 4002 1064 4050 ab
1095 4001 1248 4051 Italia
1271 4002 1410 4052 editu
1435 4020 1551 4068 pro-
1638 4005 1863 4053 eoneeius
1916 4004 2149 4053 scelerum
2204 4016 2417 4053 mmm.
2490 4004 2621 4051 luftu
2644 4017 2659 4050 :

531 4082 776 4142 hiber-eun
794 4082 882 4133 sed
903 4083 1070 4131 hoste·
1085 4082 1158 4131 illi
1187 4084 1356 4131 Rom
1381 4086 1552 4133 eterni
1638 4107 1663 4127 ‹-
1684 4084 1939 4135 Neminem
1956 4084 2139 4133 invitus
2156 4083 2381 4135 invit-bi·
2402 4103 2445 4130 ι.
