2996 4694
869 379 1253 459 ORATIO
1303 393 1504 460 PRO
1549 393 1626 460 P.
1677 392 2080 462 SEXTIO.
2445 390 2534 466 53

394 523 649 610 portas
674 509 959 582 sedenti
984 510 1445 609 imperatori,
1478 537 1706 610 quare
1733 517 2084 585 tei-rorem
2117 536 2332 586 sunm
2357 513 2538 588 falso

390 623 643 718 jactari
676 623 1105 720 opponique
1140 623 1472 720 patiatur.
1512 625 1928 720 Numquam
1977 629 2172 696 enim
2219 627 2356 697 erit
2389 639 2537 697 tam

398 755 791 831 oppressus
846 745 1135 804 senatus
1156 786 1177 821 ,
1229 746 1315 803 ut
1363 734 1431 806 ei
1482 757 1578 804 ne
1619 733 2076 833 supplicandi
2117 735 2412 832 quidem
2455 760 2541 807 ac

397 841 696 941 lugendi
736 847 831 914 sit
872 855 1229 940 potestas3
1280 856 1425 914 tam
1473 856 1727 942 captus
1755 855 1780 900 ⁷
1829 858 2166 941 equester
2200 844 2420 925 ordo,
2453 859 2539 916 ut

396 957 683 1052 equites
718 954 1003 1024 romani
1038 978 1079 1024 a
1106 953 1404 1026 consule
1430 953 1864 1050 relegentur.
1897 955 2077 1045 Quae
2115 979 2343 1052 quum
2378 979 2538 1025 om-

398 1067 560 1152 nia,
605 1077 829 1160 atque
879 1063 1093 1134 etiam
1148 1062 1383 1134 multo
1429 1062 1568 1134 alia
1614 1064 1889 1160 majora
1913 1117 1934 1152 ,
1993 1088 2151 1161 quae
2199 1066 2537 1137 consulto

398 1187 789 1271 praetere0,
824 1171 1284 1260 accidissent,
1314 1166 1616 1245 videtis⁸
1648 1197 1768 1244 me
1790 1187 2034 1246 tamen
2059 1174 2136 1243 in
2163 1175 2538 1270 pristinam

400 1307 633 1354 meam
666 1281 1112 1380 dignitatem,
1140 1279 1381 1352 brevis
1396 1292 1429 1340 9
1455 1287 1807 1381 temporis
1845 1282 2100 1356 dolore
2131 1285 2342 1381 interj
2351 1299 2533 1368 ecte,

393 1391 815 1491 reipublicae
854 1415 1035 1464 voce
1072 1415 1227 1463 esse
1260 1405 1702 1463 revocatum.

492 1505 747 1574 XXIV.
772 1501 941 1590 Sed,
976 1515 1060 1571 ut
1096 1515 1413 1573 revertar
1451 1501 1542 1573 ad
1581 1501 1760 1574 illud
1788 1556 1808 1590 ,
1842 1503 2046 1600 quod
2079 1503 2256 1575 mihi
2293 1505 2371 1574 in
2400 1503 2537 1576 hac

395 1615 601 1685 omni
658 1627 769 1684 est
824 1613 1150 1684 oratione
1202 1615 1662 1710 proposi-tum
1686 1667 1706 1701 ,
1765 1611 2106 1686 omnibus
2157 1613 2360 1686 malis
2408 1613 2534 1686 illo

392 1747 592 1795 anno
620 1777 641 1810 ‚
706 1721 975 1793 scelere
1044 1721 1427 1793 consulum
1454 1776 1475 1809 ‚
1537 1722 2063 1823 rempublicam
2137 1749 2290 1797 esse
2363 1748 2535 1795 con-

392 1831 757 1905 fectam1:
802 1833 1119 1931 primum
1180 1831 1307 1902 illo
1360 1833 1522 1930 ipso
1583 1832 1742 1922 die,
1799 1835 1927 1930 qui
1977 1832 2156 1904 mihi
2207 1831 2537 1906 funestus

392 1941 565 2028 fuit,
600 1940 943 2014 omnibus
978 1940 1193 2012 bonis
1229 1940 1643 2027 luctuosuS‚
1687 1967 1918 2040 quum
1951 1967 2086 2040 ego
2121 1967 2236 2015 me
2265 1968 2306 2015 e
2338 1967 2533 2016 com-

392 2054 615 2154 plexu
672 2056 921 2152 patriae
943 2107 963 2142 ,
1024 2065 1572 2150 conspectuque
1629 2068 1870 2124 vestro
1924 2054 2340 2152 eripuissem
2360 2065 2418 2143 ²,
2461 2069 2534 2126 et

390 2179 594 2236 metu
646 2165 865 2236 vestri
912 2161 1258 2260 periculi,
1300 2187 1454 2233 non
1488 2164 1674 2252 mei,
1715 2161 1947 2234 furori
1982 2161 2332 2252 hominis,
2375 2189 2530 2236 sce·

391 2275 561 2365 leri,
605 2269 1005 2375 perfidiae'³‚
1070 2272 1267 2362 telis,
1326 2273 1692 2370 minisque
1741 2276 2108 2344 cessissem
2126 2325 2147 2359 ‚
2187 2275 2529 2371 patriam·

391 2412 576 2485 que,
619 2411 783 2484 quae
818 2384 999 2456 mihi
1038 2398 1195 2455 erat
1244 2382 1647 2471 carissima,
1689 2396 1992 2481 propter
2029 2384 2252 2479 ipsius
2287 2386 2532 2481 patriae

388 2496 761 2567 caritatem
828 2494 1317 2591 reliquissem;
1376 2516 1614 2589 quum
1689 2516 1934 2564 meum
2014 2493 2219 2564 illum
2285 2516 2532 2565 casum

388 2620 537 2677 tam
577 2604 1033 2693 horribilem,
1074 2618 1223 2674 tam
1268 2627 1598 2701 gravem,
1634 2616 1780 2674 tam
1821 2604 2284 2701 repentinum
2304 2657 2324 2691 ,
2373 2628 2528 2675 non

388 2716 622 2788 solum
662 2716 1034 2805 homines,
1068 2714 1195 2787 sed
1240 2728 1425 2785 tecta
1472 2712 1673 2785 urbis
1719 2737 1802 2785 ac
1845 2713 2116 2813 templa
2144 2714 2522 2813 lugerent;

388 2852 607 2899 nemo
668 2840 989 2899 vestrum
1043 2824 1285 2897 forum
1306 2878 1326 2910 ‚
1378 2848 1602 2895 nemo
1652 2828 1961 2912 curiam,
2013 2849 2235 2897 nemo
2283 2824 2520 2897 lucem

387 2936 755 3037 adspicere
810 2936 1073 3009 vellet:
1120 2934 1287 3019 ill0,
1342 2934 1640 3031 inquam
1666 2988 1686 3022 ,
1741 2935 1903 3031 ipso
1957 2932 2108 3021 die,
2159 2932 2276 3004 die
2317 2932 2526 3004 dico?

386 3050 612 3121 immo
663 3048 843 3119 hora
864 3102 885 3133 ‚
930 3062 1152 3144 atque
1204 3049 1421 3118 etiam
1480 3057 1760 3141 puncto
1819 3044 2166 3141 temporis
2217 3041 2474 3114 eodem
2501 3096 2522 3128 ‚

386 3159 610 3247 mihi,
666 3158 919 3254 reique
980 3154 1287 3254 publicae
1345 3154 1740 3253 pernicies,
1791 3150 2106 3224 Gabinio
2157 3166 2232 3223 et
2276 3155 2524 3224 Pisoni

390 3268 759 3366 provincia
786 3280 1033 3363 rogata
1065 3279 1174 3337 est
1190 3266 1243 3335 ⁴.
1284 3261 1476 3334 Proh
1522 3260 1623 3335 dii
1664 3262 2102 3334 immortales
2123 3316 2142 3349 ,
2187 3262 2522 3336 custodes

464 3514 509 3560 ⁷·
562 3497 756 3563 Capeus.
810 3496 1081 3562 Impeditun
1094 3532 1111 3558 ,
1152 3493 1373 3544 infimus
1386 3530 1403 3557 ,
1494 3496 1696 3557 ejectus,
1718 3504 1804 3543 aut
1818 3510 1908 3559 por
1927 3494 2028 3541 vim
2048 3492 2112 3542 ab
2137 3494 2243 3557 ejus
2259 3494 2524 3560 complexu

386 3574 524 3625 nullo
534 3576 665 3641 apud
684 3576 909 3625 consule·
916 3576 1033 3625 loco
1049 3585 1264 3641 :spectat
1276 3577 1405 3623 enim
1492 3571 1752 3636 abreptus,
1771 3572 1856 3619 sed
1872 3572 1978 3636 ipse
1991 3584 2169 3638 sponte
2187 3590 2276 3622 sm
2287 3573 2528 3625 Clodiano

384 3654 449 3703 ad
467 3670 627 3704 mmm
650 3658 703 3705 1..
722 3656 915 3706 Inmiae.
1492 3652 1646 3700 furori
1665 3653 1860 3700 cessisse
1875 3652 2086 3701 videtur.

456 3734 509 3784 8.
543 3732 745 3784 Viden).
774 3733 858 3783 Al.
878 3732 1129 3782 &abacia
1154 3734 1205 3781 J.
1222 3735 1287 3781 V.
1313 3734 1369 3781 1..
1566 3730 1616 3778 3.
1657 3730 1906 3799 Perfidia.
1934 3732 2092 3794 Quin,
2109 3747 2262 3795 quum
2281 3730 2516 3794 Pompeio

454 3828 503 3875 9.
526 3813 702 3861 Brevis.
728 3812 813 3860 Al.
836 3811 986 3861 brevi.
1014 3812 1065 3860 J.
1082 3813 1147 3859 V.
1173 3813 1230 3859 1..
1492 3824 1620 3875 sepe
1635 3810 1886 3875 pollicitus
1901 3820 2049 3871 esset,
2075 3825 2128 3858 se
2149 3809 2274 3857 nihil
2289 3810 2342 3856 in
2361 3808 2520 3857 tribu-

450 3892 643 3941 XXIV.
679 3907 725 3942 1.
765 3890 1057 3957 Confectum.
1092 3889 1267 3938 Multis
1293 3890 1403 3939 vul-
1490 3898 1612 3936 natu
1633 3898 1803 3937 contr·
1825 3888 2112 3937 Ciceronem
2139 3902 2242 3935 oue
2264 3897 2486 3935 acturum
2501 3922 2520 3948 ,

380 3970 579 4019 neribus
596 3986 879 4037 oppress-m
892 3980 941 4019 et
960 3971 1145 4019 funem
1160 3968 1403 4019 tabeeon-
1488 3967 1734 4031 promisso
1755 3983 1860 4015 non
1883 3968 2017 4015 stetit
2040 3982 2057 4015 e
2081 3967 2144 4014 de
2169 3980 2272 4031 quo
2293 3966 2348 4013 in
2369 3968 2516 4031 epist.

384 4062 641 4118 sumptam.
1493 4045 1556 4094 ad
1585 4047 1736 4095 Attio.
1762 4045 1852 4095 lib.
1875 4048 1944 4094 11.

458 4144 505 4179 a.
534 4130 851 4195 Eripoeissem.
882 4128 1000 4179 Non
1036 4128 1165 4177 enim
1197 4143 1225 4176 ι
1250 4128 1407 4193 poti-in
1569 4132 1617 4181 ι.
1645 4126 1836 4191 Rogana
1853 4132 1934 4173 ese.
1957 4144 1982 4165 α
1999 4121 2126 4170 Num
2146 4132 2197 4171 et
2216 4120 2278 4171 de
2296 4138 2398 4183 me,
2419 4124 2526 4172 hoo
2551 4136 2560 4145 ·
