2996 4694
776 367 1163 436 ORATIO
1210 370 1411 437 PRO
1462 369 1538 437 L.
1585 370 1664 435 C.
1717 370 2082 437 BALBO.
2355 368 2490 465 3⁰²7

367 489 579 563 'tellos
608 542 629 577 ‚
690 502 765 561 et
819 487 1019 559 hunc
1088 504 1510 586 praesentem
1579 493 1716 561 Cn.
1773 491 2234 587 Pompeium,
2271 514 2493 589 quem

369 596 626 695 procul
662 596 755 669 ab
792 620 1049 669 eorum
1080 597 1487 686 moenibus,
1519 623 1683 673 acre
1723 614 1798 671 et
1839 624 2180 697 magnum
2218 599 2492 673 bellurn

368 721 779 804 gerentem,
825 724 1233 781 commeatu
1287 710 1740 807 pecuniaque
1781 710 2170 805 juves-unu
2227 724 2300 783 et
2352 708 2495 781 hoc

368 832 699 916 tempore
739 820 894 917 ipso
948 819 1303 916 populum
1341 844 1726 891 romanum
1756 873 1776 906 ‚
1829 844 2052 915 quem
2089 821 2166 891 in
2201 822 2494 891 caritate

368 932 673 999 an'nonae
694 982 715 1015 ,
748 944 831 1001 ut
874 953 1060 1026 saepe
1114 944 1283 1001 ante
1345 927 1701 1025 fecerant,
1751 928 2118 1001 frumento
2159 929 2498 1027 suppedi-
2549 932 2556 937 ’
2647 976 2654 983 -

366 1052 521 1110 tato
564 1039 1019 1111 levaverunt:
1052 1063 1129 1109 se
1172 1038 1316 1111 hoc
1351 1041 1471 1135 jus
1507 1064 1662 1111 esse
1678 1038 1926 1125 avelle,
1961 1054 2047 1111 ut
2093 1037 2268 1126 sibi,
2299 1054 2371 1109 et
2409 1038 2496 1109 li-

370 1147 607 1235 beriS‚
644 1150 703 1221 si
756 1150 883 1247 qui
938 1149 1195 1223 eximia
1252 1151 1518 1221 virtute
1562 1146 1874 1232 fuerint,
1935 1152 2028 1219 sit
2087 1149 2163 1219 in
2232 1148 2498 1219 uostris

369 1262 617 1329 castris
636 1312 657 1345 ‚
688 1260 777 1331 sit
814 1260 891 1329 in
921 1260 1437 1355 imperatorum
1477 1260 1830 1356 praetoriis
1851 1312 1869 1342 ,
1905 1260 1997 1331 sit
2027 1257 2350 1354 denique
2383 1258 2494 1329 in-

372 1383 481 1439 ter
514 1370 715 1463 signa
757 1383 978 1466 atque
1046 1369 1122 1439 in
1172 1371 1325 1441 acie
1376 1368 1630 1456 locus;
1679 1373 1770 1439 sit
1817 1367 1926 1438 his
1969 1366 2313 1465 gradibus
2365 1367 2494 1439 ad-

368 1502 663 1551 scensus
682 1481 893 1550 etiam
914 1476 1005 1549 ad
1038 1479 1415 1549 civitatem.

467 1592 721 1663 XVII-I.
768 1587 987 1679 Quod
1037 1590 1093 1658 si
1134 1586 1354 1676 Afris»,
1380 1590 1440 1659 si
1470 1586 1710 1661 Sardis
1735 1642 1755 1673 ‚
1795 1592 1856 1659 si
1891 1588 2225 1683 Hispanis
2253 1639 2273 1672 ‚
2313 1587 2497 1683 agris

368 1697 878 1795 stipendioque
926 1697 1284 1785 multatis,
1359 1688 1628 1769 virtute
1681 1696 1976 1795 adipisci
2030 1697 2196 1769 licet
2255 1698 2495 1767 civita·

368 1823 553 1894 tem3
591 1807 963 1879 Gaditanis
994 1822 1269 1893 autem,
1302 1805 1596 1895 officiis,
1636 1822 1986 1879 vetustate
2013 1862 2032 1891 ,
2079 1806 2264 1893 fide,
2303 1808 2492 1904 peri·

370 1919 587 2002 culis,
624 1916 899 1989 foedere
940 1918 1383 2011 conjunctis,
1426 1915 1791 1989 hocidem
1831 1942 1984 1989 non
2009 1915 2298 1989 licebit:
2341 1941 2496 1987 non

368 2026 610 2100 foedus
652 2026 791 2097 sibi
834 2026 1250 2117 nobiscum,
1294 2026 1421 2101 sed
1458 2028 1942 2123 iniquissimas
1979 2027 2172 2122 leges
2207 2029 2503 2123 imposi-

372 2152 477 2208 tas
514 2162 555 2207 a
594 2136 805 2208 nobis
837 2161 993 2208 esse
1035 2134 1608 2211 arbitrabuntur.
1649 2142 1888 2233 Atque
1917 2136 2147 2223 hanc,
2177 2135 2498 2231 judices,

370 2272 523 2318 non
562 2272 605 2319 a
649 2271 767 2321 me
806 2244 983 2344 fingi
1028 2248 1479 2335 orationem,
1513 2246 1641 2320 sed
1685 2270 1800 2319 me
1833 2245 2117 2333 dicere,
2162 2270 2324 2342 quae
2359 2247 2499 2313 Ga·

369 2357 593 2432 ditani
608 2357 1001 2454 judicarint
1023 2411 1043 2446 ‚
1088 2383 1203 2438 res
1232 2361 1389 2456 ipsa
1412 2358 1748 2432 declarat.
1779 2357 2188 2454 Hospitium
2208 2409 2227 2440 ‚
2259 2353 2504 2424 multis

366 2469 577 2562 annis
615 2481 783 2538 ante
827 2466 967 2538 hoc
1010 2481 1334 2566 tempu3‚
1388 2491 1556 2538 cum
1593 2473 1676 2538 L.
1714 2467 2058 2540 Cornelio
2105 2463 2502 2536 Gaditanos

366 2575 621 2652 fecisse
648 2575 983 2676 publice,
1016 2576 1180 2648 dico
1202 2588 1223 2621 ¹
1260 2575 1678 2676 :proferam
1728 2591 1976 2661 teste5‚
2015 2570 2374 2670 proferam
2414 2572 2503 2643 le·

368 2702 610 2784 gatos;
652 2683 983 2758 excitabo
1036 2685 1472 2776 laudatores,
1502 2709 1689 2784 quos
1739 2685 1827 2756 ad
1882 2684 2077 2755 hoc²
2107 2680 2502 2779 judicium,

369 2820 690 2867 summos
718 2795 1053 2867 homines
1068 2821 1149 2867 ac
1178 2795 1709 2883 nobilissimOS‚
1737 2795 2240 2892 deprecatores
2273 2790 2500 2886 hujus
2575 2859 2582 2866 .

372 2905 709 3002 periculi,
746 2907 1003 2976 missos
1042 2903 1317 2976 videtis.
1351 2910 1455 2978 Re
1511 2906 1830 3002 denique
1870 2903 2102 2976 multo
2137 2917 2306 2974 ante
2353 2905 2494 2976 Ga-

371 3012 583 3088 dibus
616 3013 935 3086 inaudita
951 3011 1198 3103 ³‚,fore
1234 3015 1406 3088 huic
1442 3030 1525 3088 ut
1569 3015 1660 3086 ab
1693 3015 1818 3108 illo
1863 3011 2266 3113 periculum
2304 3034 2498 3082 crea·

371 3138 594 3207 retur,
628 3124 1041 3220 gravissima
1086 3139 1241 3196 tum
1274 3126 1351 3196 in
1392 3127 1614 3197 istum
1646 3127 1876 3196 civem
1919 3146 2133 3195 suum
2166 3119 2503 3194 Gaditani

444 3385 632 3434 xvm.
674 3400 719 3432 1.
745 3385 875 3434 Olim
890 3421 907 3444 ‚
938 3385 1136 3450 publice
1156 3385 1286 3433 dico.
1482 3401 1616 3444 enno,
1643 3385 1764 3448 quin
1779 3383 1847 3432 ita
1867 3385 1931 3431 nit
1954 3381 2214 3448 legendum
2234 3397 2248 3432 ε
2281 3379 2505 3430 &audica

344 3506 357 3520 ,
450 3478 499 3510 2.
544 3464 675 3526 Quos
721 3463 792 3511 ad
848 3463 941 3512 hoc
976 3463 1223 3529 judicium
1242 3497 1257 3521 ‚
1302 3474 1395 3512 etc.
1481 3474 1644 3515 autem
1665 3463 1978 3529 participium
2003 3471 2106 3519 eet,
2131 3477 2160 3509 a
2181 3461 2333 3508 verbo
2351 3460 2500 3508 inau-

372 3541 650 3606 Relntivnm
676 3558 799 3606 quos
826 3543 963 3592 deest
986 3545 1040 3592 in
1064 3543 1179 3593 cod.
1211 3543 1395 3592 Erfurt.
1482 3543 1570 3592 dio
1598 3559 1617 3590 .·
1653 3557 1716 3590 ne
1739 3543 1850 3606 quis
1876 3551 2016 3605 putet
2043 3556 2146 3588 ene
2175 3541 2504 3604 compositum

371 3630 422 3667 et
448 3621 595 3668 Barb.
626 3622 679 3668 in
702 3620 817 3670 edd.
848 3623 996 3672 Rom.
1016 3624 1217 3671 Venetis
1232 3657 1247 3682 ,
1272 3619 1394 3670 ΔΜ.
1482 3639 1548 3670 ex
1574 3620 1625 3668 in
1650 3632 1700 3668 et
1729 3620 1924 3668 auditus
1941 3656 1956 3682 ,
1978 3619 2116 3683 quod
2141 3617 2382 3683 significat
2405 3633 2506 3666 non

342 3729 345 3736 -
372 3700 529 3762 Νοῦς.
548 3710 598 3747 et
623 3701 809 3748 Cnmer.
840 3701 937 3747 Sed
960 3711 1091 3748 recte
1122 3718 1147 3749 a
1174 3703 1229 3750 P.
1252 3703 1391 3750 Man.
1483 3700 1704 3748 nuditus:
1726 3709 1783 3746 ut
1799 3697 2038 3762 supplicia
2055 3697 2274 3746 inaudita
2289 3732 2304 3755 ,
2327 3695 2508 3746 scelera

374 3777 651 3826 restitutum
690 3794 861 3826 omnes
902 3779 1233 3840 retinuerunt,
1270 3779 1397 3828 Mss
1484 3778 1700 3828 inaudita
1719 3815 1734 3837 ,
1751 3778 1804 3825 id
1825 3787 1914 3832 est,
1929 3793 2031 3824 non
2051 3777 2245 3825 audita:
2267 3776 2363 3822 hoc
2389 3773 2507 3821 loco

373 3858 779 3922 approbantibus.
1487 3868 1648 3906 antem
1673 3855 1898 3904 inaudita
1926 3856 2055 3902 idem
2081 3857 2182 3903 fere
2217 3854 2344 3900 valet
2370 3851 2510 3914 quod

444 3937 496 3986 3.
534 3939 695 3986 Multo
735 3947 855 3984 aene
901 3936 1118 3985 Gadibus
1160 3936 1399 3985 inaudita.
1488 3937 1685 3985 andita:
1713 3935 1850 4000 quod
1877 3950 2030 3998 quum
2053 3933 2196 3982 scioli
2231 3946 2337 3978 non
2365 3928 2509 3978 intel-

376 4018 457 4068 Sic
484 4017 667 4066 habeut
694 4033 864 4066 omna
884 4049 899 4074 ‚
934 4031 1063 4080 quos
1106 4016 1207 4064 vidi
1224 4051 1240 4077 ,
1288 4015 1403 4064 libri
1489 4016 1720 4067 lexis-ent
1739 4049 1756 4072 ,
1775 4031 1838 4061 ex
1865 4030 1924 4062 eo
1949 4011 2286 4076 secemntjam
2305 4008 2481 4056 audita
2498 4043 2513 4068 ‚

378 4107 599 4148 veteres:
619 4111 781 4161 neque
798 4095 1003 4146 dubium
1022 4095 1247 4159 cuiquam
1260 4093 1405 4143 debet
1492 4095 1630 4159 quod
1653 4095 1892 4158 reperitur
1912 4093 1966 4140 in
1993 4090 2128 4138 libris
2148 4087 2370 4152 vulgatis.
