2996 4694
516 371 650 452 ¹04
1138 369 1233 436 M.
1280 370 1358 436 T.
1410 363 1984 435 CICERONIS

504 490 834 560 facillime
890 495 1354 586 pervenisset.
1406 480 1687 574 Alterss,
1743 487 1871 582 qui
1916 485 2012 556 ita
2053 507 2130 556 se
2172 487 2246 555 iu
2285 484 2622 582 populari

506 605 785 672 ratione
817 600 1155 694 jactarat,
1196 615 1281 670 ut
1326 597 1675 696 auspicia,
1709 597 1936 691 legem
1981 594 2224 667 AEliam
2246 605 2304 680 9,
2335 609 2621 665 senatus

504 711 1025 796 auctoritatem,
1054 709 1518 794 consulem¹⁰‚
1536 706 1863 802 collega8‚
1878 703 2246 777 bonorum
2267 703 2620 799 judicium

502 821 683 894 nihil
727 839 1045 921 putaret,
1088 821 1491 895 aedilitatem
1533 817 1786 916 petivit
1833 840 1999 887 cum
2037 813 2252 885 bonis
2297 815 2506 902 viris,
2547 828 2622 884 et

494 927 913 1003 hominibus
947 933 1231 1029 prunis,
1261 930 1389 1002 sed
1420 953 1572 998 nou
1603 927 2196 1024 praestantissimis
2236 923 2502 1020 opibus
2547 936 2622 993 et

494 1043 843 1134 gratia113
874 1041 1145 1112 tribum
1178 1064 1383 1112 suam
1420 1061 1570 1108 non
1610 1035 1811 1123 tulit;
1835 1034 2224 1106 Palatinam
2258 1033 2577 1130 denique
2599 1085 2620 1118 ‚

493 1177 629 1250 per
660 1179 883 1252 quam
934 1179 1191 1225 omnes
1232 1153 1366 1223 illae
1408 1165 1645 1248 pestes
1687 1173 1943 1222 vexare
1991 1147 2346 1246 populum
2387 1173 2617 1220 roma-

495 1260 1518 1361 num,dicebantur-,perdidit;
1538 1283 1675 1332 nec
1699 1257 2097 1357 quidquam
2125 1258 2264 1328 illis
2287 1259 2619 1346 comitiis,

496 1373 697 1466 quod
754 1372 930 1443 boni
972 1373 1107 1442 viri
1156 1370 1460 1458 vellent,
1504 1371 1643 1442 nisi
1681 1369 2080 1467 repulsam,
2115 1368 2300 1438 tulit.
2349 1365 2620 1440 Videtis

494 1481 748 1574 igitur,
798 1481 1147 1578 populum
1186 1482 1465 1577 ipsum,
1498 1494 1584 1550 ut
1628 1482 1725 1549 ita
1768 1477 2037 1564 dicam,
2071 1476 2217 1572 jam
2265 1501 2418 1546 non
2465 1501 2620 1550 esse

500 1590 926 1684 popularem
963 1615 982 1658 z
1020 1593 1148 1687 qui
1184 1593 1287 1661 ita
1324 1589 1789 1660 vehementer
1833 1609 1958 1658 eos
1981 1639 2001 1674 ‚
2067 1587 2194 1682 qui
2239 1585 2622 1684 populares

497 1697 901 1785 habentur,
946 1715 1283 1804 respuat3
1323 1725 1449 1772 eos
1492 1713 1776 1785 autem,
1807 1699 1934 1794 qui
1977 1701 2046 1768 ei
2090 1696 2336 1794 generi
2377 1695 2623 1768 adver-

499 1823 787 1894 santur,
840 1809 1119 1880 honore
1160 1811 1616 1908 dignissimos
1649 1808 1944 1904 judicet.

593 1919 767 1989 LIV.
782 1921 1171 1990 Veniamus
1198 1919 1287 1990 ad
1318 1918 1550 1990 ludos.
1580 1920 1774 1989 Facit
1801 1919 1992 1988 enim
2013 1969 2034 2002 ‚
2061 1914 2360 2011 judices,
2387 1929 2622 1986 vester

496 2027 571 2096 in
605 2049 719 2096 me
746 2027 1151 2099 animorum
1183 2028 1710 2125 oculorumque
1728 2027 2138 2121 conjectUS,
2162 2038 2244 2094 ut
2271 2023 2447 2112 mihi
2471 2025 2622 2119 jam

495 2136 713 2206 licere
748 2152 997 2234 putem
1044 2141 1447 2210 remissiore
1492 2140 1598 2208 uti
1633 2159 1894 2232 genere
1929 2133 2237 2204 dicendi.
2275 2135 2620 2205 Comitio·

491 2271 657 2318 rum
714 2263 789 2319 et
838 2253 1275 2321 concionum
1297 2258 1320 2294 ¹
1390 2246 1944 2344 significationes
2005 2241 2374 2332 interdum
2440 2267 2620 2314 verae

496 2373 689 2447 sunt,
718 2385 1265 2457 nonnumquam
1290 2361 1548 2429 vitiatae
1571 2371 1789 2453 atque
1815 2368 2170 2452 corruptae
2199 2379 2216 2421 ε
2243 2353 2621 2425 theatrales

498 2466 1044 2566 gladiatoriique
1088 2488 1467 2539 consessus
1501 2467 1845 2537 dicuntur
1881 2464 2180 2537 omnino
2220 2464 2484 2550 solere,
2529 2463 2623 2559 le-

491 2583 707 2649 vitate
744 2576 1265 2648 nonnullorum
1302 2588 1586 2673 emptos
1627 2574 1956 2672 plausus,
1997 2572 2214 2645 exiles
2235 2584 2264 2615 ²
2309 2586 2382 2643 et
2421 2596 2620 2645 raros

565 2806 614 2851 8.
653 2804 807 2849 Alter.
840 2802 1066 2849 Vidimus
1105 2818 1250 2867 supra
1284 2804 1514 2853 Clodium

490 2883 639 2933 fuisse
664 2881 869 2933 aedilem.
894 2883 990 2931 Hie
1012 2892 1175 2931 orator
1201 2882 1349 2931 verba
1370 2882 1515 2936 facit,

492 2964 553 3010 de
572 2963 701 3009 inani
712 2960 875 3021 huJus‚
890 2962 1015 3007 circa
1035 2963 1361 3025 magistratum
1375 2962 1513 3009 illum

492 3041 677 3089 ambitu
690 3055 921 3103 mamque
932 3040 1073 3089 multi
1082 3042 1153 3089 illi
1164 3040 1512 3105 repugnabant.

492 3124 695 3169 Senatus
708 3120 931 3169 censebat
946 3154 961 3177 ,
974 3132 1230 3185 antequam
1242 3121 1514 3184 eligeretur,

494 3198 800 3257 statuendum
831 3217 934 3252 esse
955 3200 1192 3261 judicium
1224 3198 1286 3247 de
1314 3216 1374 3247 eo
1402 3215 1515 3246 cum

494 3275 712 3337 Milone3
757 3280 1155 3343 quotiescumque
1192 3293 1307 3324 vero
1342 3276 1516 3324 consul

492 3355 721 3403 Metellus
734 3359 1019 3406 concionem
1042 3357 1272 3414 vocabat,
1292 3354 1516 3404 obstabat

492 3434 621 3480 'Milo
662 3434 785 3483 laeva
816 3436 1030 3500 auspicia
1072 3434 1377 3483 denuntians.
1418 3433 1514 3481 Sed

494 3512 707 3576 populus
728 3523 889 3561 tamen
913 3529 1037 3576 segre
1059 3512 1242 3561 ferebat
1257 3546 1271 3569 ‚
1298 3510 1444 3564 ludos
1466 3522 1516 3560 et

491 3591 766 3655 spectacula
786 3607 895 3654 quae
917 3591 1099 3639 dabant
1120 3590 1283 3639 aediles
1308 3588 1360 3637 in
1386 3589 1516 3641 diem

469 3672 561 3739 ‘sic
587 3670 827 3732 proferri,
860 3681 910 3718 et
940 3670 1035 3717 hoe
1064 3670 1115 3719 in
1142 3686 1282 3717 eausa
1310 3670 1401 3717 fuit
1426 3686 1516 3719 cur

492 3748 697 3799 Clodius
719 3747 991 3813 eligeretur.

560 3842 613 3889 9.
651 3829 829 3891 Legem
853 3826 1053 3874 AEliam.
1083 3826 1184 3873 Lex
1211 3826 1331 3873 AElia
1358 3826 1514 3889 legem

492 3906 639 3965 ferri,
674 3922 825 3969 quum
863 3904 1259 3964 obnuntiaretur‚
1299 3905 1513 3954 vetabat.

501 3986 725 4033 Vatinius
790 3984 1001 4049 neglexit
1037 3998 1051 4035 z
1095 3986 1146 4031 in
1190 3986 1413 4033 oratione
1461 3984 1514 4029 in

502 4065 657 4126 ipsum
686 4064 776 4112 bis.

1678 2819 1757 2853 10.
1789 2805 2055 2853 Consulem.
2085 2804 2158 2853 M.
2191 2803 2448 2866 Bibulum,
2475 2820 2620 2869 quem

1601 2885 1824 2935 Vatinius
1843 2885 1895 2931 in
1915 2900 2152 2934 carcerem
2173 2882 2284 2930 duci
2303 2884 2462 2943 jussit.

1676 2980 1698 3011 ι
1713 2981 1732 3011 1
1746 3001 1758 3013 .
1787 2966 1845 3011 Ec
1858 2962 2042 3029 gratia.
2075 2963 2192 3011 Inde
2212 2964 2368 3027 patuit
2385 2958 2620 3027 quantum

1601 3044 1826 3091 'Vatinius
1849 3042 2037 3107 populo
2060 3058 2164 3089 non
2191 3052 2416 3108 aceeptus
2444 3042 2618 3102 fuerit,
2697 3070 2706 3075 -

1602 3138 1752 3186 quum
1786 3122 1849 3170 ab
1887 3115 2300 3171 hominibus‘nou
2329 3137 2622 3187 magnopere

1603 3202 1823 3265 gratiosis
1841 3200 1905 3249 sit
1921 3202 2097 3248 victus.

1672 3282 1798 3328 LIV.
1837 3296 1876 3328 ι.
1907 3277 2209 3329 Οοιηίιίονὸιηι
2241 3289 2289 3325 et
2317 3276 2618 3326 concionum}

1602 3360 1722 3407 Haec-
1735 3358 1970 3424 profatur,
1983 3369 2038 3405 ut
2047 3360 2155 3422 quis
2167 3358 2311 3405 fuerit
2325 3357 2375 3403 in
2391 3356 2620 3406 Clodium

1600 3438 1774 3502 populi
1805 3452 1972 3489 sensus
2003 3436 2179 3485 clarius
2209 3448 2454 3501 apparent.
2495 3436 2621 3485 Nam

1599 3516 1714 3563 lieet
1747 3516 1898 3580 empti
1933 3516 2129 3580 plausus
2161 3516 2406 3564 interdum
2435 3516 2498 3563 ab
2523 3518 2620 3566 ho·-

1602 3594 1812 3649 minibus
1833 3594 2034 3657 perditis
2059 3596 2350 3653 excitentur,
2381 3598 2478 3643 rari
2506 3608 2622 3644 sunt

1603 3686 1762 3722 tamen
1785 3686 1833 3721 et
1851 3675 2015 3721 exiles.
2040 3675 2162 3723 Inde
2182 3676 2336 3739 liquet
2357 3692 2621 3739 cognosce·-

1603 3768 1655 3799 re
1677 3752 1799 3817 quid
1819 3750 1880 3799 de
1900 3753 2080 3801 Clodio
2099 3755 2315 3818 populus
2332 3764 2560 3805 censeret.

1675 3846 1702 3877 a
1715 3864 1726 3875 .
1747 3830 1956 3877 ὦσι-ἕεστο
1981 3833 2320 3881 nonnullorum
2347 3844 2527 3897 emptos
2549 3832 2622 3896 pl.

1603 3922 1650 3957 ec
1665 3909 1834 3957 exiles.
1861 3910 1926 3957 Ee
1942 3926 2042 3958 uon
2061 3924 2309 3977 comparet
2330 3913 2382 3960 iu
2399 3912 2476 3961 ed.
2497 3914 2624 3959 Her-

1602 3989 1799 4051 vagiana
1815 4022 1830 4045 ,
1863 4005 1972 4051 quae
1997 3993 2153 4055 prima
2189 3990 2322 4040 huuc
2349 3990 2509 4039 lucum
2538 4006 2622 4047 ex-

1599 4068 1770 4131 plevit.
1799 4068 1849 4117 J.
1868 4070 1930 4117 V.
1959 4072 2013 4118 L.
