<?xml version="1.0" encoding="UTF-8"?>
<!DOCTYPE html PUBLIC "-//W3C//DTD XHTML 1.0 Transitional//EN"
    "http://www.w3.org/TR/xhtml1/DTD/xhtml1-transitional.dtd">
<html xmlns="http://www.w3.org/1999/xhtml" xml:lang="en" lang="en">
 <head>
  <title>
</title>
<meta http-equiv="Content-Type" content="text/html;charset=utf-8" />
  <meta name='ocr-system' content='tesseract 3.04.00' />
  <meta name='ocr-capabilities' content='ocr_page ocr_carea ocr_par ocr_line ocrx_word'/>
</head>
<body>
  <div class='ocr_page' id='page_1' title='image "./mtciceronisquae08lemagoog/mtciceronisquae08lemagoog_0376.png"; bbox 0 0 2996 4694; ppageno 0'>
   <div class='ocr_carea' id='block_1_1' title="bbox 500 310 1992 463">
    <p class='ocr_par' dir='ltr' id='par_1_1' title="bbox 500 310 1992 463">
     <span class='ocr_line' id='line_1_1' title="bbox 500 310 1992 463; baseline -0.003 -23"><span class='ocrx_word' id='word_1_1' title='bbox 500 368 640 463; x_wconf 84' lang='lat'><strong>370</strong></span> <span class='ocrx_word' id='word_1_2' title='bbox 1144 365 1239 431; x_wconf 86' lang='grc' dir='ltr'><strong>Μ.</strong></span> <span class='ocrx_word' id='word_1_3' title='bbox 1290 310 1383 431; x_wconf 57' lang='lat' dir='ltr'><strong>T.</strong></span> <span class='ocrx_word' id='word_1_4' title='bbox 1420 364 1992 435; x_wconf 77' lang='lat' dir='ltr'>CICERONIS</span> 
     </span>
    </p>
   </div>
   <div class='ocr_carea' id='block_1_2' title="bbox 467 486 2616 2902">
    <p class='ocr_par' dir='ltr' id='par_1_2' title="bbox 491 486 2616 700">
     <span class='ocr_line' id='line_1_2' title="bbox 494 486 2616 593; baseline 0.002 -30"><span class='ocrx_word' id='word_1_5' title='bbox 494 491 791 593; x_wconf 81' lang='lat' dir='ltr'><strong>quidem</strong></span> <span class='ocrx_word' id='word_1_6' title='bbox 822 510 953 559; x_wconf 76' lang='lat' dir='ltr'><strong>vos</strong></span> <span class='ocrx_word' id='word_1_7' title='bbox 984 486 1359 558; x_wconf 78' lang='lat' dir='ltr'><strong>consules?</strong></span> <span class='ocrx_word' id='word_1_8' title='bbox 1385 488 1514 584; x_wconf 87' lang='lat' dir='ltr'><strong>qui</strong></span> <span class='ocrx_word' id='word_1_9' title='bbox 1554 486 1925 585; x_wconf 80' lang='lat' dir='ltr'><strong>praedones</strong></span> <span class='ocrx_word' id='word_1_10' title='bbox 1944 543 1964 577; x_wconf 93' lang='lat'><strong>‚</strong></span> <span class='ocrx_word' id='word_1_11' title='bbox 2001 492 2128 587; x_wconf 87' lang='lat' dir='ltr'><strong>qui</strong></span> <span class='ocrx_word' id='word_1_12' title='bbox 2160 490 2407 565; x_wconf 84' lang='lat' dir='ltr'><strong>hostes</strong></span> <span class='ocrx_word' id='word_1_13' title='bbox 2429 544 2452 579; x_wconf 86' lang='lat'>‚</span> <span class='ocrx_word' id='word_1_14' title='bbox 2487 500 2616 592; x_wconf 88' lang='lat' dir='ltr'><strong>qui</strong></span> 
     </span>
     <span class='ocr_line' id='line_1_3' title="bbox 491 596 2078 700; baseline -0.001 -27"><span class='ocrx_word' id='word_1_15' title='bbox 491 600 895 700; x_wconf 81' lang='lat' dir='ltr'>proditores</span> <span class='ocrx_word' id='word_1_16' title='bbox 913 652 933 686; x_wconf 92' lang='lat'>,</span> <span class='ocrx_word' id='word_1_17' title='bbox 972 598 1101 693; x_wconf 90' lang='lat' dir='ltr'><strong>qui</strong></span> <span class='ocrx_word' id='word_1_18' title='bbox 1140 598 1427 693; x_wconf 85' lang='lat' dir='ltr'><strong>tyranni</strong></span> <span class='ocrx_word' id='word_1_19' title='bbox 1462 596 2078 671; x_wconf 76' lang='lat' dir='ltr'><strong>nominabuntur?</strong></span> 
     </span>
    </p>

    <p class='ocr_par' dir='ltr' id='par_1_3' title="bbox 467 711 2616 2902">
     <span class='ocr_line' id='line_1_4' title="bbox 584 711 2616 811; baseline 0.001 -30"><span class='ocrx_word' id='word_1_20' title='bbox 584 715 708 781; x_wconf 88' lang='lat' dir='ltr'><strong>XI.</strong></span> <span class='ocrx_word' id='word_1_21' title='bbox 773 712 1117 805; x_wconf 86' lang='lat' dir='ltr'><strong>Magnum</strong></span> <span class='ocrx_word' id='word_1_22' title='bbox 1168 730 1439 779; x_wconf 88' lang='lat' dir='ltr'><strong>nomen</strong></span> <span class='ocrx_word' id='word_1_23' title='bbox 1490 722 1637 796; x_wconf 88' lang='lat' dir='ltr'><strong>est,</strong></span> <span class='ocrx_word' id='word_1_24' title='bbox 1685 732 1944 805; x_wconf 87' lang='lat' dir='ltr'><strong>magna</strong></span> <span class='ocrx_word' id='word_1_25' title='bbox 1997 711 2310 808; x_wconf 88' lang='lat' dir='ltr'><strong>species,</strong></span> <span class='ocrx_word' id='word_1_26' title='bbox 2363 738 2616 811; x_wconf 86' lang='lat' dir='ltr'><strong>magna</strong></span> 
     </span>
     <span class='ocr_line' id='line_1_5' title="bbox 488 817 2614 919; baseline 0 -27"><span class='ocrx_word' id='word_1_27' title='bbox 488 821 825 919; x_wconf 78' lang='lat' dir='ltr'><strong>dignitaS‚</strong></span> <span class='ocrx_word' id='word_1_28' title='bbox 864 842 1127 915; x_wconf 88' lang='lat' dir='ltr'><strong>magna</strong></span> <span class='ocrx_word' id='word_1_29' title='bbox 1172 817 1502 911; x_wconf 87' lang='lat' dir='ltr'><strong>majestas</strong></span> <span class='ocrx_word' id='word_1_30' title='bbox 1549 818 1915 890; x_wconf 86' lang='lat' dir='ltr'><strong>consulis:</strong></span> <span class='ocrx_word' id='word_1_31' title='bbox 1959 844 2112 891; x_wconf 88' lang='lat' dir='ltr'><strong>non</strong></span> <span class='ocrx_word' id='word_1_32' title='bbox 2149 822 2445 919; x_wconf 89' lang='lat' dir='ltr'><strong>capiunt</strong></span> <span class='ocrx_word' id='word_1_33' title='bbox 2485 847 2614 893; x_wconf 89' lang='lat' dir='ltr'><strong>an·</strong></span> 
     </span>
     <span class='ocr_line' id='line_1_6' title="bbox 485 927 2614 1032; baseline 0.001 -30"><span class='ocrx_word' id='word_1_34' title='bbox 485 931 733 1029; x_wconf 85' lang='lat' dir='ltr'><strong>gustiae</strong></span> <span class='ocrx_word' id='word_1_35' title='bbox 748 928 1063 1027; x_wconf 84' lang='lat' dir='ltr'><strong>pectoris</strong></span> <span class='ocrx_word' id='word_1_36' title='bbox 1086 927 1231 1011; x_wconf 83' lang='lat' dir='ltr'><strong>tui,</strong></span> <span class='ocrx_word' id='word_1_37' title='bbox 1263 952 1413 999; x_wconf 90' lang='lat' dir='ltr'><strong>non</strong></span> <span class='ocrx_word' id='word_1_38' title='bbox 1442 928 1697 1026; x_wconf 77' lang='lat' dir='ltr'>recipit</span> <span class='ocrx_word' id='word_1_39' title='bbox 1723 928 1970 1001; x_wconf 81' lang='lat' dir='ltr'><strong>levitas</strong></span> <span class='ocrx_word' id='word_1_40' title='bbox 1988 931 2142 1015; x_wconf 86' lang='lat' dir='ltr'><strong>ista,</strong></span> <span class='ocrx_word' id='word_1_41' title='bbox 2162 956 2314 1005; x_wconf 87' lang='lat' dir='ltr'><strong>non</strong></span> <span class='ocrx_word' id='word_1_42' title='bbox 2343 948 2614 1032; x_wconf 77' lang='lat' dir='ltr'><strong>egestas</strong></span> 
     </span>
     <span class='ocr_line' id='line_1_7' title="bbox 481 1036 2614 1135; baseline 0 -21"><span class='ocrx_word' id='word_1_43' title='bbox 481 1042 743 1128; x_wconf 82' lang='lat' dir='ltr'><strong>animi3</strong></span> <span class='ocrx_word' id='word_1_44' title='bbox 775 1063 923 1109; x_wconf 88' lang='lat' dir='ltr'><strong>non</strong></span> <span class='ocrx_word' id='word_1_45' title='bbox 952 1036 1325 1109; x_wconf 85' lang='lat' dir='ltr'><strong>infirmitas</strong></span> <span class='ocrx_word' id='word_1_46' title='bbox 1358 1038 1626 1135; x_wconf 85' lang='lat' dir='ltr'><strong>ingenii</strong></span> <span class='ocrx_word' id='word_1_47' title='bbox 1653 1039 1963 1111; x_wconf 88' lang='lat' dir='ltr'><strong>sustinet</strong></span> <span class='ocrx_word' id='word_1_48' title='bbox 1985 1094 2006 1129; x_wconf 91' lang='lat'>‚</span> <span class='ocrx_word' id='word_1_49' title='bbox 2043 1066 2196 1115; x_wconf 83' lang='lat' dir='ltr'><strong>non</strong></span> <span class='ocrx_word' id='word_1_50' title='bbox 2227 1040 2614 1114; x_wconf 83' lang='lat' dir='ltr'><strong>insolentia</strong></span> 
     </span>
     <span class='ocr_line' id='line_1_8' title="bbox 482 1147 2610 1248; baseline -0.001 -23"><span class='ocrx_word' id='word_1_51' title='bbox 482 1174 725 1225; x_wconf 87' lang='lat' dir='ltr'><strong>rerum</strong></span> <span class='ocrx_word' id='word_1_52' title='bbox 772 1147 1253 1222; x_wconf 84' lang='lat' dir='ltr'><strong>secundarum</strong></span> <span class='ocrx_word' id='word_1_53' title='bbox 1306 1162 1578 1219; x_wconf 86' lang='lat' dir='ltr'><strong>tantam</strong></span> <span class='ocrx_word' id='word_1_54' title='bbox 1632 1172 2014 1246; x_wconf 78' lang='lat' dir='ltr'>personam</span> <span class='ocrx_word' id='word_1_55' title='bbox 2036 1203 2056 1237; x_wconf 92' lang='lat'>,</span> <span class='ocrx_word' id='word_1_56' title='bbox 2097 1164 2242 1223; x_wconf 87' lang='lat' dir='ltr'><strong>tam</strong></span> <span class='ocrx_word' id='word_1_57' title='bbox 2286 1174 2570 1248; x_wconf 81' lang='lat' dir='ltr'><strong>gravem</strong></span> <span class='ocrx_word' id='word_1_58' title='bbox 2590 1204 2610 1238; x_wconf 87' lang='lat'>‚</span> 
     </span>
     <span class='ocr_line' id='line_1_9' title="bbox 482 1258 2610 1356; baseline -0.001 -20"><span class='ocrx_word' id='word_1_59' title='bbox 482 1279 628 1336; x_wconf 89' lang='lat' dir='ltr'><strong>tam</strong></span> <span class='ocrx_word' id='word_1_60' title='bbox 664 1282 1001 1334; x_wconf 87' lang='lat' dir='ltr'><strong>severam.</strong></span> <span class='ocrx_word' id='word_1_61' title='bbox 1045 1258 1361 1356; x_wconf 83' lang='lat' dir='ltr'>Seplasia</span> <span class='ocrx_word' id='word_1_62' title='bbox 1385 1268 1406 1303; x_wconf 85' lang='lat'>¹</span> <span class='ocrx_word' id='word_1_63' title='bbox 1452 1258 1851 1347; x_wconf 84' lang='lat' dir='ltr'>mehercle,</span> <span class='ocrx_word' id='word_1_64' title='bbox 1899 1274 1984 1331; x_wconf 88' lang='lat' dir='ltr'><strong>ut</strong></span> <span class='ocrx_word' id='word_1_65' title='bbox 2021 1259 2164 1333; x_wconf 88' lang='lat' dir='ltr'><strong>diei</strong></span> <span class='ocrx_word' id='word_1_66' title='bbox 2199 1261 2610 1347; x_wconf 80' lang='lat' dir='ltr'><strong>audiebam,</strong></span> 
     </span>
     <span class='ocr_line' id='line_1_10' title="bbox 478 1369 2613 1471; baseline -0.001 -26"><span class='ocrx_word' id='word_1_67' title='bbox 478 1390 551 1445; x_wconf 88' lang='lat' dir='ltr'><strong>te</strong></span> <span class='ocrx_word' id='word_1_68' title='bbox 574 1430 593 1461; x_wconf 90' lang='lat'>‚</span> <span class='ocrx_word' id='word_1_69' title='bbox 620 1386 703 1444; x_wconf 92' lang='lat' dir='ltr'><strong>ut</strong></span> <span class='ocrx_word' id='word_1_70' title='bbox 736 1374 1049 1470; x_wconf 84' lang='lat' dir='ltr'><strong>primum</strong></span> <span class='ocrx_word' id='word_1_71' title='bbox 1080 1369 1442 1468; x_wconf 82' lang='lat' dir='ltr'><strong>adspexit,</strong></span> <span class='ocrx_word' id='word_1_72' title='bbox 1478 1375 1923 1468; x_wconf 87' lang='lat' dir='ltr'><strong>Campanum</strong></span> <span class='ocrx_word' id='word_1_73' title='bbox 1957 1371 2371 1445; x_wconf 79' lang='lat' dir='ltr'><strong>consulem²</strong></span> <span class='ocrx_word' id='word_1_74' title='bbox 2399 1396 2613 1471; x_wconf 88' lang='lat' dir='ltr'><strong>repu-</strong></span> 
     </span>
     <span class='ocr_line' id='line_1_11' title="bbox 478 1477 2610 1579; baseline 0 -24"><span class='ocrx_word' id='word_1_75' title='bbox 478 1484 716 1556; x_wconf 87' lang='lat' dir='ltr'><strong>diavit.</strong></span> <span class='ocrx_word' id='word_1_76' title='bbox 746 1481 1089 1554; x_wconf 83' lang='lat' dir='ltr'><strong>Audierat</strong></span> <span class='ocrx_word' id='word_1_77' title='bbox 1115 1483 1411 1568; x_wconf 81' lang='lat' dir='ltr'>Decios,</span> <span class='ocrx_word' id='word_1_78' title='bbox 1430 1477 1778 1579; x_wconf 64' lang='lat' dir='ltr'><strong>Magios-³,</strong></span> <span class='ocrx_word' id='word_1_79' title='bbox 1808 1497 1880 1552; x_wconf 89' lang='lat' dir='ltr'><strong>et</strong></span> <span class='ocrx_word' id='word_1_80' title='bbox 1901 1482 1994 1553; x_wconf 93' lang='lat' dir='ltr'><strong>de</strong></span> <span class='ocrx_word' id='word_1_81' title='bbox 2023 1486 2300 1553; x_wconf 85' lang='lat' dir='ltr'><strong>Taurea</strong></span> <span class='ocrx_word' id='word_1_82' title='bbox 2333 1482 2458 1555; x_wconf 86' lang='lat' dir='ltr'><strong>illo</strong></span> <span class='ocrx_word' id='word_1_83' title='bbox 2491 1488 2610 1555; x_wconf 85' lang='lat' dir='ltr'><strong>Ju-</strong></span> 
     </span>
     <span class='ocr_line' id='line_1_12' title="bbox 476 1590 2610 1689; baseline 0 -24"><span class='ocrx_word' id='word_1_84' title='bbox 476 1594 697 1665; x_wconf 88' lang='lat' dir='ltr'><strong>bellio</strong></span> <span class='ocrx_word' id='word_1_85' title='bbox 724 1592 993 1689; x_wconf 86' lang='lat' dir='ltr'><strong>aliquid</strong></span> <span class='ocrx_word' id='word_1_86' title='bbox 1032 1604 1401 1689; x_wconf 86' lang='lat' dir='ltr'><strong>acceperat</strong></span> <span class='ocrx_word' id='word_1_87' title='bbox 1439 1618 1457 1661; x_wconf 75' lang='lat' dir='ltr'>z</span> <span class='ocrx_word' id='word_1_88' title='bbox 1494 1592 1572 1661; x_wconf 88' lang='lat' dir='ltr'><strong>in</strong></span> <span class='ocrx_word' id='word_1_89' title='bbox 1606 1590 1875 1689; x_wconf 87' lang='lat' dir='ltr'><strong>quibus</strong></span> <span class='ocrx_word' id='word_1_90' title='bbox 1913 1593 1974 1663; x_wconf 90' lang='lat' dir='ltr'><strong>si</strong></span> <span class='ocrx_word' id='word_1_91' title='bbox 2011 1592 2414 1667; x_wconf 83' lang='lat' dir='ltr'><strong>moderatio</strong></span> <span class='ocrx_word' id='word_1_92' title='bbox 2451 1592 2568 1665; x_wconf 87' lang='lat' dir='ltr'><strong>illa</strong></span> <span class='ocrx_word' id='word_1_93' title='bbox 2589 1648 2610 1679; x_wconf 89' lang='lat'>‚</span> 
     </span>
     <span class='ocr_line' id='line_1_13' title="bbox 476 1701 2610 1801; baseline 0 -27"><span class='ocrx_word' id='word_1_94' title='bbox 476 1726 639 1801; x_wconf 86' lang='lat' dir='ltr'><strong>quae</strong></span> <span class='ocrx_word' id='word_1_95' title='bbox 671 1706 749 1773; x_wconf 89' lang='lat' dir='ltr'><strong>in</strong></span> <span class='ocrx_word' id='word_1_96' title='bbox 788 1702 1050 1774; x_wconf 84' lang='lat' dir='ltr'><strong>nostris</strong></span> <span class='ocrx_word' id='word_1_97' title='bbox 1086 1701 1270 1773; x_wconf 86' lang='lat' dir='ltr'><strong>solet</strong></span> <span class='ocrx_word' id='word_1_98' title='bbox 1304 1726 1457 1773; x_wconf 86' lang='lat' dir='ltr'><strong>esse</strong></span> <span class='ocrx_word' id='word_1_99' title='bbox 1486 1701 1935 1790; x_wconf 74' lang='lat' dir='ltr'><strong>consulibua,</strong></span> <span class='ocrx_word' id='word_1_100' title='bbox 1967 1727 2122 1774; x_wconf 87' lang='lat' dir='ltr'><strong>non</strong></span> <span class='ocrx_word' id='word_1_101' title='bbox 2158 1702 2336 1789; x_wconf 80' lang='lat' dir='ltr'><strong>fuit3</strong></span> <span class='ocrx_word' id='word_1_102' title='bbox 2372 1718 2445 1775; x_wconf 87' lang='lat' dir='ltr'><strong>at</strong></span> <span class='ocrx_word' id='word_1_103' title='bbox 2473 1702 2610 1775; x_wconf 84' lang='lat' dir='ltr'><strong>fuit</strong></span> 
     </span>
     <span class='ocr_line' id='line_1_14' title="bbox 475 1810 2610 1912; baseline 0.001 -29"><span class='ocrx_word' id='word_1_104' title='bbox 475 1836 744 1912; x_wconf 86' lang='lat' dir='ltr'><strong>pompa</strong></span> <span class='ocrx_word' id='word_1_105' title='bbox 766 1866 785 1901; x_wconf 87' lang='lat'>‚</span> <span class='ocrx_word' id='word_1_106' title='bbox 829 1812 967 1883; x_wconf 83' lang='lat' dir='ltr'><strong>fuit</strong></span> <span class='ocrx_word' id='word_1_107' title='bbox 1011 1815 1279 1910; x_wconf 84' lang='lat' dir='ltr'><strong>species</strong></span> <span class='ocrx_word' id='word_1_108' title='bbox 1302 1866 1321 1899; x_wconf 95' lang='lat'><strong><em>,</em></strong></span> <span class='ocrx_word' id='word_1_109' title='bbox 1388 1810 1530 1883; x_wconf 84' lang='lat' dir='ltr'><strong>fuit</strong></span> <span class='ocrx_word' id='word_1_110' title='bbox 1579 1811 1950 1885; x_wconf 59' lang='grc' dir='ltr'><strong>ἐΰς-,6351134</strong></span> <span class='ocrx_word' id='word_1_111' title='bbox 1997 1812 2250 1885; x_wconf 79' lang='lat' dir='ltr'><strong>saltem</strong></span> <span class='ocrx_word' id='word_1_112' title='bbox 2303 1814 2610 1909; x_wconf 82' lang='lat' dir='ltr'><strong>Seplasia</strong></span> 
     </span>
     <span class='ocr_line' id='line_1_15' title="bbox 470 1920 2610 2021; baseline 0.002 -28"><span class='ocrx_word' id='word_1_113' title='bbox 470 1922 754 2021; x_wconf 69' lang='lat' dir='ltr'><strong>dignm,</strong></span> <span class='ocrx_word' id='word_1_114' title='bbox 766 1936 840 1993; x_wconf 88' lang='lat' dir='ltr'><strong>et</strong></span> <span class='ocrx_word' id='word_1_115' title='bbox 862 1926 1131 2019; x_wconf 81' lang='lat' dir='ltr'><strong>Capua.</strong></span> <span class='ocrx_word' id='word_1_116' title='bbox 1156 1920 1544 1993; x_wconf 88' lang='lat' dir='ltr'><strong>Gabinium</strong></span> <span class='ocrx_word' id='word_1_117' title='bbox 1567 1920 1884 2021; x_wconf 89' lang='lat' dir='ltr'><strong>denique</strong></span> <span class='ocrx_word' id='word_1_118' title='bbox 1907 1924 1967 1993; x_wconf 84' lang='lat' dir='ltr'><strong>si</strong></span> <span class='ocrx_word' id='word_1_119' title='bbox 1989 1922 2336 1995; x_wconf 85' lang='lat' dir='ltr'><strong>vidissent</strong></span> <span class='ocrx_word' id='word_1_120' title='bbox 2351 1924 2610 1997; x_wconf 89' lang='lat' dir='ltr'><strong>duum·</strong></span> 
     </span>
     <span class='ocr_line' id='line_1_16' title="bbox 473 2026 2611 2132; baseline 0.002 -28"><span class='ocrx_word' id='word_1_121' title='bbox 473 2035 704 2104; x_wconf 88' lang='lat' dir='ltr'><strong>virum</strong></span> <span class='ocrx_word' id='word_1_122' title='bbox 734 2032 951 2103; x_wconf 87' lang='lat' dir='ltr'><strong>vestri</strong></span> <span class='ocrx_word' id='word_1_123' title='bbox 974 2031 1076 2101; x_wconf 88' lang='lat' dir='ltr'><strong>illi</strong></span> <span class='ocrx_word' id='word_1_124' title='bbox 1102 2035 1601 2129; x_wconf 83' lang='lat' dir='ltr'><strong>unguentarii,</strong></span> <span class='ocrx_word' id='word_1_125' title='bbox 1631 2037 1842 2123; x_wconf 76' lang='lat' dir='ltr'><strong>eitius</strong></span> <span class='ocrx_word' id='word_1_126' title='bbox 1877 2026 2611 2132; x_wconf 49' lang='lat' dir='ltr'><strong>agnovissentssErant</strong></span> 
     </span>
     <span class='ocr_line' id='line_1_17' title="bbox 469 2134 2606 2241; baseline 0 -26"><span class='ocrx_word' id='word_1_127' title='bbox 469 2144 571 2215; x_wconf 91' lang='lat' dir='ltr'><strong>illi</strong></span> <span class='ocrx_word' id='word_1_128' title='bbox 608 2142 877 2241; x_wconf 83' lang='lat' dir='ltr'><strong>compti</strong></span> <span class='ocrx_word' id='word_1_129' title='bbox 908 2142 1183 2241; x_wconf 86' lang='lat' dir='ltr'><strong>capilli,</strong></span> <span class='ocrx_word' id='word_1_130' title='bbox 1210 2156 1282 2213; x_wconf 91' lang='lat' dir='ltr'><strong>et</strong></span> <span class='ocrx_word' id='word_1_131' title='bbox 1312 2142 1686 2215; x_wconf 84' lang='lat' dir='ltr'><strong>madentes</strong></span> <span class='ocrx_word' id='word_1_132' title='bbox 1705 2145 2217 2216; x_wconf 85' lang='lat' dir='ltr'><strong>cincinnorum</strong></span> <span class='ocrx_word' id='word_1_133' title='bbox 2231 2142 2535 2216; x_wconf 70' lang='lat' dir='ltr'><strong>fimbriae</strong></span> <span class='ocrx_word' id='word_1_134' title='bbox 2551 2134 2606 2231; x_wconf 83' lang='lat'><strong>⁵,</strong></span> 
     </span>
     <span class='ocr_line' id='line_1_18' title="bbox 470 2250 2608 2354; baseline 0 -28"><span class='ocrx_word' id='word_1_135' title='bbox 470 2270 542 2327; x_wconf 91' lang='lat' dir='ltr'><strong>et</strong></span> <span class='ocrx_word' id='word_1_136' title='bbox 588 2250 945 2326; x_wconf 84' lang='lat' dir='ltr'><strong>fluentes⁶</strong></span> <span class='ocrx_word' id='word_1_137' title='bbox 987 2268 1512 2352; x_wconf 86' lang='lat' dir='ltr'><strong>cerussataeque</strong></span> <span class='ocrx_word' id='word_1_138' title='bbox 1554 2252 1840 2340; x_wconf 68' lang='lat' dir='ltr'><strong>buccae,</strong></span> <span class='ocrx_word' id='word_1_139' title='bbox 1876 2252 2112 2354; x_wconf 82' lang='lat' dir='ltr'><strong>dignae</strong></span> <span class='ocrx_word' id='word_1_140' title='bbox 2155 2257 2402 2352; x_wconf 85' lang='lat' dir='ltr'><strong>Capua</strong></span> <span class='ocrx_word' id='word_1_141' title='bbox 2429 2306 2450 2341; x_wconf 86' lang='lat'>‚</span> <span class='ocrx_word' id='word_1_142' title='bbox 2479 2254 2608 2326; x_wconf 86' lang='lat' dir='ltr'><strong>sed</strong></span> 
     </span>
     <span class='ocr_line' id='line_1_19' title="bbox 468 2363 2606 2464; baseline -0.001 -26"><span class='ocrx_word' id='word_1_143' title='bbox 468 2367 587 2438; x_wconf 87' lang='lat' dir='ltr'><strong>illa</strong></span> <span class='ocrx_word' id='word_1_144' title='bbox 628 2380 891 2437; x_wconf 83' lang='lat' dir='ltr'><strong>vetere.</strong></span> <span class='ocrx_word' id='word_1_145' title='bbox 929 2367 1113 2434; x_wconf 87' lang='lat' dir='ltr'><strong>Nam</strong></span> <span class='ocrx_word' id='word_1_146' title='bbox 1154 2364 1312 2436; x_wconf 81' lang='lat' dir='ltr'><strong>haec</strong></span> <span class='ocrx_word' id='word_1_147' title='bbox 1354 2363 1684 2462; x_wconf 86' lang='lat' dir='ltr'><strong>quidem,</strong></span> <span class='ocrx_word' id='word_1_148' title='bbox 1723 2389 1886 2462; x_wconf 79' lang='lat' dir='ltr'><strong>quae</strong></span> <span class='ocrx_word' id='word_1_149' title='bbox 1924 2390 2122 2437; x_wconf 89' lang='lat' dir='ltr'><strong>nunc</strong></span> <span class='ocrx_word' id='word_1_150' title='bbox 2165 2377 2317 2450; x_wconf 84' lang='lat' dir='ltr'><strong>est,</strong></span> <span class='ocrx_word' id='word_1_151' title='bbox 2365 2365 2606 2464; x_wconf 87' lang='lat' dir='ltr'><strong>splen·</strong></span> 
     </span>
     <span class='ocr_line' id='line_1_20' title="bbox 468 2472 2605 2574; baseline -0 -27"><span class='ocrx_word' id='word_1_152' title='bbox 468 2475 1003 2548; x_wconf 88' lang='lat' dir='ltr'><strong>didissimorum</strong></span> <span class='ocrx_word' id='word_1_153' title='bbox 1026 2472 1432 2560; x_wconf 87' lang='lat' dir='ltr'><strong>hominum,</strong></span> <span class='ocrx_word' id='word_1_154' title='bbox 1458 2475 2012 2546; x_wconf 83' lang='lat' dir='ltr'><strong>fortissimorum</strong></span> <span class='ocrx_word' id='word_1_155' title='bbox 2037 2477 2388 2562; x_wconf 87' lang='lat' dir='ltr'><strong>virorum,</strong></span> <span class='ocrx_word' id='word_1_156' title='bbox 2419 2477 2605 2574; x_wconf 88' lang='lat' dir='ltr'><strong>opti·</strong></span> 
     </span>
     <span class='ocr_line' id='line_1_21' title="bbox 470 2582 2598 2681; baseline 0 -25"><span class='ocrx_word' id='word_1_157' title='bbox 470 2607 751 2656; x_wconf 87' lang='lat' dir='ltr'><strong>morum</strong></span> <span class='ocrx_word' id='word_1_158' title='bbox 809 2582 1123 2652; x_wconf 75' lang='lat' dir='ltr'><strong>civium?</strong></span> <span class='ocrx_word' id='word_1_159' title='bbox 1140 2635 1163 2668; x_wconf 88' lang='lat'><strong><em>,</em></strong></span> <span class='ocrx_word' id='word_1_160' title='bbox 1216 2583 1547 2681; x_wconf 51' lang='lat' dir='ltr'><strong>xmihique</strong></span> <span class='ocrx_word' id='word_1_161' title='bbox 1606 2585 2206 2656; x_wconf 83' lang='lat' dir='ltr'><strong>amicissimorum</strong></span> <span class='ocrx_word' id='word_1_162' title='bbox 2265 2587 2598 2657; x_wconf 86' lang='lat' dir='ltr'><strong>multitu-</strong></span> 
     </span>
     <span class='ocr_line' id='line_1_22' title="bbox 467 2690 2604 2793; baseline 0.002 -29"><span class='ocrx_word' id='word_1_163' title='bbox 467 2694 638 2764; x_wconf 87' lang='lat' dir='ltr'><strong>dine</strong></span> <span class='ocrx_word' id='word_1_164' title='bbox 661 2690 1051 2777; x_wconf 80' lang='lat' dir='ltr'><strong>redundat3</strong></span> <span class='ocrx_word' id='word_1_165' title='bbox 1090 2715 1410 2790; x_wconf 87' lang='lat' dir='ltr'><strong>quorum</strong></span> <span class='ocrx_word' id='word_1_166' title='bbox 1438 2697 1702 2792; x_wconf 83' lang='lat' dir='ltr'><strong>Capuae</strong></span> <span class='ocrx_word' id='word_1_167' title='bbox 1739 2709 1810 2766; x_wconf 91' lang='lat' dir='ltr'><strong>te</strong></span> <span class='ocrx_word' id='word_1_168' title='bbox 1851 2709 2349 2793; x_wconf 83' lang='lat' dir='ltr'><strong>praetextatum</strong></span> <span class='ocrx_word' id='word_1_169' title='bbox 2385 2721 2604 2768; x_wconf 89' lang='lat' dir='ltr'><strong>nemo</strong></span> 
     </span>
     <span class='ocr_line' id='line_1_23' title="bbox 468 2800 2604 2902; baseline 0.002 -28"><span class='ocrx_word' id='word_1_170' title='bbox 468 2800 795 2901; x_wconf 82' lang='lat' dir='ltr'><strong>adspexit</strong></span> <span class='ocrx_word' id='word_1_171' title='bbox 816 2855 835 2887; x_wconf 88' lang='lat'>‚</span> <span class='ocrx_word' id='word_1_172' title='bbox 872 2801 1000 2899; x_wconf 92' lang='lat' dir='ltr'><strong>qui</strong></span> <span class='ocrx_word' id='word_1_173' title='bbox 1033 2827 1181 2872; x_wconf 88' lang='lat' dir='ltr'><strong>non</strong></span> <span class='ocrx_word' id='word_1_174' title='bbox 1209 2814 1529 2899; x_wconf 87' lang='lat' dir='ltr'><strong>gemeret</strong></span> <span class='ocrx_word' id='word_1_175' title='bbox 1567 2804 1922 2877; x_wconf 87' lang='lat' dir='ltr'><strong>desiderio</strong></span> <span class='ocrx_word' id='word_1_176' title='bbox 1955 2807 2142 2886; x_wconf 85' lang='lat' dir='ltr'><strong>mei;</strong></span> <span class='ocrx_word' id='word_1_177' title='bbox 2177 2807 2382 2902; x_wconf 82' lang='lat' dir='ltr'><strong>eujus</strong></span> <span class='ocrx_word' id='word_1_178' title='bbox 2421 2831 2604 2878; x_wconf 87' lang='lat' dir='ltr'><strong>con-</strong></span> 
     </span>
    </p>
   </div>
   <div class='ocr_carea' id='block_1_3' title="bbox 462 2980 2602 3362">
    <p class='ocr_par' dir='ltr' id='par_1_4' title="bbox 462 2980 2602 3362">
     <span class='ocr_line' id='line_1_24' title="bbox 535 2980 2601 3051; baseline 0.001 -20"><span class='ocrx_word' id='word_1_179' title='bbox 535 2983 624 3031; x_wconf 75' lang='lat'><strong>11.</strong></span> <span class='ocrx_word' id='word_1_180' title='bbox 656 2997 701 3030; x_wconf 84' lang='lat'><strong>1.</strong></span> <span class='ocrx_word' id='word_1_181' title='bbox 728 2980 967 3046; x_wconf 73' lang='lat' dir='ltr'><strong>Seplasia.</strong></span> <span class='ocrx_word' id='word_1_182' title='bbox 1004 2981 1163 3030; x_wconf 75' lang='lat' dir='ltr'><strong>Platea</strong></span> <span class='ocrx_word' id='word_1_183' title='bbox 1192 2981 1401 3047; x_wconf 64' lang='lat' dir='ltr'><strong>Capua,</strong></span> <span class='ocrx_word' id='word_1_184' title='bbox 1432 2983 1487 3032; x_wconf 82' lang='lat' dir='ltr'><strong>in</strong></span> <span class='ocrx_word' id='word_1_185' title='bbox 1571 2993 1684 3032; x_wconf 77' lang='lat' dir='ltr'><strong>ante</strong></span> <span class='ocrx_word' id='word_1_186' title='bbox 1703 2999 1790 3032; x_wconf 69' lang='lat' dir='ltr'><strong>vot</strong></span> <span class='ocrx_word' id='word_1_187' title='bbox 1807 2985 2034 3035; x_wconf 67' lang='lat' dir='ltr'><strong>oon-ule·</strong></span> <span class='ocrx_word' id='word_1_188' title='bbox 2049 2985 2240 3034; x_wconf 68' lang='lat' dir='ltr'><strong>senatui</strong></span> <span class='ocrx_word' id='word_1_189' title='bbox 2257 2988 2558 3051; x_wconf 73' lang='lat' dir='ltr'><strong>paruerunt?</strong></span> <span class='ocrx_word' id='word_1_190' title='bbox 2577 3009 2601 3028; x_wconf 70' lang='lat' dir='ltr'><strong>n·</strong></span> 
     </span>
     <span class='ocr_line' id='line_1_25' title="bbox 463 3062 2602 3128; baseline 0.001 -18"><span class='ocrx_word' id='word_1_191' title='bbox 463 3077 559 3127; x_wconf 77' lang='lat' dir='ltr'><strong>qna</strong></span> <span class='ocrx_word' id='word_1_192' title='bbox 594 3062 909 3128; x_wconf 71' lang='lat' dir='ltr'><strong>unguentarii</strong></span> <span class='ocrx_word' id='word_1_193' title='bbox 944 3062 1343 3126; x_wconf 77' lang='lat' dir='ltr'><strong>negotiabantur,</strong></span> <span class='ocrx_word' id='word_1_194' title='bbox 1377 3079 1487 3112; x_wconf 87' lang='lat' dir='ltr'><strong>non</strong></span> <span class='ocrx_word' id='word_1_195' title='bbox 1646 3063 1694 3112; x_wconf 84' lang='lat'><strong>3.</strong></span> <span class='ocrx_word' id='word_1_196' title='bbox 1718 3063 1918 3124; x_wconf 71' lang='lat' dir='ltr'><strong>Decios,</strong></span> <span class='ocrx_word' id='word_1_197' title='bbox 1943 3064 2154 3128; x_wconf 71' lang='lat' dir='ltr'><strong>Magios.</strong></span> <span class='ocrx_word' id='word_1_198' title='bbox 2182 3067 2258 3114; x_wconf 88' lang='lat' dir='ltr'><strong>De</strong></span> <span class='ocrx_word' id='word_1_199' title='bbox 2283 3066 2416 3114; x_wconf 77' lang='lat' dir='ltr'><strong>hisee</strong></span> <span class='ocrx_word' id='word_1_200' title='bbox 2445 3065 2602 3114; x_wconf 82' lang='lat' dir='ltr'><strong>omni-</strong></span> 
     </span>
     <span class='ocr_line' id='line_1_26' title="bbox 464 3139 2601 3217; baseline 0.002 -27"><span class='ocrx_word' id='word_1_201' title='bbox 464 3142 568 3190; x_wconf 66' lang='grc' dir='ltr'><strong>ἀπο</strong></span> <span class='ocrx_word' id='word_1_202' title='bbox 583 3141 767 3190; x_wconf 77' lang='lat' dir='ltr'><strong>fraudi·</strong></span> <span class='ocrx_word' id='word_1_203' title='bbox 784 3143 1076 3206; x_wconf 71' lang='lat' dir='ltr'><strong>mpicione.</strong></span> <span class='ocrx_word' id='word_1_204' title='bbox 1090 3145 1150 3190; x_wconf 85' lang='lat' dir='ltr'><strong>In</strong></span> <span class='ocrx_word' id='word_1_205' title='bbox 1171 3143 1305 3192; x_wconf 84' lang='lat' dir='ltr'><strong>Rnll.</strong></span> <span class='ocrx_word' id='word_1_206' title='bbox 1323 3160 1373 3201; x_wconf 80' lang='lat'><strong>2,</strong></span> <span class='ocrx_word' id='word_1_207' title='bbox 1388 3139 1483 3206; x_wconf 77' lang='lat'><strong>933</strong></span> <span class='ocrx_word' id='word_1_208' title='bbox 1515 3201 1534 3217; x_wconf 43' lang='grc' dir='ltr'><em>ο</em></span> <span class='ocrx_word' id='word_1_209' title='bbox 1573 3143 1668 3192; x_wconf 70' lang='lat' dir='ltr'><strong>bns</strong></span> <span class='ocrx_word' id='word_1_210' title='bbox 1687 3141 1802 3192; x_wconf 81' lang='lat' dir='ltr'><strong>vide</strong></span> <span class='ocrx_word' id='word_1_211' title='bbox 1819 3141 1986 3192; x_wconf 78' lang='lat' dir='ltr'><strong>Valer-</strong></span> <span class='ocrx_word' id='word_1_212' title='bbox 2005 3143 2096 3194; x_wconf 77' lang='lat' dir='ltr'><strong>lib.</strong></span> <span class='ocrx_word' id='word_1_213' title='bbox 2109 3143 2173 3203; x_wconf 76' lang='lat' dir='ltr'><strong>V,</strong></span> <span class='ocrx_word' id='word_1_214' title='bbox 2195 3159 2304 3210; x_wconf 74' lang='lat' dir='ltr'><strong>eap-</strong></span> <span class='ocrx_word' id='word_1_215' title='bbox 2323 3147 2382 3204; x_wconf 83' lang='lat'><strong>6,</strong></span> <span class='ocrx_word' id='word_1_216' title='bbox 2405 3157 2454 3194; x_wconf 86' lang='lat' dir='ltr'><strong>et</strong></span> <span class='ocrx_word' id='word_1_217' title='bbox 2471 3145 2601 3196; x_wconf 75' lang='lat' dir='ltr'><strong>Plin.</strong></span> 
     </span>
     <span class='ocr_line' id='line_1_27' title="bbox 462 3221 2072 3287; baseline 0.002 -19"><span class='ocrx_word' id='word_1_218' title='bbox 462 3223 572 3271; x_wconf 81' lang='lat' dir='ltr'><strong>Val.</strong></span> <span class='ocrx_word' id='word_1_219' title='bbox 594 3223 729 3270; x_wconf 76' lang='lat' dir='ltr'><strong>Max.</strong></span> <span class='ocrx_word' id='word_1_220' title='bbox 753 3223 854 3280; x_wconf 70' lang='lat'><strong>11,</strong></span> <span class='ocrx_word' id='word_1_221' title='bbox 880 3237 926 3282; x_wconf 85' lang='lat'><strong>1,</strong></span> <span class='ocrx_word' id='word_1_222' title='bbox 952 3232 1051 3269; x_wconf 77' lang='lat' dir='ltr'><strong>ext.</strong></span> <span class='ocrx_word' id='word_1_223' title='bbox 1082 3237 1133 3277; x_wconf 74' lang='grc' dir='ltr'><strong>ις</strong></span> <span class='ocrx_word' id='word_1_224' title='bbox 1164 3222 1290 3270; x_wconf 81' lang='lat' dir='ltr'><strong>Plin.</strong></span> <span class='ocrx_word' id='word_1_225' title='bbox 1320 3223 1441 3271; x_wconf 80' lang='lat' dir='ltr'><strong>xv1</strong></span> <span class='ocrx_word' id='word_1_226' title='bbox 1462 3258 1481 3282; x_wconf 85' lang='lat'>‚</span> <span class='ocrx_word' id='word_1_227' title='bbox 1571 3221 1662 3270; x_wconf 82' lang='lat' dir='ltr'><strong>lib.</strong></span> <span class='ocrx_word' id='word_1_228' title='bbox 1694 3223 1822 3270; x_wconf 77' lang='lat' dir='ltr'><strong>XXI</strong></span> <span class='ocrx_word' id='word_1_229' title='bbox 1839 3253 1857 3282; x_wconf 87' lang='lat'>,</span> <span class='ocrx_word' id='word_1_230' title='bbox 1881 3238 1992 3287; x_wconf 75' lang='lat' dir='ltr'><strong>eap-</strong></span> <span class='ocrx_word' id='word_1_231' title='bbox 2019 3225 2072 3272; x_wconf 83' lang='lat'><strong>5.</strong></span> 
     </span>
     <span class='ocr_line' id='line_1_28' title="bbox 468 3299 2598 3362; baseline 0 -12"><span class='ocrx_word' id='word_1_232' title='bbox 468 3315 548 3360; x_wconf 81' lang='lat' dir='ltr'><strong>xo,</strong></span> <span class='ocrx_word' id='word_1_233' title='bbox 566 3302 816 3360; x_wconf 78' lang='lat' dir='ltr'>xxxw,</span> <span class='ocrx_word' id='word_1_234' title='bbox 848 3317 869 3346; x_wconf 74' lang='lat'>1</span> <span class='ocrx_word' id='word_1_235' title='bbox 886 3315 931 3362; x_wconf 87' lang='lat'><strong>1,</strong></span> <span class='ocrx_word' id='word_1_236' title='bbox 956 3311 1005 3348; x_wconf 83' lang='lat' dir='ltr'><strong>et</strong></span> <span class='ocrx_word' id='word_1_237' title='bbox 1030 3299 1131 3349; x_wconf 77' lang='lat' dir='ltr'><strong>alii.</strong></span> <span class='ocrx_word' id='word_1_238' title='bbox 1152 3301 1243 3347; x_wconf 76' lang='lat' dir='ltr'><strong>En.</strong></span> <span class='ocrx_word' id='word_1_239' title='bbox 1645 3307 1693 3355; x_wconf 74' lang='grc'><strong>4.</strong></span> <span class='ocrx_word' id='word_1_240' title='bbox 1723 3300 1836 3348; x_wconf 77' lang='lat' dir='ltr'><strong>Fuit</strong></span> <span class='ocrx_word' id='word_1_241' title='bbox 1859 3299 2094 3350; x_wconf 75' lang='lat' dir='ltr'><strong>incessus.</strong></span> <span class='ocrx_word' id='word_1_242' title='bbox 2127 3304 2351 3352; x_wconf 62' lang='lat' dir='ltr'><strong>Incusum</strong></span> <span class='ocrx_word' id='word_1_243' title='bbox 2375 3302 2598 3362; x_wconf 69' lang='lat' dir='ltr'><strong>maiesta-</strong></span> 
     </span>
    </p>
   </div>
   <div class='ocr_carea' id='block_1_4' title="bbox 456 3379 1481 4155">
    <p class='ocr_par' dir='ltr' id='par_1_5' title="bbox 456 3379 1481 4155">
     <span class='ocr_line' id='line_1_29' title="bbox 533 3379 1481 3443; baseline 0.001 -16"><span class='ocrx_word' id='word_1_244' title='bbox 533 3395 582 3428; x_wconf 77' lang='lat'><strong>2.</strong></span> <span class='ocrx_word' id='word_1_245' title='bbox 611 3379 916 3443; x_wconf 76' lang='lat' dir='ltr'><strong>Cmnpemum</strong></span> <span class='ocrx_word' id='word_1_246' title='bbox 938 3379 1199 3427; x_wconf 79' lang='lat' dir='ltr'><strong>consulem.</strong></span> <span class='ocrx_word' id='word_1_247' title='bbox 1220 3379 1481 3428; x_wconf 83' lang='lat' dir='ltr'><strong>Dnnmviri</strong></span> 
     </span>
     <span class='ocr_line' id='line_1_30' title="bbox 460 3455 1480 3523; baseline -0.003 -14"><span class='ocrx_word' id='word_1_248' title='bbox 460 3459 639 3523; x_wconf 63' lang='lat' dir='ltr'><strong>Capua</strong></span> <span class='ocrx_word' id='word_1_249' title='bbox 672 3473 766 3522; x_wconf 82' lang='lat' dir='ltr'><strong>pro</strong></span> <span class='ocrx_word' id='word_1_250' title='bbox 792 3456 1077 3506; x_wconf 76' lang='lat' dir='ltr'><strong>oonsulibus</strong></span> <span class='ocrx_word' id='word_1_251' title='bbox 1102 3466 1275 3504; x_wconf 77' lang='lat' dir='ltr'><strong>emntt</strong></span> <span class='ocrx_word' id='word_1_252' title='bbox 1308 3455 1480 3506; x_wconf 79' lang='lat' dir='ltr'><strong>dnum·</strong></span> 
     </span>
     <span class='ocr_line' id='line_1_31' title="bbox 460 3534 1477 3599; baseline -0.001 -14"><span class='ocrx_word' id='word_1_253' title='bbox 460 3537 595 3585; x_wconf 73' lang='lat' dir='ltr'><strong>vim·</strong></span> <span class='ocrx_word' id='word_1_254' title='bbox 610 3547 773 3584; x_wconf 75' lang='lat' dir='ltr'><strong>antem</strong></span> <span class='ocrx_word' id='word_1_255' title='bbox 787 3537 848 3586; x_wconf 91' lang='lat' dir='ltr'><strong>C.</strong></span> <span class='ocrx_word' id='word_1_256' title='bbox 868 3534 1367 3599; x_wconf 73' lang='lat' dir='ltr'><strong>caeur.oomnl,1‹=ge</strong></span> <span class='ocrx_word' id='word_1_257' title='bbox 1382 3535 1477 3584; x_wconf 78' lang='lat' dir='ltr'><strong>lata</strong></span> 
     </span>
     <span class='ocr_line' id='line_1_32' title="bbox 460 3613 1479 3680; baseline -0.003 -15"><span class='ocrx_word' id='word_1_258' title='bbox 460 3615 522 3665; x_wconf 85' lang='lat' dir='ltr'><strong>de</strong></span> <span class='ocrx_word' id='word_1_259' title='bbox 545 3631 665 3680; x_wconf 77' lang='lat' dir='ltr'><strong>agro</strong></span> <span class='ocrx_word' id='word_1_260' title='bbox 690 3615 939 3679; x_wconf 75' lang='lat' dir='ltr'><strong>Cnmp-no</strong></span> <span class='ocrx_word' id='word_1_261' title='bbox 968 3613 1265 3672; x_wconf 81' lang='lat' dir='ltr'><strong>dividendo,</strong></span> <span class='ocrx_word' id='word_1_262' title='bbox 1288 3629 1479 3662; x_wconf 75' lang='lat' dir='ltr'><strong>creave-</strong></span> 
     </span>
     <span class='ocr_line' id='line_1_33' title="bbox 456 3693 1481 3756; baseline -0.004 -10"><span class='ocrx_word' id='word_1_263' title='bbox 456 3705 533 3746; x_wconf 77' lang='lat' dir='ltr'><strong>rat</strong></span> <span class='ocrx_word' id='word_1_264' title='bbox 556 3709 779 3743; x_wconf 68' lang='lat' dir='ltr'><strong>socerum</strong></span> <span class='ocrx_word' id='word_1_265' title='bbox 808 3709 948 3741; x_wconf 72' lang='lat' dir='ltr'><strong>snum</strong></span> <span class='ocrx_word' id='word_1_266' title='bbox 980 3693 1203 3741; x_wconf 73' lang='lat' dir='ltr'><strong>Pisonem</strong></span> <span class='ocrx_word' id='word_1_267' title='bbox 1216 3727 1233 3753; x_wconf 89' lang='lat'><strong>‚</strong></span> <span class='ocrx_word' id='word_1_268' title='bbox 1262 3703 1312 3740; x_wconf 82' lang='lat' dir='ltr'><strong>et</strong></span> <span class='ocrx_word' id='word_1_269' title='bbox 1342 3707 1481 3756; x_wconf 76' lang='lat' dir='ltr'><strong>gene—</strong></span> 
     </span>
     <span class='ocr_line' id='line_1_34' title="bbox 456 3772 1475 3837; baseline -0.005 -12"><span class='ocrx_word' id='word_1_270' title='bbox 456 3791 565 3824; x_wconf 81' lang='lat' dir='ltr'><strong>rum</strong></span> <span class='ocrx_word' id='word_1_271' title='bbox 584 3775 679 3824; x_wconf 88' lang='lat' dir='ltr'><strong>Cn.</strong></span> <span class='ocrx_word' id='word_1_272' title='bbox 698 3772 1007 3837; x_wconf 84' lang='lat' dir='ltr'><strong>Pompeium.</strong></span> <span class='ocrx_word' id='word_1_273' title='bbox 1022 3773 1137 3820; x_wconf 75' lang='lat' dir='ltr'><strong>Post</strong></span> <span class='ocrx_word' id='word_1_274' title='bbox 1154 3772 1277 3821; x_wconf 72' lang='lat' dir='ltr'><strong>ned.</strong></span> <span class='ocrx_word' id='word_1_275' title='bbox 1295 3773 1346 3820; x_wconf 84' lang='lat' dir='ltr'><strong>in</strong></span> <span class='ocrx_word' id='word_1_276' title='bbox 1362 3775 1475 3821; x_wconf 86' lang='lat' dir='ltr'><strong>Sen.</strong></span> 
     </span>
     <span class='ocr_line' id='line_1_35' title="bbox 460 3851 1479 3919; baseline 0.005 -22"><span class='ocrx_word' id='word_1_277' title='bbox 460 3873 483 3897; x_wconf 73' lang='grc' dir='ltr'>ι</span> <span class='ocrx_word' id='word_1_278' title='bbox 504 3855 747 3919; x_wconf 74' lang='lat' dir='ltr'><strong>Capuoene</strong></span> <span class='ocrx_word' id='word_1_279' title='bbox 788 3864 837 3900; x_wconf 84' lang='lat' dir='ltr'><strong>te</strong></span> <span class='ocrx_word' id='word_1_280' title='bbox 870 3851 1107 3918; x_wconf 66' lang='lat' dir='ltr'><strong>putabas,</strong></span> <span class='ocrx_word' id='word_1_281' title='bbox 1140 3853 1195 3900; x_wconf 85' lang='lat' dir='ltr'><strong>in</strong></span> <span class='ocrx_word' id='word_1_282' title='bbox 1228 3867 1327 3916; x_wconf 75' lang='lat' dir='ltr'><strong>qna</strong></span> <span class='ocrx_word' id='word_1_283' title='bbox 1358 3853 1479 3903; x_wconf 83' lang='lat' dir='ltr'><strong>urbe</strong></span> 
     </span>
     <span class='ocr_line' id='line_1_36' title="bbox 456 3931 1479 3997; baseline -0.002 -15"><span class='ocrx_word' id='word_1_284' title='bbox 456 3933 755 3982; x_wconf 75' lang='lat' dir='ltr'><strong>domicilium</strong></span> <span class='ocrx_word' id='word_1_285' title='bbox 792 3931 1045 3997; x_wconf 77' lang='lat' dir='ltr'><strong>qnondam</strong></span> <span class='ocrx_word' id='word_1_286' title='bbox 1083 3931 1323 3997; x_wconf 63' lang='lat' dir='ltr'><strong>snperbia</strong></span> <span class='ocrx_word' id='word_1_287' title='bbox 1354 3931 1479 3990; x_wconf 73' lang='lat' dir='ltr'><strong>fnit,</strong></span> 
     </span>
     <span class='ocr_line' id='line_1_37' title="bbox 456 4011 1475 4069; baseline -0.002 -9"><span class='ocrx_word' id='word_1_288' title='bbox 456 4013 705 4062; x_wconf 72' lang='lat' dir='ltr'><strong>consulem</strong></span> <span class='ocrx_word' id='word_1_289' title='bbox 744 4027 847 4060; x_wconf 69' lang='lat' dir='ltr'><strong>eane</strong></span> <span class='ocrx_word' id='word_1_290' title='bbox 864 4045 881 4069; x_wconf 91' lang='lat'>‚</span> <span class='ocrx_word' id='word_1_291' title='bbox 920 4011 1049 4059; x_wconf 71' lang='lat' dir='ltr'><strong>sient</strong></span> <span class='ocrx_word' id='word_1_292' title='bbox 1096 4027 1199 4061; x_wconf 75' lang='lat' dir='ltr'><strong>eras</strong></span> <span class='ocrx_word' id='word_1_293' title='bbox 1246 4027 1307 4060; x_wconf 86' lang='lat' dir='ltr'><strong>eo</strong></span> <span class='ocrx_word' id='word_1_294' title='bbox 1350 4022 1475 4060; x_wconf 84' lang='lat' dir='ltr'><strong>tem-</strong></span> 
     </span>
     <span class='ocr_line' id='line_1_38' title="bbox 456 4090 1481 4155; baseline -0.002 -16"><span class='ocrx_word' id='word_1_295' title='bbox 456 4107 595 4155; x_wconf 83' lang='lat' dir='ltr'><strong>pore,</strong></span> <span class='ocrx_word' id='word_1_296' title='bbox 612 4107 675 4139; x_wconf 77' lang='lat' dir='ltr'><strong>an</strong></span> <span class='ocrx_word' id='word_1_297' title='bbox 694 4093 865 4140; x_wconf 66' lang='lat' dir='ltr'><strong>Roma</strong></span> <span class='ocrx_word' id='word_1_298' title='bbox 876 4126 891 4150; x_wconf 89' lang='lat'>,</span> <span class='ocrx_word' id='word_1_299' title='bbox 910 4092 963 4139; x_wconf 88' lang='lat' dir='ltr'><strong>in</strong></span> <span class='ocrx_word' id='word_1_300' title='bbox 981 4107 1075 4155; x_wconf 80' lang='lat' dir='ltr'><strong>qua</strong></span> <span class='ocrx_word' id='word_1_301' title='bbox 1098 4090 1295 4140; x_wconf 69' lang='lat' dir='ltr'><strong>civitate</strong></span> <span class='ocrx_word' id='word_1_302' title='bbox 1310 4107 1481 4140; x_wconf 73' lang='lat' dir='ltr'><strong>omnes</strong></span> 
     </span>
    </p>
   </div>
   <div class='ocr_carea' id='block_1_5' title="bbox 1567 3380 2600 4155">
    <p class='ocr_par' dir='ltr' id='par_1_6' title="bbox 1569 3380 2566 3448">
     <span class='ocr_line' id='line_1_39' title="bbox 1569 3380 2566 3448; baseline 0 -18"><span class='ocrx_word' id='word_1_303' title='bbox 1569 3392 1664 3430; x_wconf 80' lang='lat' dir='ltr'><strong>tem</strong></span> <span class='ocrx_word' id='word_1_304' title='bbox 1688 3381 1949 3444; x_wconf 68' lang='lat' dir='ltr'><strong>qnamdam</strong></span> <span class='ocrx_word' id='word_1_305' title='bbox 1975 3394 2027 3433; x_wconf 88' lang='lat' dir='ltr'><strong>et</strong></span> <span class='ocrx_word' id='word_1_306' title='bbox 2049 3397 2284 3446; x_wconf 74' lang='lat' dir='ltr'><strong>pompam</strong></span> <span class='ocrx_word' id='word_1_307' title='bbox 2307 3380 2566 3448; x_wconf 72' lang='lat' dir='ltr'><strong>signifieat.</strong></span> 
     </span>
    </p>

    <p class='ocr_par' dir='ltr' id='par_1_7' title="bbox 1567 3457 2600 3923">
     <span class='ocr_line' id='line_1_40' title="bbox 1643 3457 2600 3524; baseline 0.003 -18"><span class='ocrx_word' id='word_1_308' title='bbox 1643 3459 1692 3507; x_wconf 78' lang='lat'><strong>5.</strong></span> <span class='ocrx_word' id='word_1_309' title='bbox 1704 3457 1950 3506; x_wconf 68' lang='lat' dir='ltr'><strong>Fimbria.</strong></span> <span class='ocrx_word' id='word_1_310' title='bbox 1965 3460 2175 3519; x_wconf 72' lang='lat' dir='ltr'><strong>Servius,</strong></span> <span class='ocrx_word' id='word_1_311' title='bbox 2186 3459 2253 3508; x_wconf 77' lang='lat' dir='ltr'><strong>ad</strong></span> <span class='ocrx_word' id='word_1_312' title='bbox 2265 3462 2402 3524; x_wconf 82' lang='lat' dir='ltr'><strong>Virg.</strong></span> <span class='ocrx_word' id='word_1_313' title='bbox 2415 3462 2600 3524; x_wconf 60' lang='grc' dir='ltr'><strong>θροις.</strong></span> 
     </span>
     <span class='ocr_line' id='line_1_41' title="bbox 1567 3535 2591 3606; baseline 0.004 -22"><span class='ocrx_word' id='word_1_314' title='bbox 1567 3539 1610 3595; x_wconf 87' lang='lat'><strong>1,</strong></span> <span class='ocrx_word' id='word_1_315' title='bbox 1630 3549 1754 3595; x_wconf 77' lang='lat' dir='ltr'><strong>no,</strong></span> <span class='ocrx_word' id='word_1_316' title='bbox 1771 3535 1945 3601; x_wconf 72' lang='lat' dir='ltr'><strong>legisse</strong></span> <span class='ocrx_word' id='word_1_317' title='bbox 1977 3537 2174 3586; x_wconf 79' lang='lat' dir='ltr'><strong>videtur</strong></span> <span class='ocrx_word' id='word_1_318' title='bbox 2185 3537 2357 3606; x_wconf 65' lang='lat' dir='ltr'><strong>fibra.</strong></span> <span class='ocrx_word' id='word_1_319' title='bbox 2378 3541 2429 3590; x_wconf 80' lang='lat' dir='ltr'><strong>J.</strong></span> <span class='ocrx_word' id='word_1_320' title='bbox 2448 3540 2514 3587; x_wconf 81' lang='lat' dir='ltr'><strong>V.</strong></span> <span class='ocrx_word' id='word_1_321' title='bbox 2534 3541 2591 3588; x_wconf 81' lang='lat' dir='ltr'><strong>L.</strong></span> 
     </span>
     <span class='ocr_line' id='line_1_42' title="bbox 1567 3614 2596 3684; baseline 0.005 -22"><span class='ocrx_word' id='word_1_322' title='bbox 1567 3643 1638 3652; x_wconf 88' lang='lat'><strong>—-</strong></span> <span class='ocrx_word' id='word_1_323' title='bbox 1673 3614 1926 3675; x_wconf 61' lang='lat' dir='ltr'><strong>fimbria,</strong></span> <span class='ocrx_word' id='word_1_324' title='bbox 1964 3617 2292 3666; x_wconf 74' lang='lat' dir='ltr'><strong>extremitates</strong></span> <span class='ocrx_word' id='word_1_325' title='bbox 2307 3653 2326 3680; x_wconf 89' lang='lat'>‚</span> <span class='ocrx_word' id='word_1_326' title='bbox 2366 3634 2395 3666; x_wconf 77' lang='lat' dir='ltr'><strong>a</strong></span> <span class='ocrx_word' id='word_1_327' title='bbox 2419 3617 2564 3684; x_wconf 79' lang='lat' dir='ltr'><strong>fibro</strong></span> <span class='ocrx_word' id='word_1_328' title='bbox 2575 3653 2596 3680; x_wconf 85' lang='lat'><em>,</em></span> 
     </span>
     <span class='ocr_line' id='line_1_43' title="bbox 1569 3693 2598 3758; baseline 0.004 -16"><span class='ocrx_word' id='word_1_329' title='bbox 1569 3693 1708 3757; x_wconf 83' lang='lat' dir='ltr'><strong>qnod</strong></span> <span class='ocrx_word' id='word_1_330' title='bbox 1739 3696 1952 3758; x_wconf 73' lang='lat' dir='ltr'><strong>antiquis</strong></span> <span class='ocrx_word' id='word_1_331' title='bbox 1985 3706 2256 3745; x_wconf 82' lang='lat' dir='ltr'><strong>extremum</strong></span> <span class='ocrx_word' id='word_1_332' title='bbox 2293 3707 2411 3747; x_wconf 77' lang='lat' dir='ltr'><strong>erat.</strong></span> <span class='ocrx_word' id='word_1_333' title='bbox 2441 3699 2598 3746; x_wconf 68' lang='lat' dir='ltr'><strong>Vane</strong></span> 
     </span>
     <span class='ocr_line' id='line_1_44' title="bbox 1570 3767 2598 3836; baseline 0.002 -16"><span class='ocrx_word' id='word_1_334' title='bbox 1570 3771 1632 3820; x_wconf 87' lang='lat' dir='ltr'><strong>‹le</strong></span> <span class='ocrx_word' id='word_1_335' title='bbox 1659 3772 1798 3836; x_wconf 75' lang='lat' dir='ltr'><strong>Ling.</strong></span> <span class='ocrx_word' id='word_1_336' title='bbox 1823 3775 1927 3822; x_wconf 71' lang='lat' dir='ltr'><strong>Lat.</strong></span> <span class='ocrx_word' id='word_1_337' title='bbox 1955 3767 2074 3836; x_wconf 49' lang='lat' dir='ltr'><strong>lv(</strong></span> <span class='ocrx_word' id='word_1_338' title='bbox 2093 3775 2179 3823; x_wconf 77' lang='lat'><strong>13.</strong></span> <span class='ocrx_word' id='word_1_339' title='bbox 2224 3801 2297 3812; x_wconf 87' lang='lat'><strong>—-</strong></span> <span class='ocrx_word' id='word_1_340' title='bbox 2339 3774 2598 3834; x_wconf 69' lang='lat' dir='ltr'><strong>Ca&#39;teet&#39;nm‘,</strong></span> 
     </span>
     <span class='ocr_line' id='line_1_45' title="bbox 1572 3852 2326 3923; baseline 0.008 -23"><span class='ocrx_word' id='word_1_341' title='bbox 1572 3852 1729 3900; x_wconf 67' lang='lat' dir='ltr'><strong>crines</strong></span> <span class='ocrx_word' id='word_1_342' title='bbox 1751 3853 1940 3903; x_wconf 83' lang='lat' dir='ltr'><strong>intorti.</strong></span> <span class='ocrx_word' id='word_1_343' title='bbox 1963 3855 2052 3902; x_wconf 82' lang='lat' dir='ltr'><strong>Gr.</strong></span> <span class='ocrx_word' id='word_1_344' title='bbox 2069 3852 2326 3923; x_wconf 73' lang='grc' dir='ltr'><strong>κίγκιννος.</strong></span> 
     </span>
    </p>

    <p class='ocr_par' dir='ltr' id='par_1_8' title="bbox 1569 3931 2595 4075">
     <span class='ocr_line' id='line_1_46' title="bbox 1640 3931 2595 3998; baseline 0.002 -18"><span class='ocrx_word' id='word_1_345' title='bbox 1640 3931 1691 3980; x_wconf 86' lang='grc'><strong>6.</strong></span> <span class='ocrx_word' id='word_1_346' title='bbox 1710 3931 1934 3982; x_wconf 67' lang='lat' dir='ltr'><strong>fluentes</strong></span> <span class='ocrx_word' id='word_1_347' title='bbox 1961 3932 2144 3982; x_wconf 69' lang='lat' dir='ltr'><strong>bucca.</strong></span> <span class='ocrx_word' id='word_1_348' title='bbox 2163 3934 2374 3998; x_wconf 81' lang='lat' dir='ltr'><strong>Propter</strong></span> <span class='ocrx_word' id='word_1_349' title='bbox 2395 3934 2595 3982; x_wconf 64' lang='lat' dir='ltr'><strong>ninnium</strong></span> 
     </span>
     <span class='ocr_line' id='line_1_47' title="bbox 1569 4011 2292 4075; baseline 0.003 -16"><span class='ocrx_word' id='word_1_350' title='bbox 1569 4011 1918 4075; x_wconf 72' lang='lat' dir='ltr'><strong>pinguedinem</strong></span> <span class='ocrx_word' id='word_1_351' title='bbox 1939 4023 1989 4061; x_wconf 86' lang='lat' dir='ltr'><strong>et</strong></span> <span class='ocrx_word' id='word_1_352' title='bbox 2015 4011 2292 4062; x_wconf 80' lang='lat' dir='ltr'><strong>mollitiem.</strong></span> 
     </span>
    </p>

    <p class='ocr_par' dir='ltr' id='par_1_9' title="bbox 1643 4089 2594 4155">
     <span class='ocr_line' id='line_1_48' title="bbox 1643 4089 2594 4155; baseline -0.001 -16"><span class='ocrx_word' id='word_1_353' title='bbox 1643 4105 1691 4152; x_wconf 76' lang='lat'><strong>7.</strong></span> <span class='ocrx_word' id='word_1_354' title='bbox 1726 4089 2030 4155; x_wconf 69' lang='lat' dir='ltr'><strong>optimorum</strong></span> <span class='ocrx_word' id='word_1_355' title='bbox 2061 4089 2252 4140; x_wconf 71' lang='lat' dir='ltr'><strong>civium.</strong></span> <span class='ocrx_word' id='word_1_356' title='bbox 2279 4092 2431 4140; x_wconf 74' lang='lat' dir='ltr'><strong>Erant</strong></span> <span class='ocrx_word' id='word_1_357' title='bbox 2463 4090 2594 4138; x_wconf 80' lang='lat' dir='ltr'><strong>enin</strong></span> 
     </span>
    </p>
   </div>
  </div>
 </body>
</html>
