2996 4694
847 393 1228 463 ORATIO
1275 394 1484 461 PRO
1535 394 1609 461 P.
1660 393 2069 462 SEXTIO.
2388 415 2517 485 ¹¹7

395 517 582 588 idem
633 516 849 587 etiam
883 515 1109 610 ipsius
1163 513 1462 585 coloniae
1508 511 1983 600 Brundisinae,
2016 512 2365 610 idemque
2394 516 2521 584 Sa-

397 626 648 713 lutis43
713 646 1092 721 quumque
1144 647 1263 695 me
1313 623 1578 696 domus
1640 622 1891 695 eadem
1946 624 2389 720 optimorum
2452 638 2527 695 et

397 734 976 807 doctissimorum
1035 734 1393 823 virorum,
1435 734 1638 806 Lenii
1690 734 1954 822 Flacci,
2007 748 2079 804 et
2128 734 2349 830 patris
2371 787 2392 819 ‚
2452 746 2526 805 et

400 843 638 916 fratris
679 845 838 941 ejus
855 898 875 931 ,
937 844 1289 916 laetissima
1323 849 1711 943 accepisset
1728 898 1747 931 ‚
1778 868 1937 942 quae
1970 843 2300 941 proximo
2334 867 2526 913 anno

403 978 716 1025 moerens
781 968 1156 1051 receperat
1182 1008 1203 1041 ,
1255 968 1328 1026 et
1380 978 1515 1027 suo
1575 953 1907 1053 praesidio
1933 1008 1953 1043 ,
2013 954 2481 1052 periculoque
2502 951 2529 995 ⁵

401 1062 824 1137 defenderat
849 1092 870 1151 ς
899 1088 1276 1161 quumque
1302 1066 1557 1136 itinere
1602 1078 1758 1136 toto
1794 1063 2015 1137 urbes
2050 1063 2271 1135 Italiae
2309 1061 2529 1135 festos

406 1175 560 1246 dies
595 1198 805 1272 agere
841 1172 1187 1246 adventus
1217 1177 1357 1247 mei
1395 1172 1862 1261 videbantur,
1902 1175 2031 1244 viae
2067 1171 2530 1244 multitudine

409 1288 804 1382 legatorum
821 1282 1146 1383 undique
1165 1288 1545 1357 missorum
1561 1284 2133 1373 celebrabantur,
2158 1284 2249 1355 ad
2276 1282 2533 1355 urbem

411 1418 730 1467 accessus
770 1394 1176 1467 incredibili
1211 1393 1593 1466 hominum
1622 1394 2085 1465 multitudine
2121 1408 2194 1465 et
2227 1393 2539 1491 gratula-

419 1508 620 1575 tione
673 1503 1013 1591 florebat3
1065 1506 1204 1575 iter
1252 1528 1293 1575 a
1335 1519 1573 1603 porta,
1606 1507 1684 1575 in
1726 1502 2213 1602 Capitolium⁶
2250 1502 2539 1575 adscen-

413 1638 574 1701 sus»,
613 1612 958 1685 domum⁷
1029 1613 1304 1686 reditus
1366 1630 1522 1687 erat
1573 1614 1962 1711 ejusmodi,
2014 1631 2099 1686 ut
2141 1639 2421 1687 summa
2466 1613 2541 1683 in

412 1724 650 1795 laetitia
685 1722 866 1794 illud
901 1721 1220 1796 dolerem
1245 1780 1264 1810 ‚
1296 1726 1655 1797 civitatem
1691 1740 1837 1796 tam
1870 1740 2181 1824 gratam,
2219 1740 2365 1796 tam
2409 1727 2547 1794 mi·-

415 1833 640 1906 seram
684 1849 905 1931 atque
949 1858 1370 1932 oppressam
1411 1834 1653 1907 fuisse.

512 1940 746 2015 Habes
771 1944 1023 2039 igitur,
1053 1943 1256 2040 quod
1282 1969 1369 2015 ex
1399 1968 1519 2014 me
1550 1946 1861 2042 quaesisti
1880 1998 1900 2031 ,
1932 1946 2061 2041 qui
2099 1958 2338 2014 essent
2364 1947 2549 2042 opti·

417 2067 646 2123 mates
671 2046 726 2121 ⁸.
763 2054 930 2123 Non
969 2066 1076 2123 est
1111 2057 1310 2123 natio
1335 2108 1355 2139 ,
1385 2068 1468 2124 ut
1514 2054 1755 2124 dixisti
1786 2081 1802 2123 ε
1842 2053 2045 2149 quod
2078 2077 2215 2149 ego
2250 2052 2550 2124 verbum

419 2164 752 2257 agnovi9.
773 2166 901 2232 Est
927 2164 1120 2233 enim
1151 2162 1376 2249 illius,
1400 2186 1439 2233 a
1471 2186 1625 2259 quo
1656 2188 1807 2233 uno
1839 2163 2144 2234 maxime
2172 2166 2243 2232 P.
2273 2165 2554 2233 Sextius

420 2296 498 2343 se
525 2272 936 2370 oppugnari
969 2270 1163 2343 videt
1183 2327 1203 2361 ,
1227 2272 1543 2342 hominis
1572 2272 1727 2367 ejus
1747 2326 1768 2356 ,
1802 2272 1929 2368 qui
1969 2270 2155 2341 hanc
2186 2273 2553 2342 nationem

421 2380 646 2452 deleri
684 2395 757 2452 et
793 2381 1075 2453 concidi
1111 2382 1421 2480 cupivit3
1449 2383 1577 2480 qui
1614 2386 1693 2452 C.
1715 2385 2062 2453 Coesarem
2088 2434 2107 2468 ,
2138 2381 2386 2451 mitem
2424 2379 2555 2452 ho-

427 2493 696 2562 minem
713 2545 733 2576 ,
759 2505 834 2562 et
859 2515 900 2562 a
923 2490 1113 2562 caede
1141 2490 1657 2562 abhorrentem
1682 2547 1701 2582 ,
1722 2516 1908 2590 saepe
1946 2492 2343 2588 increpuit,
2373 2515 2559 2588 saepe

425 2601 818 2686 accusavit,
855 2624 1084 2697 quum
1123 2598 1511 2671 affirmaret
1536 2654 1555 2687 ,
1602 2601 1807 2672 illum
1866 2625 2267 2697 numquam
2301 2655 2320 2689 ,
2382 2598 2557 2671 dum

431 2711 580 2781 haec
621 2710 824 2780 natio
861 2713 1168 2796 viveret,
1218 2713 1371 2783 sine
1418 2736 1588 2783 cura
1624 2710 1973 2783 futurum.
2023 2710 2220 2783 Nihil
2256 2709 2561 2810 profecit

430 2819 524 2891 de
567 2820 1044 2892 universis¹⁰:
1080 2819 1170 2892 de
1218 2846 1340 2892 me
1370 2845 1581 2918 agere
1632 2847 1781 2893 non
1824 2821 2138 2910 destitit3
2178 2845 2292 2893 me
2334 2845 2563 2919 oppu-

432 2933 710 3028 gnavit3
767 2930 1084 3030 primum
1138 2956 1270 3029 per
1329 2931 1640 3004 indicem
1694 2933 2021 3004 Vettium
2047 2941 2142 3022 ⁸¹,
2214 2953 2430 3028 quem
2488 2933 2567 3000 iu

508 3191 558 3239 4.
575 3183 771 3232 Salutis.
789 3185 900 3232 Boe
914 3182 994 3232 die
1007 3182 1192 3233 seilicet
1203 3181 1460 3232 conditum
1547 3181 1953 3243 exaedificaverat3
1972 3183 2055 3230 sed
2071 3198 2196 3240 eam,
2213 3183 2408 3246 opinor,
2423 3184 2569 3246 quam

439 3261 534 3310 fnit
551 3261 782 3326 templum
803 3263 955 3310 Saluti
975 3272 1328 3312 consecratum.
1546 3261 1754 3310 habebat
1792 3265 1843 3310 in
1877 3263 2131 3312 Ceramia:
2167 3260 2227 3308 de
2253 3277 2347 3326 qua
2384 3261 2471 3309 lib.
2506 3261 2571 3310 ad

515 3341 563 3386 5.
604 3341 938 3404 Periculoque.
989 3341 1213 3405 Namque
1261 3340 1462 3390 Clodius
1550 3343 1766 3389 Atticum
1792 3345 1881 3392 IV.

441 3420 548 3483 lege
572 3420 806 3467 sancitum
829 3418 1074 3480 voluerat,
1105 3435 1166 3468 ne
1187 3422 1294 3484 quis
1322 3420 1461 3469 Cice·
1627 3421 1674 3468 8.
1701 3419 1981 3483 Optimaees.
2009 3422 2119 3468 Hoc
2141 3429 2237 3479 est,
2262 3419 2351 3466 viri
2373 3419 2515 3470 boni.

441 3511 610 3545 rouen
623 3499 835 3547 exsule-
849 3500 974 3546 intra
993 3499 1346 3564 quadringenta
1359 3499 1465 3547 mll-
1626 3513 1674 3560 9.
1702 3498 1909 3564 Agnooi.
1932 3498 2158 3548 Intellexi
2176 3500 2254 3560 cuj
2262 3515 2317 3546 us
2337 3499 2417 3558 sit,
2434 3515 2459 3546 a
2475 3515 2575 3564 quo

443 3579 508 3625 tia
529 3592 756 3640 passuum
775 3588 907 3626 tecto
923 3578 1129 3638 juvaret.
1554 3579 1859 3643 usurpaveris
1896 3579 2098 3628 verbum
2137 3577 2291 3640 illud3
2325 3594 2352 3625 a
2375 3577 2577 3626 Vatinio

516 3657 566 3702 6.
593 3657 654 3702 In
685 3655 988 3720 Capitolium.
1018 3657 1234 3704 Primum
1255 3657 1385 3704 enim
1405 3655 1469 3704 ad
1556 3656 1769 3718 seilicet,
1795 3657 1880 3721 qui
1910 3658 1959 3704 in
1984 3655 2203 3704 Sextium
2220 3657 2425 3704 maxime
2445 3657 2581 3705 inve·

445 3733 653 3799 agendas
676 3735 793 3782 Jovi
817 3735 1020 3800 Optimo
1047 3736 1268 3784 Maximo
1296 3736 1469 3800 gratias
1556 3737 1719 3796 hitur;
1746 3736 1800 3782 in
1822 3735 1953 3783 hunc
1980 3737 2157 3802 scripta
2192 3746 2263 3782 est
2288 3751 2396 3799 quie
2422 3735 2584 3798 sequi-

445 3813 568 3874 ivit,
593 3813 732 3877 quod
758 3831 808 3863 se
835 3815 1002 3879 patrie
1028 3825 1302 3878 compotem
1329 3814 1473 3862 fecis-
1561 3824 1641 3862 tnr
1659 3814 1836 3861 oratio.

447 3902 552 3954 ,εἰς
571 3891 748 3941 deinde
763 3893 828 3942 ad
842 3909 958 3942 suos
977 3903 1170 3957 penates
1187 3893 1474 3958 aCapitolio
1639 3907 1720 3940 ιο.
1761 3891 2011 3940 Πηίνοηίε.
2038 3891 2153 3939 Non
2181 3890 2244 3938 ad
2270 3889 2321 3936 id
2344 3891 2583 3938 Caesarem

449 3973 666 4032 revertit.
1566 3969 1758 4035 impulit
1774 4005 1789 4028 ,
1810 3982 1866 4017 ut
1889 3985 2055 4019 omnes
2088 3971 2143 4016 iu
2179 3970 2435 4034 optimates
2460 3967 2509 4014 vi
2538 3979 2589 4014 et

523 4065 573 4116 7.
602 4053 834 4100 Domum.
863 4052 982 4100 Nou
999 4050 1260 4100 Palatinam
1277 4067 1293 4110 ς
1311 4051 1362 4100 in
1380 4067 1476 4116 qua
1568 4049 1712 4098 armis
1737 4051 1959 4096 irrueret.

451 4143 618 4178 eversa
660 4129 864 4179 Clodius
925 4128 1156 4192 templum
1225 4130 1480 4180 Libertatis
1647 4143 1669 4175 1
1684 4143 1725 4176 1.
1768 4125 1983 4174 Iudicem
2014 4123 2240 4174 Vettium.
2280 4125 2384 4173 Hac
2408 4125 2461 4172 in
2490 4140 2597 4172 ora-
