<?xml version="1.0" encoding="UTF-8"?>
<!DOCTYPE html PUBLIC "-//W3C//DTD XHTML 1.0 Transitional//EN"
    "http://www.w3.org/TR/xhtml1/DTD/xhtml1-transitional.dtd">
<html xmlns="http://www.w3.org/1999/xhtml" xml:lang="en" lang="en">
 <head>
  <title>
</title>
<meta http-equiv="Content-Type" content="text/html;charset=utf-8" />
  <meta name='ocr-system' content='tesseract 3.04.00' />
  <meta name='ocr-capabilities' content='ocr_page ocr_carea ocr_par ocr_line ocrx_word'/>
</head>
<body>
  <div class='ocr_page' id='page_1' title='image "./mtciceronisquae08lemagoog/mtciceronisquae08lemagoog_0340.png"; bbox 0 0 2996 4694; ppageno 0'>
   <div class='ocr_carea' id='block_1_1' title="bbox 500 358 2002 436">
    <p class='ocr_par' dir='ltr' id='par_1_1' title="bbox 500 358 2002 436">
     <span class='ocr_line' id='line_1_1' title="bbox 500 358 2002 436; baseline 0.001 -5"><span class='ocrx_word' id='word_1_1' title='bbox 500 358 637 431; x_wconf 79' lang='lat'><strong>332</strong></span> <span class='ocrx_word' id='word_1_2' title='bbox 1126 364 1225 431; x_wconf 85' lang='lat' dir='ltr'><strong>M.</strong></span> <span class='ocrx_word' id='word_1_3' title='bbox 1258 366 1355 433; x_wconf 91' lang='lat' dir='ltr'><strong>·T.</strong></span> <span class='ocrx_word' id='word_1_4' title='bbox 1407 365 2002 436; x_wconf 86' lang='lat' dir='ltr'>CICERONIS</span> 
     </span>
    </p>
   </div>
   <div class='ocr_carea' id='block_1_2' title="bbox 504 481 2646 2341">
    <p class='ocr_par' dir='ltr' id='par_1_2' title="bbox 504 481 2646 2341">
     <span class='ocr_line' id='line_1_2' title="bbox 504 481 2632 585; baseline 0.002 -30"><span class='ocrx_word' id='word_1_5' title='bbox 504 508 731 582; x_wconf 89' lang='lat' dir='ltr'><strong>quum</strong></span> <span class='ocrx_word' id='word_1_6' title='bbox 776 481 1084 556; x_wconf 86' lang='lat' dir='ltr'><strong>disertus</strong></span> <span class='ocrx_word' id='word_1_7' title='bbox 1126 484 1351 556; x_wconf 86' lang='lat' dir='ltr'><strong>homo</strong></span> <span class='ocrx_word' id='word_1_8' title='bbox 1384 488 1463 555; x_wconf 94' lang='lat' dir='ltr'><strong>L.</strong></span> <span class='ocrx_word' id='word_1_9' title='bbox 1516 488 1867 558; x_wconf 81' lang='lat' dir='ltr'><strong>Antistius</strong></span> <span class='ocrx_word' id='word_1_10' title='bbox 1907 501 2314 571; x_wconf 80' lang='lat' dir='ltr'><strong>accusaret,</strong></span> <span class='ocrx_word' id='word_1_11' title='bbox 2377 489 2632 585; x_wconf 87' lang='lat' dir='ltr'><strong>Spole-</strong></span> 
     </span>
     <span class='ocr_line' id='line_1_3' title="bbox 507 590 2637 693; baseline 0.004 -30"><span class='ocrx_word' id='word_1_12' title='bbox 507 596 703 664; x_wconf 87' lang='lat' dir='ltr'><strong>tinus</strong></span> <span class='ocrx_word' id='word_1_13' title='bbox 749 590 963 677; x_wconf 81' lang='lat' dir='ltr'>dixit,</span> <span class='ocrx_word' id='word_1_14' title='bbox 1008 591 1317 665; x_wconf 86' lang='lat' dir='ltr'><strong>fundum</strong></span> <span class='ocrx_word' id='word_1_15' title='bbox 1360 596 1713 693; x_wconf 88' lang='lat' dir='ltr'><strong>populum</strong></span> <span class='ocrx_word' id='word_1_16' title='bbox 1753 595 2210 693; x_wconf 86' lang='lat' dir='ltr'>Spoletinum</span> <span class='ocrx_word' id='word_1_17' title='bbox 2263 624 2412 669; x_wconf 87' lang='lat' dir='ltr'><strong>non</strong></span> <span class='ocrx_word' id='word_1_18' title='bbox 2477 625 2637 671; x_wconf 89' lang='lat' dir='ltr'><strong>esse</strong></span> 
     </span>
     <span class='ocr_line' id='line_1_4' title="bbox 510 701 2634 804; baseline 0.002 -29"><span class='ocrx_word' id='word_1_19' title='bbox 510 701 799 775; x_wconf 84' lang='lat' dir='ltr'><strong>factum.</strong></span> <span class='ocrx_word' id='word_1_20' title='bbox 844 702 1155 775; x_wconf 88' lang='lat' dir='ltr'><strong>Videbat</strong></span> <span class='ocrx_word' id='word_1_21' title='bbox 1188 706 1421 793; x_wconf 83' lang='lat' dir='ltr'><strong>enim,</strong></span> <span class='ocrx_word' id='word_1_22' title='bbox 1460 706 1774 804; x_wconf 86' lang='lat' dir='ltr'><strong>populos</strong></span> <span class='ocrx_word' id='word_1_23' title='bbox 1819 705 1908 777; x_wconf 85' lang='lat' dir='ltr'><strong>de</strong></span> <span class='ocrx_word' id='word_1_24' title='bbox 1948 730 2080 777; x_wconf 92' lang='lat' dir='ltr'><strong>suo</strong></span> <span class='ocrx_word' id='word_1_25' title='bbox 2112 706 2311 801; x_wconf 85' lang='lat' dir='ltr'><strong>jure,</strong></span> <span class='ocrx_word' id='word_1_26' title='bbox 2359 733 2504 778; x_wconf 88' lang='lat' dir='ltr'><strong>non</strong></span> <span class='ocrx_word' id='word_1_27' title='bbox 2544 710 2634 781; x_wconf 88' lang='lat' dir='ltr'><strong>de</strong></span> 
     </span>
     <span class='ocr_line' id='line_1_5' title="bbox 510 810 2637 916; baseline 0.004 -33"><span class='ocrx_word' id='word_1_28' title='bbox 510 827 763 883; x_wconf 87' lang='lat' dir='ltr'><strong>nostro</strong></span> <span class='ocrx_word' id='word_1_29' title='bbox 790 866 809 901; x_wconf 88' lang='lat'><strong>,</strong></span> <span class='ocrx_word' id='word_1_30' title='bbox 841 810 1125 884; x_wconf 79' lang='lat' dir='ltr'><strong>fundos&#39;</strong></span> <span class='ocrx_word' id='word_1_31' title='bbox 1144 811 1303 885; x_wconf 86' lang='lat' dir='ltr'><strong>fieri</strong></span> <span class='ocrx_word' id='word_1_32' title='bbox 1338 815 1572 887; x_wconf 87' lang='lat' dir='ltr'><strong>solere</strong></span> <span class='ocrx_word' id='word_1_33' title='bbox 1596 842 1617 899; x_wconf 72' lang='grc' dir='ltr'><strong>ς</strong></span> <span class='ocrx_word' id='word_1_34' title='bbox 1645 816 1772 887; x_wconf 89' lang='lat' dir='ltr'><strong>sed</strong></span> <span class='ocrx_word' id='word_1_35' title='bbox 1795 848 1822 904; x_wconf 84' lang='lat'><strong>‚·</strong></span> <span class='ocrx_word' id='word_1_36' title='bbox 1853 841 2082 913; x_wconf 88' lang='lat' dir='ltr'><strong>quum</strong></span> <span class='ocrx_word' id='word_1_37' title='bbox 2111 813 2312 913; x_wconf 77' lang='lat' dir='ltr'><strong>lege³</strong></span> <span class='ocrx_word' id='word_1_38' title='bbox 2338 818 2637 916; x_wconf 83' lang='lat' dir='ltr'><strong>Apuleia</strong></span> 
     </span>
     <span class='ocr_line' id='line_1_6' title="bbox 516 921 2636 1025; baseline 0.003 -32"><span class='ocrx_word' id='word_1_39' title='bbox 516 921 817 993; x_wconf 82' lang='lat' dir='ltr'><strong>coloniae</strong></span> <span class='ocrx_word' id='word_1_40' title='bbox 882 947 1031 994; x_wconf 89' lang='lat' dir='ltr'><strong>non</strong></span> <span class='ocrx_word' id='word_1_41' title='bbox 1090 938 1328 995; x_wconf 83' lang='lat' dir='ltr'><strong>essent</strong></span> <span class='ocrx_word' id='word_1_42' title='bbox 1378 924 1740 1009; x_wconf 66' lang='lat' dir='ltr'><strong>deductae,</strong></span> <span class='ocrx_word' id='word_1_43' title='bbox 1797 952 1942 1024; x_wconf 90' lang='lat' dir='ltr'><strong>qua</strong></span> <span class='ocrx_word' id='word_1_44' title='bbox 1996 928 2150 1025; x_wconf 84' lang='lat' dir='ltr'><strong>lege</strong></span> <span class='ocrx_word' id='word_1_45' title='bbox 2207 930 2636 1001; x_wconf 84' lang='lat' dir='ltr'><strong>Saturninus</strong></span> 
     </span>
     <span class='ocr_line' id='line_1_7' title="bbox 514 1032 2636 1133; baseline 0.005 -32"><span class='ocrx_word' id='word_1_46' title='bbox 514 1035 592 1102; x_wconf 85' lang='lat' dir='ltr'><strong>C.</strong></span> <span class='ocrx_word' id='word_1_47' title='bbox 627 1033 857 1103; x_wconf 86' lang='lat' dir='ltr'><strong>Mario</strong></span> <span class='ocrx_word' id='word_1_48' title='bbox 893 1032 1193 1119; x_wconf 85' lang='lat' dir='ltr'><strong>tulerat,</strong></span> <span class='ocrx_word' id='word_1_49' title='bbox 1224 1048 1305 1105; x_wconf 90' lang='lat' dir='ltr'><strong>ut</strong></span> <span class='ocrx_word' id='word_1_50' title='bbox 1348 1034 1425 1105; x_wconf 89' lang='lat' dir='ltr'><strong>in</strong></span> <span class='ocrx_word' id='word_1_51' title='bbox 1468 1036 1782 1133; x_wconf 86' lang='lat' dir='ltr'><strong>singulas</strong></span> <span class='ocrx_word' id='word_1_52' title='bbox 1817 1036 2134 1108; x_wconf 87' lang='lat' dir='ltr'><strong>colonias</strong></span> <span class='ocrx_word' id='word_1_53' title='bbox 2166 1052 2414 1110; x_wconf 85' lang='lat' dir='ltr'><strong>ternos</strong></span> <span class='ocrx_word' id='word_1_54' title='bbox 2447 1040 2636 1112; x_wconf 89' lang='lat' dir='ltr'><strong>cives</strong></span> 
     </span>
     <span class='ocr_line' id='line_1_8' title="bbox 514 1140 2638 1243; baseline 0.005 -32"><span class='ocrx_word' id='word_1_55' title='bbox 514 1165 859 1214; x_wconf 85' lang='lat' dir='ltr'><strong>romanos</strong></span> <span class='ocrx_word' id='word_1_56' title='bbox 896 1140 1127 1214; x_wconf 85' lang='lat' dir='ltr'><strong>facere</strong></span> <span class='ocrx_word' id='word_1_57' title='bbox 1172 1158 1451 1241; x_wconf 87' lang='lat' dir='ltr'><strong>posset,</strong></span> <span class='ocrx_word' id='word_1_58' title='bbox 1494 1146 1803 1243; x_wconf 87' lang='lat' dir='ltr'><strong>negabat</strong></span> <span class='ocrx_word' id='word_1_59' title='bbox 1854 1147 1998 1219; x_wconf 89' lang='lat' dir='ltr'><strong>hoc</strong></span> <span class='ocrx_word' id='word_1_60' title='bbox 2047 1147 2482 1221; x_wconf 86' lang='lat' dir='ltr'><strong>beneficium</strong></span> <span class='ocrx_word' id='word_1_61' title='bbox 2501 1206 2520 1235; x_wconf 91' lang='lat'>‚</span> <span class='ocrx_word' id='word_1_62' title='bbox 2558 1176 2638 1221; x_wconf 89' lang='lat' dir='ltr'><strong>re</strong></span> 
     </span>
     <span class='ocr_line' id='line_1_9' title="bbox 518 1251 2639 1348; baseline 0.006 -29"><span class='ocrx_word' id='word_1_63' title='bbox 518 1251 668 1348; x_wconf 88' lang='lat' dir='ltr'><strong>ipsa</strong></span> <span class='ocrx_word' id='word_1_64' title='bbox 724 1251 1005 1324; x_wconf 88' lang='lat' dir='ltr'><strong>sublata</strong></span> <span class='ocrx_word' id='word_1_65' title='bbox 1025 1254 1079 1339; x_wconf 68' lang='lat'><strong>⁴,</strong></span> <span class='ocrx_word' id='word_1_66' title='bbox 1117 1252 1353 1325; x_wconf 85' lang='lat' dir='ltr'><strong>valere</strong></span> <span class='ocrx_word' id='word_1_67' title='bbox 1388 1252 1674 1327; x_wconf 89' lang='lat' dir='ltr'><strong>debere.</strong></span> <span class='ocrx_word' id='word_1_68' title='bbox 1715 1256 1912 1329; x_wconf 87' lang='lat' dir='ltr'><strong>Nihil</strong></span> <span class='ocrx_word' id='word_1_69' title='bbox 1967 1257 2185 1331; x_wconf 87' lang='lat' dir='ltr'><strong>habet</strong></span> <span class='ocrx_word' id='word_1_70' title='bbox 2231 1260 2639 1331; x_wconf 87' lang='lat' dir='ltr'><strong>similitudi-</strong></span> 
     </span>
     <span class='ocr_line' id='line_1_10' title="bbox 518 1362 2637 1440; baseline 0.004 -9"><span class='ocrx_word' id='word_1_71' title='bbox 518 1364 631 1432; x_wconf 87' lang='lat' dir='ltr'><strong>nis</strong></span> <span class='ocrx_word' id='word_1_72' title='bbox 690 1363 824 1434; x_wconf 88' lang='lat' dir='ltr'><strong>ista</strong></span> <span class='ocrx_word' id='word_1_73' title='bbox 882 1364 1241 1433; x_wconf 83' lang='lat' dir='ltr'><strong>accusatio</strong></span> <span class='ocrx_word' id='word_1_74' title='bbox 1289 1390 1305 1433; x_wconf 76' lang='grc' dir='ltr'><strong><em>ε</em></strong></span> <span class='ocrx_word' id='word_1_75' title='bbox 1364 1362 1491 1435; x_wconf 89' lang='lat' dir='ltr'><strong>sed</strong></span> <span class='ocrx_word' id='word_1_76' title='bbox 1555 1380 1794 1437; x_wconf 87' lang='lat' dir='ltr'><strong>tamen</strong></span> <span class='ocrx_word' id='word_1_77' title='bbox 1855 1382 2055 1440; x_wconf 88' lang='lat' dir='ltr'><strong>tanta</strong></span> <span class='ocrx_word' id='word_1_78' title='bbox 2125 1370 2511 1440; x_wconf 82' lang='lat' dir='ltr'><strong>auctoritas</strong></span> <span class='ocrx_word' id='word_1_79' title='bbox 2566 1371 2637 1440; x_wconf 92' lang='lat' dir='ltr'><strong>in</strong></span> 
     </span>
     <span class='ocr_line' id='line_1_11' title="bbox 520 1470 2638 1572; baseline 0.005 -30"><span class='ocrx_word' id='word_1_80' title='bbox 520 1476 603 1542; x_wconf 90' lang='lat' dir='ltr'><strong>C.</strong></span> <span class='ocrx_word' id='word_1_81' title='bbox 644 1473 875 1543; x_wconf 89' lang='lat' dir='ltr'><strong>Mario</strong></span> <span class='ocrx_word' id='word_1_82' title='bbox 898 1470 1071 1560; x_wconf 84' lang='lat' dir='ltr'><strong>fuit,</strong></span> <span class='ocrx_word' id='word_1_83' title='bbox 1107 1488 1190 1543; x_wconf 89' lang='lat' dir='ltr'><strong>ut</strong></span> <span class='ocrx_word' id='word_1_84' title='bbox 1220 1497 1372 1544; x_wconf 89' lang='lat' dir='ltr'><strong>non</strong></span> <span class='ocrx_word' id='word_1_85' title='bbox 1410 1498 1541 1572; x_wconf 91' lang='lat' dir='ltr'><strong>per</strong></span> <span class='ocrx_word' id='word_1_86' title='bbox 1573 1480 1649 1547; x_wconf 90' lang='lat' dir='ltr'><strong>L.</strong></span> <span class='ocrx_word' id='word_1_87' title='bbox 1679 1482 2047 1568; x_wconf 82' lang='lat' dir='ltr'><strong>Crassum,</strong></span> <span class='ocrx_word' id='word_1_88' title='bbox 2079 1478 2366 1551; x_wconf 85' lang='lat' dir='ltr'><strong>affinem</strong></span> <span class='ocrx_word' id='word_1_89' title='bbox 2401 1505 2638 1567; x_wconf 86' lang='lat' dir='ltr'><strong>suum,</strong></span> 
     </span>
     <span class='ocr_line' id='line_1_12' title="bbox 520 1582 2642 1688; baseline 0.006 -37"><span class='ocrx_word' id='word_1_90' title='bbox 520 1582 887 1653; x_wconf 86' lang='lat' dir='ltr'><strong>hominem</strong></span> <span class='ocrx_word' id='word_1_91' title='bbox 926 1582 1331 1653; x_wconf 86' lang='lat' dir='ltr'><strong>incredibili</strong></span> <span class='ocrx_word' id='word_1_92' title='bbox 1366 1584 1780 1681; x_wconf 81' lang='lat' dir='ltr'><strong>eloquentia</strong></span> <span class='ocrx_word' id='word_1_93' title='bbox 1801 1643 1820 1675; x_wconf 89' lang='lat'>‚</span> <span class='ocrx_word' id='word_1_94' title='bbox 1863 1587 1991 1660; x_wconf 88' lang='lat' dir='ltr'><strong>sed</strong></span> <span class='ocrx_word' id='word_1_95' title='bbox 2027 1591 2274 1687; x_wconf 87' lang='lat' dir='ltr'><strong>paucis</strong></span> <span class='ocrx_word' id='word_1_96' title='bbox 2300 1593 2452 1688; x_wconf 90' lang='lat' dir='ltr'><strong>ipse</strong></span> <span class='ocrx_word' id='word_1_97' title='bbox 2489 1616 2642 1662; x_wconf 88' lang='lat' dir='ltr'><strong>ver·</strong></span> 
     </span>
     <span class='ocr_line' id='line_1_13' title="bbox 521 1691 2641 1798; baseline 0.005 -36"><span class='ocrx_word' id='word_1_98' title='bbox 521 1691 633 1763; x_wconf 91' lang='lat' dir='ltr'><strong>bis</strong></span> <span class='ocrx_word' id='word_1_99' title='bbox 674 1716 959 1764; x_wconf 87' lang='lat' dir='ltr'><strong>causam</strong></span> <span class='ocrx_word' id='word_1_100' title='bbox 990 1691 1185 1765; x_wconf 88' lang='lat' dir='ltr'><strong>illam</strong></span> <span class='ocrx_word' id='word_1_101' title='bbox 1216 1694 1560 1791; x_wconf 84' lang='lat' dir='ltr'><strong>gravitate</strong></span> <span class='ocrx_word' id='word_1_102' title='bbox 1595 1721 1724 1767; x_wconf 88' lang='lat' dir='ltr'><strong>sua</strong></span> <span class='ocrx_word' id='word_1_103' title='bbox 1759 1698 2163 1771; x_wconf 84' lang='lat' dir='ltr'><strong>defenderit</strong></span> <span class='ocrx_word' id='word_1_104' title='bbox 2197 1715 2269 1771; x_wconf 90' lang='lat' dir='ltr'><strong>et</strong></span> <span class='ocrx_word' id='word_1_105' title='bbox 2293 1700 2641 1798; x_wconf 87' lang='lat' dir='ltr'><strong>probarit.</strong></span> 
     </span>
     <span class='ocr_line' id='line_1_14' title="bbox 522 1801 2643 1906; baseline 0.006 -36"><span class='ocrx_word' id='word_1_106' title='bbox 522 1801 701 1891; x_wconf 87' lang='lat' dir='ltr'><strong>Quis</strong></span> <span class='ocrx_word' id='word_1_107' title='bbox 737 1804 931 1871; x_wconf 88' lang='lat' dir='ltr'><strong>enim</strong></span> <span class='ocrx_word' id='word_1_108' title='bbox 967 1817 1192 1888; x_wconf 88' lang='lat' dir='ltr'><strong>esset,</strong></span> <span class='ocrx_word' id='word_1_109' title='bbox 1224 1802 1536 1897; x_wconf 77' lang='lat' dir='ltr'><strong>judiceS,</strong></span> <span class='ocrx_word' id='word_1_110' title='bbox 1579 1808 1708 1902; x_wconf 88' lang='lat' dir='ltr'><strong>qui</strong></span> <span class='ocrx_word' id='word_1_111' title='bbox 1741 1808 2303 1906; x_wconf 85' lang='lat' dir='ltr'><strong>imperatoribus</strong></span> <span class='ocrx_word' id='word_1_112' title='bbox 2343 1812 2643 1897; x_wconf 84' lang='lat' dir='ltr'><strong>nostris,</strong></span> 
     </span>
     <span class='ocr_line' id='line_1_15' title="bbox 520 1910 2642 2016; baseline 0.004 -35"><span class='ocrx_word' id='word_1_113' title='bbox 520 1914 599 1983; x_wconf 89' lang='lat' dir='ltr'><strong>in</strong></span> <span class='ocrx_word' id='word_1_114' title='bbox 628 1910 865 1998; x_wconf 87' lang='lat' dir='ltr'><strong>bello,</strong></span> <span class='ocrx_word' id='word_1_115' title='bbox 900 1914 976 1981; x_wconf 89' lang='lat' dir='ltr'><strong>in</strong></span> <span class='ocrx_word' id='word_1_116' title='bbox 1022 1916 1170 1982; x_wconf 88' lang='lat' dir='ltr'><strong>acie</strong></span> <span class='ocrx_word' id='word_1_117' title='bbox 1192 1966 1212 1999; x_wconf 91' lang='lat'>‚</span> <span class='ocrx_word' id='word_1_118' title='bbox 1264 1913 1338 1983; x_wconf 87' lang='lat' dir='ltr'><strong>in</strong></span> <span class='ocrx_word' id='word_1_119' title='bbox 1368 1917 1731 2005; x_wconf 85' lang='lat' dir='ltr'><strong>exercitu,</strong></span> <span class='ocrx_word' id='word_1_120' title='bbox 1769 1916 2125 1989; x_wconf 88' lang='lat' dir='ltr'><strong>delectum</strong></span> <span class='ocrx_word' id='word_1_121' title='bbox 2167 1921 2482 2008; x_wconf 86' lang='lat' dir='ltr'><strong>virtutis;</strong></span> <span class='ocrx_word' id='word_1_122' title='bbox 2517 1923 2642 2016; x_wconf 90' lang='lat' dir='ltr'><strong>qui</strong></span> 
     </span>
     <span class='ocr_line' id='line_1_16' title="bbox 524 2020 2645 2125; baseline 0.003 -32"><span class='ocrx_word' id='word_1_123' title='bbox 524 2023 755 2107; x_wconf 82' lang='lat' dir='ltr'><strong>sociis,</strong></span> <span class='ocrx_word' id='word_1_124' title='bbox 796 2026 923 2119; x_wconf 90' lang='lat' dir='ltr'><strong>qui</strong></span> <span class='ocrx_word' id='word_1_125' title='bbox 958 2020 1349 2109; x_wconf 82' lang='lat' dir='ltr'><strong>foederatis,</strong></span> <span class='ocrx_word' id='word_1_126' title='bbox 1389 2026 1463 2094; x_wconf 91' lang='lat' dir='ltr'><strong>in</strong></span> <span class='ocrx_word' id='word_1_127' title='bbox 1503 2023 1957 2100; x_wconf 77' lang='lat' dir='ltr'><strong>defendenda</strong></span> <span class='ocrx_word' id='word_1_128' title='bbox 1989 2028 2362 2125; x_wconf 82' lang='lat' dir='ltr'><strong>republica</strong></span> <span class='ocrx_word' id='word_1_129' title='bbox 2401 2044 2645 2101; x_wconf 88' lang='lat' dir='ltr'><strong>nostra</strong></span> 
     </span>
     <span class='ocr_line' id='line_1_17' title="bbox 519 2135 2646 2232; baseline 0.003 -29"><span class='ocrx_word' id='word_1_130' title='bbox 519 2157 724 2232; x_wconf 82' lang='lat' dir='ltr'><strong>spem</strong></span> <span class='ocrx_word' id='word_1_131' title='bbox 762 2137 1221 2231; x_wconf 66' lang='lat' dir='ltr'><strong>praemiorum</strong></span> <span class='ocrx_word' id='word_1_132' title='bbox 1259 2135 1444 2231; x_wconf 86' lang='lat' dir='ltr'><strong>eripi</strong></span> <span class='ocrx_word' id='word_1_133' title='bbox 1470 2135 1735 2207; x_wconf 80' lang='lat' dir='ltr'><strong>vellet?</strong></span> <span class='ocrx_word' id='word_1_134' title='bbox 1770 2138 1988 2228; x_wconf 86' lang='lat' dir='ltr'><strong>Quod</strong></span> <span class='ocrx_word' id='word_1_135' title='bbox 2021 2140 2082 2211; x_wconf 88' lang='lat' dir='ltr'><strong>si</strong></span> <span class='ocrx_word' id='word_1_136' title='bbox 2107 2140 2349 2211; x_wconf 85' lang='lat' dir='ltr'><strong>vultus</strong></span> <span class='ocrx_word' id='word_1_137' title='bbox 2383 2145 2465 2211; x_wconf 87' lang='lat' dir='ltr'><strong>C.</strong></span> <span class='ocrx_word' id='word_1_138' title='bbox 2500 2144 2646 2211; x_wconf 85' lang='lat' dir='ltr'><strong>Ma·</strong></span> 
     </span>
     <span class='ocr_line' id='line_1_18' title="bbox 520 2242 2646 2341; baseline 0.003 -28"><span class='ocrx_word' id='word_1_139' title='bbox 520 2244 642 2332; x_wconf 89' lang='lat' dir='ltr'><strong>rii,</strong></span> <span class='ocrx_word' id='word_1_140' title='bbox 676 2244 737 2315; x_wconf 91' lang='lat' dir='ltr'><strong>si</strong></span> <span class='ocrx_word' id='word_1_141' title='bbox 772 2268 951 2332; x_wconf 79' lang='lat' dir='ltr'><strong>vox,</strong></span> <span class='ocrx_word' id='word_1_142' title='bbox 989 2245 1048 2313; x_wconf 91' lang='lat' dir='ltr'><strong>si</strong></span> <span class='ocrx_word' id='word_1_143' title='bbox 1098 2242 1215 2313; x_wconf 87' lang='lat' dir='ltr'><strong>ille</strong></span> <span class='ocrx_word' id='word_1_144' title='bbox 1264 2245 1768 2341; x_wconf 84' lang='lat' dir='ltr'><strong>imperatorius</strong></span> <span class='ocrx_word' id='word_1_145' title='bbox 1813 2248 2028 2319; x_wconf 90' lang='lat' dir='ltr'><strong>ardor</strong></span> <span class='ocrx_word' id='word_1_146' title='bbox 2069 2250 2447 2320; x_wconf 86' lang='lat' dir='ltr'><strong>oculorum</strong></span> <span class='ocrx_word' id='word_1_147' title='bbox 2474 2247 2526 2338; x_wconf 82' lang='lat'><strong>⁵,</strong></span> <span class='ocrx_word' id='word_1_148' title='bbox 2585 2250 2646 2321; x_wconf 87' lang='lat' dir='ltr'><strong>si</strong></span> 
     </span>
    </p>
   </div>
   <div class='ocr_carea' id='block_1_3' title="bbox 514 2439 1546 4009">
    <p class='ocr_par' dir='ltr' id='par_1_3' title="bbox 514 2439 1546 4009">
     <span class='ocr_line' id='line_1_19' title="bbox 516 2439 1537 2505; baseline -0.001 -16"><span class='ocrx_word' id='word_1_149' title='bbox 516 2441 714 2490; x_wconf 80' lang='lat' dir='ltr'><strong>civitate</strong></span> <span class='ocrx_word' id='word_1_150' title='bbox 758 2439 939 2488; x_wconf 78' lang='lat' dir='ltr'><strong>donare</strong></span> <span class='ocrx_word' id='word_1_151' title='bbox 992 2455 1093 2486; x_wconf 88' lang='lat' dir='ltr'><strong>non</strong></span> <span class='ocrx_word' id='word_1_152' title='bbox 1143 2441 1359 2505; x_wconf 83' lang='lat' dir='ltr'><strong>potuerit</strong></span> <span class='ocrx_word' id='word_1_153' title='bbox 1376 2475 1393 2500; x_wconf 90' lang='lat'><strong>,</strong></span> <span class='ocrx_word' id='word_1_154' title='bbox 1440 2441 1537 2489; x_wconf 87' lang='lat' dir='ltr'><strong>nisi</strong></span> 
     </span>
     <span class='ocr_line' id='line_1_20' title="bbox 519 2516 1538 2586; baseline 0.001 -19"><span class='ocrx_word' id='word_1_155' title='bbox 519 2519 733 2586; x_wconf 83' lang='lat' dir='ltr'><strong>populns</strong></span> <span class='ocrx_word' id='word_1_156' title='bbox 748 2519 1027 2584; x_wconf 77' lang='lat' dir='ltr'><strong>Spoletinus</strong></span> <span class='ocrx_word' id='word_1_157' title='bbox 1038 2516 1218 2567; x_wconf 71' lang='lat' dir='ltr'><strong>fundus</strong></span> <span class='ocrx_word' id='word_1_158' title='bbox 1234 2519 1385 2568; x_wconf 83' lang='lat' dir='ltr'><strong>factus</strong></span> <span class='ocrx_word' id='word_1_159' title='bbox 1398 2530 1538 2579; x_wconf 86' lang='lat' dir='ltr'><strong>esset,</strong></span> 
     </span>
     <span class='ocr_line' id='line_1_21' title="bbox 517 2597 1540 2664; baseline 0 -16"><span class='ocrx_word' id='word_1_160' title='bbox 517 2611 567 2648; x_wconf 86' lang='lat' dir='ltr'><strong>et</strong></span> <span class='ocrx_word' id='word_1_161' title='bbox 594 2599 727 2647; x_wconf 74' lang='lat' dir='ltr'><strong>inam</strong></span> <span class='ocrx_word' id='word_1_162' title='bbox 752 2599 959 2647; x_wconf 84' lang='lat' dir='ltr'><strong>Macrini</strong></span> <span class='ocrx_word' id='word_1_163' title='bbox 990 2597 1326 2646; x_wconf 77' lang='lat' dir='ltr'><strong>alienationem</strong></span> <span class='ocrx_word' id='word_1_164' title='bbox 1342 2635 1357 2660; x_wconf 84' lang='lat'><strong>,</strong></span> <span class='ocrx_word' id='word_1_165' title='bbox 1374 2611 1425 2648; x_wconf 87' lang='lat' dir='ltr'><strong>et</strong></span> <span class='ocrx_word' id='word_1_166' title='bbox 1440 2599 1540 2664; x_wconf 78' lang='lat' dir='ltr'><strong>pri-</strong></span> 
     </span>
     <span class='ocr_line' id='line_1_22' title="bbox 518 2677 1540 2743; baseline -0.001 -15"><span class='ocrx_word' id='word_1_167' title='bbox 518 2679 657 2728; x_wconf 77' lang='lat' dir='ltr'><strong>stinae</strong></span> <span class='ocrx_word' id='word_1_168' title='bbox 684 2677 892 2724; x_wconf 72' lang='lat' dir='ltr'><strong>coloniae</strong></span> <span class='ocrx_word' id='word_1_169' title='bbox 913 2677 1267 2726; x_wconf 77' lang='lat' dir='ltr'><strong>abdieatIonem</strong></span> <span class='ocrx_word' id='word_1_170' title='bbox 1293 2679 1540 2743; x_wconf 85' lang='lat' dir='ltr'><strong>approba·</strong></span> 
     </span>
     <span class='ocr_line' id='line_1_23' title="bbox 517 2756 1541 2820; baseline 0.001 -15"><span class='ocrx_word' id='word_1_171' title='bbox 517 2768 606 2805; x_wconf 85' lang='lat' dir='ltr'><strong>ret.</strong></span> <span class='ocrx_word' id='word_1_172' title='bbox 630 2757 747 2806; x_wconf 86' lang='lat' dir='ltr'><strong>Non</strong></span> <span class='ocrx_word' id='word_1_173' title='bbox 761 2790 776 2815; x_wconf 85' lang='lat'><strong>,</strong></span> <span class='ocrx_word' id='word_1_174' title='bbox 799 2756 1022 2820; x_wconf 79' lang='lat' dir='ltr'><strong>inquam,</strong></span> <span class='ocrx_word' id='word_1_175' title='bbox 1041 2757 1286 2805; x_wconf 81' lang='lat' dir='ltr'><strong>Antistius</strong></span> <span class='ocrx_word' id='word_1_176' title='bbox 1310 2759 1407 2805; x_wconf 86' lang='lat' dir='ltr'><strong>hoe</strong></span> <span class='ocrx_word' id='word_1_177' title='bbox 1424 2774 1541 2806; x_wconf 86' lang='lat' dir='ltr'><strong>usus</strong></span> 
     </span>
     <span class='ocr_line' id='line_1_24' title="bbox 519 2834 1539 2894; baseline 0 -9"><span class='ocrx_word' id='word_1_178' title='bbox 519 2845 593 2886; x_wconf 86' lang='lat' dir='ltr'><strong>est</strong></span> <span class='ocrx_word' id='word_1_179' title='bbox 630 2834 937 2884; x_wconf 77' lang='lat' dir='ltr'><strong>firmamento</strong></span> <span class='ocrx_word' id='word_1_180' title='bbox 952 2871 965 2894; x_wconf 92' lang='lat'>‚</span> <span class='ocrx_word' id='word_1_181' title='bbox 1000 2835 1084 2884; x_wconf 86' lang='lat' dir='ltr'><strong>sed</strong></span> <span class='ocrx_word' id='word_1_182' title='bbox 1120 2837 1263 2884; x_wconf 82' lang='lat' dir='ltr'><strong>aliam</strong></span> <span class='ocrx_word' id='word_1_183' title='bbox 1302 2839 1539 2885; x_wconf 81' lang='lat' dir='ltr'><strong>rationem</strong></span> 
     </span>
     <span class='ocr_line' id='line_1_25' title="bbox 518 2915 1542 2979; baseline 0 -15"><span class='ocrx_word' id='word_1_184' title='bbox 518 2915 780 2964; x_wconf 71' lang='lat' dir='ltr'><strong>adferebat.</strong></span> <span class='ocrx_word' id='word_1_185' title='bbox 826 2915 991 2978; x_wconf 87' lang='lat' dir='ltr'><strong>Quum</strong></span> <span class='ocrx_word' id='word_1_186' title='bbox 1033 2915 1163 2963; x_wconf 89' lang='lat' dir='ltr'><strong>enim</strong></span> <span class='ocrx_word' id='word_1_187' title='bbox 1201 2917 1260 2964; x_wconf 89' lang='lat' dir='ltr'><strong>L.</strong></span> <span class='ocrx_word' id='word_1_188' title='bbox 1301 2916 1542 2979; x_wconf 78' lang='lat' dir='ltr'><strong>Apuleius</strong></span> 
     </span>
     <span class='ocr_line' id='line_1_26' title="bbox 520 2993 1539 3059; baseline -0.001 -14"><span class='ocrx_word' id='word_1_189' title='bbox 520 2995 805 3045; x_wconf 76' lang='lat' dir='ltr'><strong>Saturninus</strong></span> <span class='ocrx_word' id='word_1_190' title='bbox 828 2994 980 3059; x_wconf 76' lang='lat' dir='ltr'><strong>legem</strong></span> <span class='ocrx_word' id='word_1_191' title='bbox 1006 2993 1067 3042; x_wconf 85' lang='lat' dir='ltr'><strong>de</strong></span> <span class='ocrx_word' id='word_1_192' title='bbox 1089 2994 1297 3043; x_wconf 80' lang='lat' dir='ltr'><strong>coloniis</strong></span> <span class='ocrx_word' id='word_1_193' title='bbox 1318 2994 1510 3044; x_wconf 86' lang='lat' dir='ltr'><strong>tulisset</strong></span> <span class='ocrx_word' id='word_1_194' title='bbox 1525 3029 1539 3052; x_wconf 94' lang='lat'>‚</span> 
     </span>
     <span class='ocr_line' id='line_1_27' title="bbox 520 3073 1538 3139; baseline -0.001 -16"><span class='ocrx_word' id='word_1_195' title='bbox 520 3091 631 3139; x_wconf 76' lang='lat' dir='ltr'><strong>quae</strong></span> <span class='ocrx_word' id='word_1_196' title='bbox 652 3074 735 3123; x_wconf 84' lang='lat' dir='ltr'><strong>lex</strong></span> <span class='ocrx_word' id='word_1_197' title='bbox 760 3073 860 3122; x_wconf 89' lang='lat' dir='ltr'><strong>dno</strong></span> <span class='ocrx_word' id='word_1_198' title='bbox 888 3074 1047 3138; x_wconf 76' lang='lat' dir='ltr'><strong>capita</strong></span> <span class='ocrx_word' id='word_1_199' title='bbox 1076 3074 1387 3122; x_wconf 80' lang='lat' dir='ltr'><strong>continebat:</strong></span> <span class='ocrx_word' id='word_1_200' title='bbox 1418 3074 1538 3123; x_wconf 81' lang='lat' dir='ltr'><strong>alte-</strong></span> 
     </span>
     <span class='ocr_line' id='line_1_28' title="bbox 523 3154 1544 3226; baseline -0.002 -23"><span class='ocrx_word' id='word_1_201' title='bbox 523 3171 631 3203; x_wconf 82' lang='lat' dir='ltr'><strong>rum</strong></span> <span class='ocrx_word' id='word_1_202' title='bbox 648 3154 965 3226; x_wconf 76' lang='lat' dir='ltr'><strong>praecipuuxn,</strong></span> <span class='ocrx_word' id='word_1_203' title='bbox 980 3165 1035 3202; x_wconf 86' lang='lat' dir='ltr'><strong>ut</strong></span> <span class='ocrx_word' id='word_1_204' title='bbox 1052 3155 1109 3202; x_wconf 89' lang='lat' dir='ltr'><strong>C.</strong></span> <span class='ocrx_word' id='word_1_205' title='bbox 1124 3154 1307 3202; x_wconf 76' lang='lat' dir='ltr'><strong>Marius</strong></span> <span class='ocrx_word' id='word_1_206' title='bbox 1325 3154 1544 3202; x_wconf 63' lang='lat' dir='ltr'><strong>colonita</strong></span> 
     </span>
     <span class='ocr_line' id='line_1_29' title="bbox 522 3233 1543 3300; baseline -0.003 -16"><span class='ocrx_word' id='word_1_207' title='bbox 522 3235 753 3300; x_wconf 79' lang='lat' dir='ltr'><strong>quasdam</strong></span> <span class='ocrx_word' id='word_1_208' title='bbox 764 3235 918 3282; x_wconf 72' lang='lat' dir='ltr'><strong>Latini</strong></span> <span class='ocrx_word' id='word_1_209' title='bbox 926 3235 1046 3294; x_wconf 74' lang='lat' dir='ltr'><strong>jux-is</strong></span> <span class='ocrx_word' id='word_1_210' title='bbox 1056 3233 1330 3292; x_wconf 82' lang='lat' dir='ltr'><strong>deduceret,</strong></span> <span class='ocrx_word' id='word_1_211' title='bbox 1340 3233 1543 3282; x_wconf 82' lang='lat' dir='ltr'><strong>alterum</strong></span> 
     </span>
     <span class='ocr_line' id='line_1_30' title="bbox 524 3313 1546 3380; baseline -0.001 -17"><span class='ocrx_word' id='word_1_212' title='bbox 524 3317 661 3380; x_wconf 79' lang='lat' dir='ltr'><strong>quasi</strong></span> <span class='ocrx_word' id='word_1_213' title='bbox 683 3313 1045 3370; x_wconf 81' lang='lat' dir='ltr'><strong>secundarium,</strong></span> <span class='ocrx_word' id='word_1_214' title='bbox 1074 3324 1129 3361; x_wconf 86' lang='lat' dir='ltr'><strong>ut</strong></span> <span class='ocrx_word' id='word_1_215' title='bbox 1148 3314 1201 3360; x_wconf 79' lang='lat' dir='ltr'><strong>in</strong></span> <span class='ocrx_word' id='word_1_216' title='bbox 1226 3314 1439 3377; x_wconf 79' lang='lat' dir='ltr'><strong>singulas</strong></span> <span class='ocrx_word' id='word_1_217' title='bbox 1461 3329 1546 3362; x_wconf 86' lang='lat' dir='ltr'><strong>co·</strong></span> 
     </span>
     <span class='ocr_line' id='line_1_31' title="bbox 524 3393 1544 3442; baseline -0.002 0"><span class='ocrx_word' id='word_1_218' title='bbox 524 3393 681 3442; x_wconf 78' lang='lat' dir='ltr'><strong>Ionias</strong></span> <span class='ocrx_word' id='word_1_219' title='bbox 726 3405 889 3442; x_wconf 83' lang='lat' dir='ltr'><strong>ternos</strong></span> <span class='ocrx_word' id='word_1_220' title='bbox 936 3393 1065 3439; x_wconf 84' lang='lat' dir='ltr'><strong>cives</strong></span> <span class='ocrx_word' id='word_1_221' title='bbox 1107 3409 1335 3441; x_wconf 81' lang='lat' dir='ltr'><strong>romanos</strong></span> <span class='ocrx_word' id='word_1_222' title='bbox 1386 3394 1544 3440; x_wconf 79' lang='lat' dir='ltr'><strong>facere</strong></span> 
     </span>
     <span class='ocr_line' id='line_1_32' title="bbox 524 3471 1541 3538; baseline 0 -19"><span class='ocrx_word' id='word_1_223' title='bbox 524 3485 699 3538; x_wconf 79' lang='lat' dir='ltr'><strong>posset,</strong></span> <span class='ocrx_word' id='word_1_224' title='bbox 718 3473 770 3519; x_wconf 82' lang='lat' dir='ltr'><strong>id</strong></span> <span class='ocrx_word' id='word_1_225' title='bbox 788 3483 877 3532; x_wconf 84' lang='lat' dir='ltr'><strong>est,</strong></span> <span class='ocrx_word' id='word_1_226' title='bbox 894 3471 1088 3536; x_wconf 84' lang='lat' dir='ltr'><strong>opinor,</strong></span> <span class='ocrx_word' id='word_1_227' title='bbox 1098 3482 1148 3519; x_wconf 89' lang='lat' dir='ltr'><strong>et</strong></span> <span class='ocrx_word' id='word_1_228' title='bbox 1156 3487 1303 3535; x_wconf 86' lang='lat' dir='ltr'><strong>quum</strong></span> <span class='ocrx_word' id='word_1_229' title='bbox 1316 3487 1345 3519; x_wconf 80' lang='lat' dir='ltr'><strong>c</strong></span> <span class='ocrx_word' id='word_1_230' title='bbox 1358 3471 1541 3519; x_wconf 76' lang='lat' dir='ltr'><strong>Latinis</strong></span> 
     </span>
     <span class='ocr_line' id='line_1_33' title="bbox 524 3549 1542 3610; baseline -0.004 -10"><span class='ocrx_word' id='word_1_231' title='bbox 524 3551 729 3600; x_wconf 79' lang='lat' dir='ltr'><strong>coloniis</strong></span> <span class='ocrx_word' id='word_1_232' title='bbox 749 3565 939 3597; x_wconf 83' lang='lat' dir='ltr'><strong>rursum</strong></span> <span class='ocrx_word' id='word_1_233' title='bbox 967 3549 1084 3596; x_wconf 78' lang='lat' dir='ltr'><strong>alias</strong></span> <span class='ocrx_word' id='word_1_234' title='bbox 1103 3549 1281 3597; x_wconf 81' lang='lat' dir='ltr'><strong>faceret</strong></span> <span class='ocrx_word' id='word_1_235' title='bbox 1294 3549 1513 3596; x_wconf 84' lang='lat' dir='ltr'><strong>colonias</strong></span> <span class='ocrx_word' id='word_1_236' title='bbox 1527 3585 1542 3610; x_wconf 88' lang='lat'><strong>,</strong></span> 
     </span>
     <span class='ocr_line' id='line_1_34' title="bbox 520 3628 1544 3692; baseline -0.002 -13"><span class='ocrx_word' id='word_1_237' title='bbox 520 3643 570 3679; x_wconf 89' lang='lat' dir='ltr'><strong>et</strong></span> <span class='ocrx_word' id='word_1_238' title='bbox 591 3629 793 3692; x_wconf 81' lang='lat' dir='ltr'><strong>singulis</strong></span> <span class='ocrx_word' id='word_1_239' title='bbox 817 3628 913 3675; x_wconf 85' lang='lat' dir='ltr'><strong>illis</strong></span> <span class='ocrx_word' id='word_1_240' title='bbox 936 3629 1182 3676; x_wconf 79' lang='lat' dir='ltr'><strong>veteribus</strong></span> <span class='ocrx_word' id='word_1_241' title='bbox 1209 3628 1416 3676; x_wconf 79' lang='lat' dir='ltr'><strong>coloniis</strong></span> <span class='ocrx_word' id='word_1_242' title='bbox 1440 3639 1544 3677; x_wconf 81' lang='lat' dir='ltr'><strong>ter·</strong></span> 
     </span>
     <span class='ocr_line' id='line_1_35' title="bbox 522 3707 1542 3772; baseline -0.003 -14"><span class='ocrx_word' id='word_1_243' title='bbox 522 3727 613 3758; x_wconf 90' lang='lat' dir='ltr'><strong>nos</strong></span> <span class='ocrx_word' id='word_1_244' title='bbox 662 3709 791 3756; x_wconf 83' lang='lat' dir='ltr'><strong>viros</strong></span> <span class='ocrx_word' id='word_1_245' title='bbox 834 3707 1091 3771; x_wconf 82' lang='lat' dir='ltr'><strong>primarios</strong></span> <span class='ocrx_word' id='word_1_246' title='bbox 1140 3707 1339 3772; x_wconf 77' lang='lat' dir='ltr'><strong>eligeret</strong></span> <span class='ocrx_word' id='word_1_247' title='bbox 1358 3743 1372 3766; x_wconf 88' lang='lat'>,</span> <span class='ocrx_word' id='word_1_248' title='bbox 1416 3723 1542 3771; x_wconf 83' lang='lat' dir='ltr'><strong>qnos</strong></span> 
     </span>
     <span class='ocr_line' id='line_1_36' title="bbox 522 3786 1540 3854; baseline -0.003 -15"><span class='ocrx_word' id='word_1_249' title='bbox 522 3793 703 3841; x_wconf 77' lang='lat' dir='ltr'><strong>donare</strong></span> <span class='ocrx_word' id='word_1_250' title='bbox 714 3798 880 3854; x_wconf 86' lang='lat' dir='ltr'><strong>posset</strong></span> <span class='ocrx_word' id='word_1_251' title='bbox 898 3801 1099 3835; x_wconf 74' lang='lat' dir='ltr'><strong>romana</strong></span> <span class='ocrx_word' id='word_1_252' title='bbox 1117 3786 1313 3835; x_wconf 77' lang='lat' dir='ltr'><strong>civitate</strong></span> <span class='ocrx_word' id='word_1_253' title='bbox 1326 3803 1339 3844; x_wconf 81' lang='lat'>3</span> <span class='ocrx_word' id='word_1_254' title='bbox 1354 3787 1540 3836; x_wconf 81' lang='lat' dir='ltr'><strong>Marius</strong></span> 
     </span>
     <span class='ocr_line' id='line_1_37' title="bbox 518 3865 1544 3934; baseline -0.003 -17"><span class='ocrx_word' id='word_1_255' title='bbox 518 3879 797 3934; x_wconf 82' lang='lat' dir='ltr'><strong>erumpente</strong></span> <span class='ocrx_word' id='word_1_256' title='bbox 812 3865 925 3914; x_wconf 85' lang='lat' dir='ltr'><strong>belli</strong></span> <span class='ocrx_word' id='word_1_257' title='bbox 940 3865 1099 3914; x_wconf 80' lang='lat' dir='ltr'><strong>Italici</strong></span> <span class='ocrx_word' id='word_1_258' title='bbox 1110 3865 1299 3913; x_wconf 74' lang='lat' dir='ltr'><strong>flamma</strong></span> <span class='ocrx_word' id='word_1_259' title='bbox 1317 3867 1544 3914; x_wconf 79' lang='lat' dir='ltr'><strong>colonias</strong></span> 
     </span>
     <span class='ocr_line' id='line_1_38' title="bbox 514 3944 1540 4009; baseline -0.007 -10"><span class='ocrx_word' id='word_1_260' title='bbox 514 3949 757 3998; x_wconf 80' lang='lat' dir='ltr'><strong>deducere</strong></span> <span class='ocrx_word' id='word_1_261' title='bbox 788 3961 889 3992; x_wconf 90' lang='lat' dir='ltr'><strong>non</strong></span> <span class='ocrx_word' id='word_1_262' title='bbox 926 3944 1087 4008; x_wconf 87' lang='lat' dir='ltr'><strong>potuit</strong></span> <span class='ocrx_word' id='word_1_263' title='bbox 1104 3979 1120 4004; x_wconf 85' lang='lat'>‚</span> <span class='ocrx_word' id='word_1_264' title='bbox 1154 3945 1347 4009; x_wconf 79' lang='lat' dir='ltr'><strong>aliquos</strong></span> <span class='ocrx_word' id='word_1_265' title='bbox 1378 3956 1540 3993; x_wconf 80' lang='lat' dir='ltr'><strong>tamen</strong></span> 
     </span>
    </p>
   </div>
   <div class='ocr_carea' id='block_1_4' title="bbox 1625 2440 2656 3992">
    <p class='ocr_par' dir='ltr' id='par_1_4' title="bbox 1625 2440 2648 2901">
     <span class='ocr_line' id='line_1_39' title="bbox 1626 2440 2646 2488; baseline 0 0"><span class='ocrx_word' id='word_1_266' title='bbox 1626 2451 1674 2488; x_wconf 86' lang='lat' dir='ltr'><strong>et</strong></span> <span class='ocrx_word' id='word_1_267' title='bbox 1716 2441 1768 2488; x_wconf 87' lang='lat' dir='ltr'><strong>in</strong></span> <span class='ocrx_word' id='word_1_268' title='bbox 1806 2440 1884 2488; x_wconf 80' lang='lat' dir='ltr'><strong>his</strong></span> <span class='ocrx_word' id='word_1_269' title='bbox 1921 2441 2088 2488; x_wconf 85' lang='lat' dir='ltr'><strong>Titum</strong></span> <span class='ocrx_word' id='word_1_270' title='bbox 2132 2440 2406 2488; x_wconf 77' lang='lat' dir='ltr'><strong>Macrinum</strong></span> <span class='ocrx_word' id='word_1_271' title='bbox 2454 2441 2646 2488; x_wconf 80' lang='lat' dir='ltr'><strong>civitate</strong></span> 
     </span>
     <span class='ocr_line' id='line_1_40' title="bbox 1627 2518 2645 2583; baseline -0.002 -14"><span class='ocrx_word' id='word_1_272' title='bbox 1627 2519 1846 2569; x_wconf 77' lang='lat' dir='ltr'><strong>donavit.</strong></span> <span class='ocrx_word' id='word_1_273' title='bbox 1868 2518 2089 2583; x_wconf 83' lang='lat' dir='ltr'><strong>Negabat</strong></span> <span class='ocrx_word' id='word_1_274' title='bbox 2115 2519 2262 2583; x_wconf 79' lang='lat' dir='ltr'><strong>igitur</strong></span> <span class='ocrx_word' id='word_1_275' title='bbox 2289 2520 2526 2568; x_wconf 79' lang='lat' dir='ltr'><strong>Antistius</strong></span> <span class='ocrx_word' id='word_1_276' title='bbox 2549 2520 2645 2567; x_wconf 85' lang='lat' dir='ltr'><strong>hoc</strong></span> 
     </span>
     <span class='ocr_line' id='line_1_41' title="bbox 1625 2598 2646 2658; baseline -0.002 -10"><span class='ocrx_word' id='word_1_277' title='bbox 1625 2598 1915 2648; x_wconf 80' lang='lat' dir='ltr'><strong>beneficium</strong></span> <span class='ocrx_word' id='word_1_278' title='bbox 1923 2633 1938 2658; x_wconf 87' lang='lat'>,</span> <span class='ocrx_word' id='word_1_279' title='bbox 1959 2599 2013 2648; x_wconf 83' lang='lat' dir='ltr'><strong>id</strong></span> <span class='ocrx_word' id='word_1_280' title='bbox 2021 2611 2108 2657; x_wconf 85' lang='lat' dir='ltr'><strong>est,</strong></span> <span class='ocrx_word' id='word_1_281' title='bbox 2117 2599 2326 2646; x_wconf 80' lang='lat' dir='ltr'><strong>civitatis</strong></span> <span class='ocrx_word' id='word_1_282' title='bbox 2337 2598 2646 2646; x_wconf 81' lang='lat' dir='ltr'><strong>donationem</strong></span> 
     </span>
     <span class='ocr_line' id='line_1_42' title="bbox 1627 2677 2646 2742; baseline 0 -16"><span class='ocrx_word' id='word_1_283' title='bbox 1627 2677 1786 2726; x_wconf 78' lang='lat' dir='ltr'><strong>valere</strong></span> <span class='ocrx_word' id='word_1_284' title='bbox 1813 2677 2016 2736; x_wconf 84' lang='lat' dir='ltr'><strong>debere,</strong></span> <span class='ocrx_word' id='word_1_285' title='bbox 2039 2693 2189 2742; x_wconf 87' lang='lat' dir='ltr'><strong>quum</strong></span> <span class='ocrx_word' id='word_1_286' title='bbox 2212 2694 2288 2725; x_wconf 88' lang='lat' dir='ltr'><strong>res</strong></span> <span class='ocrx_word' id='word_1_287' title='bbox 2315 2681 2418 2742; x_wconf 80' lang='lat' dir='ltr'><strong>ipsa</strong></span> <span class='ocrx_word' id='word_1_288' title='bbox 2433 2716 2450 2740; x_wconf 85' lang='lat'>‚</span> <span class='ocrx_word' id='word_1_289' title='bbox 2474 2678 2526 2726; x_wconf 89' lang='lat' dir='ltr'><strong>id</strong></span> <span class='ocrx_word' id='word_1_290' title='bbox 2551 2689 2646 2735; x_wconf 83' lang='lat' dir='ltr'><strong>est,-</strong></span> 
     </span>
     <span class='ocr_line' id='line_1_43' title="bbox 1629 2757 2648 2815; baseline 0 -9"><span class='ocrx_word' id='word_1_291' title='bbox 1629 2757 1930 2806; x_wconf 84' lang='lat' dir='ltr'><strong>coloniarum</strong></span> <span class='ocrx_word' id='word_1_292' title='bbox 1962 2757 2194 2805; x_wconf 85' lang='lat' dir='ltr'><strong>deductio</strong></span> <span class='ocrx_word' id='word_1_293' title='bbox 2233 2757 2397 2805; x_wconf 84' lang='lat' dir='ltr'><strong>fuisset</strong></span> <span class='ocrx_word' id='word_1_294' title='bbox 2431 2757 2612 2805; x_wconf 80' lang='lat' dir='ltr'><strong>sublata</strong></span> <span class='ocrx_word' id='word_1_295' title='bbox 2633 2791 2648 2815; x_wconf 85' lang='lat'>,</span> 
     </span>
     <span class='ocr_line' id='line_1_44' title="bbox 1629 2836 2564 2901; baseline 0.001 -17"><span class='ocrx_word' id='word_1_296' title='bbox 1629 2852 1789 2900; x_wconf 84' lang='lat' dir='ltr'><strong>neque</strong></span> <span class='ocrx_word' id='word_1_297' title='bbox 1806 2837 1869 2884; x_wconf 85' lang='lat' dir='ltr'><strong>ad</strong></span> <span class='ocrx_word' id='word_1_298' title='bbox 1885 2837 2069 2884; x_wconf 82' lang='lat' dir='ltr'><strong>exitum</strong></span> <span class='ocrx_word' id='word_1_299' title='bbox 2093 2836 2292 2899; x_wconf 86' lang='lat' dir='ltr'><strong>perduci</strong></span> <span class='ocrx_word' id='word_1_300' title='bbox 2310 2838 2564 2901; x_wconf 85' lang='lat' dir='ltr'><strong>potuisset.</strong></span> 
     </span>
    </p>

    <p class='ocr_par' dir='ltr' id='par_1_5' title="bbox 1627 2914 2653 3061">
     <span class='ocr_line' id='line_1_45' title="bbox 1700 2914 2653 2980; baseline -0.002 -17"><span class='ocrx_word' id='word_1_301' title='bbox 1700 2917 1747 2963; x_wconf 78' lang='lat'><strong>3.</strong></span> <span class='ocrx_word' id='word_1_302' title='bbox 1780 2917 1903 2980; x_wconf 74' lang='lat' dir='ltr'><strong>Lege</strong></span> <span class='ocrx_word' id='word_1_303' title='bbox 1931 2914 2157 2980; x_wconf 76' lang='lat' dir='ltr'><strong>Apuleia.</strong></span> <span class='ocrx_word' id='word_1_304' title='bbox 2189 2916 2241 2963; x_wconf 83' lang='lat' dir='ltr'><strong>L.</strong></span> <span class='ocrx_word' id='word_1_305' title='bbox 2267 2916 2467 2980; x_wconf 78' lang='lat' dir='ltr'><strong>Apuleii</strong></span> <span class='ocrx_word' id='word_1_306' title='bbox 2490 2917 2653 2964; x_wconf 74' lang='lat' dir='ltr'><strong>Satur-</strong></span> 
     </span>
     <span class='ocr_line' id='line_1_46' title="bbox 1627 2994 2130 3061; baseline -0.002 -18"><span class='ocrx_word' id='word_1_307' title='bbox 1627 2995 1934 3061; x_wconf 27' lang='lat' dir='ltr'><strong>nini-tribuni</strong></span> <span class='ocrx_word' id='word_1_308' title='bbox 1953 2994 2130 3058; x_wconf 83' lang='lat' dir='ltr'><strong>plebis.</strong></span> 
     </span>
    </p>

    <p class='ocr_par' dir='ltr' id='par_1_6' title="bbox 1633 3072 2652 3201">
     <span class='ocr_line' id='line_1_47' title="bbox 1701 3072 2652 3138; baseline -0.003 -16"><span class='ocrx_word' id='word_1_309' title='bbox 1701 3085 1753 3131; x_wconf 70' lang='lat'><strong>4.</strong></span> <span class='ocrx_word' id='word_1_310' title='bbox 1781 3077 1850 3122; x_wconf 78' lang='lat' dir='ltr'><strong>Re</strong></span> <span class='ocrx_word' id='word_1_311' title='bbox 1874 3073 1984 3138; x_wconf 75' lang='lat' dir='ltr'><strong>ipsa</strong></span> <span class='ocrx_word' id='word_1_312' title='bbox 2003 3073 2213 3122; x_wconf 74' lang='lat' dir='ltr'><strong>sublata.</strong></span> <span class='ocrx_word' id='word_1_313' title='bbox 2241 3072 2301 3120; x_wconf 92' lang='lat' dir='ltr'><strong>Id</strong></span> <span class='ocrx_word' id='word_1_314' title='bbox 2323 3083 2420 3130; x_wconf 86' lang='lat' dir='ltr'><strong>est,</strong></span> <span class='ocrx_word' id='word_1_315' title='bbox 2445 3072 2652 3121; x_wconf 70' lang='lat' dir='ltr'><strong>coloniis</strong></span> 
     </span>
     <span class='ocr_line' id='line_1_48' title="bbox 1633 3152 1992 3201; baseline 0.003 -1"><span class='ocrx_word' id='word_1_316' title='bbox 1633 3169 1734 3200; x_wconf 88' lang='lat' dir='ltr'><strong>non</strong></span> <span class='ocrx_word' id='word_1_317' title='bbox 1753 3152 1992 3201; x_wconf 85' lang='lat' dir='ltr'><strong>deductis.</strong></span> 
     </span>
    </p>

    <p class='ocr_par' dir='ltr' id='par_1_7' title="bbox 1629 3231 2656 3992">
     <span class='ocr_line' id='line_1_49' title="bbox 1704 3231 2650 3281; baseline -0.002 -1"><span class='ocrx_word' id='word_1_318' title='bbox 1704 3233 1753 3280; x_wconf 80' lang='lat'><strong>5.</strong></span> <span class='ocrx_word' id='word_1_319' title='bbox 1801 3232 1968 3280; x_wconf 78' lang='lat' dir='ltr'><strong>Ardor</strong></span> <span class='ocrx_word' id='word_1_320' title='bbox 2000 3231 2264 3281; x_wconf 78' lang='lat' dir='ltr'><strong>oculorum.</strong></span> <span class='ocrx_word' id='word_1_321' title='bbox 2305 3231 2566 3280; x_wconf 71' lang='lat' dir='ltr'><strong>peculiaris</strong></span> <span class='ocrx_word' id='word_1_322' title='bbox 2599 3231 2650 3278; x_wconf 84' lang='lat' dir='ltr'><strong>in</strong></span> 
     </span>
     <span class='ocr_line' id='line_1_50' title="bbox 1632 3309 2652 3360; baseline -0.003 -1"><span class='ocrx_word' id='word_1_323' title='bbox 1632 3311 1792 3360; x_wconf 81' lang='lat' dir='ltr'><strong>Mario</strong></span> <span class='ocrx_word' id='word_1_324' title='bbox 1833 3311 1926 3358; x_wconf 79' lang='lat' dir='ltr'><strong>fuit</strong></span> <span class='ocrx_word' id='word_1_325' title='bbox 1960 3309 2108 3358; x_wconf 80' lang='lat' dir='ltr'><strong>ardor</strong></span> <span class='ocrx_word' id='word_1_326' title='bbox 2135 3311 2407 3358; x_wconf 85' lang='lat' dir='ltr'><strong>oculorum.</strong></span> <span class='ocrx_word' id='word_1_327' title='bbox 2441 3309 2652 3358; x_wconf 79' lang='lat' dir='ltr'><strong>Mintur-</strong></span> 
     </span>
     <span class='ocr_line' id='line_1_51' title="bbox 1631 3388 2654 3443; baseline -0.002 -7"><span class='ocrx_word' id='word_1_328' title='bbox 1631 3405 1802 3437; x_wconf 83' lang='lat' dir='ltr'><strong>nenses</strong></span> <span class='ocrx_word' id='word_1_329' title='bbox 1841 3389 2052 3436; x_wconf 82' lang='lat' dir='ltr'><strong>Marium</strong></span> <span class='ocrx_word' id='word_1_330' title='bbox 2101 3405 2270 3438; x_wconf 77' lang='lat' dir='ltr'><strong>necare</strong></span> <span class='ocrx_word' id='word_1_331' title='bbox 2310 3388 2654 3443; x_wconf 78' lang='lat' dir='ltr'><strong>decreverant,</strong></span> 
     </span>
     <span class='ocr_line' id='line_1_52' title="bbox 1631 3465 2654 3531; baseline -0.006 -14"><span class='ocrx_word' id='word_1_332' title='bbox 1631 3469 1953 3530; x_wconf 78' lang='lat' dir='ltr'><strong>miserantque</strong></span> <span class='ocrx_word' id='word_1_333' title='bbox 1993 3465 2244 3516; x_wconf 83' lang='lat' dir='ltr'><strong>Cimbrum</strong></span> <span class='ocrx_word' id='word_1_334' title='bbox 2283 3469 2525 3531; x_wconf 85' lang='lat' dir='ltr'><strong>equitem,</strong></span> <span class='ocrx_word' id='word_1_335' title='bbox 2568 3465 2654 3530; x_wconf 84' lang='lat' dir='ltr'><strong>qni</strong></span> 
     </span>
     <span class='ocr_line' id='line_1_53' title="bbox 1631 3543 2654 3610; baseline -0.004 -14"><span class='ocrx_word' id='word_1_336' title='bbox 1631 3563 1732 3596; x_wconf 85' lang='lat' dir='ltr'><strong>rem</strong></span> <span class='ocrx_word' id='word_1_337' title='bbox 1766 3547 2060 3609; x_wconf 72' lang='lat' dir='ltr'><strong>transigeret.</strong></span> <span class='ocrx_word' id='word_1_338' title='bbox 2097 3548 2146 3594; x_wconf 89' lang='lat' dir='ltr'><strong>Is</strong></span> <span class='ocrx_word' id='word_1_339' title='bbox 2181 3547 2354 3594; x_wconf 82' lang='lat' dir='ltr'><strong>stricto</strong></span> <span class='ocrx_word' id='word_1_340' title='bbox 2390 3546 2554 3610; x_wconf 75' lang='lat' dir='ltr'><strong>gladio</strong></span> <span class='ocrx_word' id='word_1_341' title='bbox 2587 3543 2654 3592; x_wconf 80' lang='lat' dir='ltr'><strong>ad</strong></span> 
     </span>
     <span class='ocr_line' id='line_1_54' title="bbox 1632 3625 2652 3690; baseline -0.005 -15"><span class='ocrx_word' id='word_1_342' title='bbox 1632 3644 1742 3676; x_wconf 84' lang='lat' dir='ltr'><strong>eum</strong></span> <span class='ocrx_word' id='word_1_343' title='bbox 1762 3627 2004 3690; x_wconf 73' lang='lat' dir='ltr'><strong>ingressus</strong></span> <span class='ocrx_word' id='word_1_344' title='bbox 2025 3635 2098 3673; x_wconf 85' lang='lat' dir='ltr'><strong>est</strong></span> <span class='ocrx_word' id='word_1_345' title='bbox 2113 3659 2128 3685; x_wconf 86' lang='lat'><em>‚</em></span> <span class='ocrx_word' id='word_1_346' title='bbox 2151 3641 2302 3689; x_wconf 83' lang='lat' dir='ltr'><strong>quum</strong></span> <span class='ocrx_word' id='word_1_347' title='bbox 2321 3625 2462 3672; x_wconf 86' lang='lat' dir='ltr'><strong>locus</strong></span> <span class='ocrx_word' id='word_1_348' title='bbox 2479 3625 2532 3672; x_wconf 84' lang='lat' dir='ltr'><strong>in</strong></span> <span class='ocrx_word' id='word_1_349' title='bbox 2551 3639 2652 3688; x_wconf 86' lang='lat' dir='ltr'><strong>quo</strong></span> 
     </span>
     <span class='ocr_line' id='line_1_55' title="bbox 1631 3704 2652 3764; baseline -0.006 -8"><span class='ocrx_word' id='word_1_350' title='bbox 1631 3717 1734 3756; x_wconf 77' lang='lat' dir='ltr'><strong>emt</strong></span> <span class='ocrx_word' id='word_1_351' title='bbox 1749 3739 1767 3764; x_wconf 82' lang='lat'>‚</span> <span class='ocrx_word' id='word_1_352' title='bbox 1811 3718 1935 3754; x_wconf 85' lang='lat' dir='ltr'><strong>esset</strong></span> <span class='ocrx_word' id='word_1_353' title='bbox 1971 3704 2248 3752; x_wconf 79' lang='lat' dir='ltr'><strong>obscurior.</strong></span> <span class='ocrx_word' id='word_1_354' title='bbox 2277 3726 2299 3748; x_wconf 76' lang='grc' dir='ltr'><strong>ιι</strong></span> <span class='ocrx_word' id='word_1_355' title='bbox 2320 3706 2461 3751; x_wconf 84' lang='lat' dir='ltr'><strong>Tune</strong></span> <span class='ocrx_word' id='word_1_356' title='bbox 2481 3705 2616 3751; x_wconf 81' lang='lat' dir='ltr'><strong>aiunt</strong></span> <span class='ocrx_word' id='word_1_357' title='bbox 2635 3736 2652 3762; x_wconf 90' lang='lat'>,</span> 
     </span>
     <span class='ocr_line' id='line_1_56' title="bbox 1629 3782 2656 3848; baseline -0.006 -14"><span class='ocrx_word' id='word_1_358' title='bbox 1629 3784 1802 3834; x_wconf 85' lang='lat' dir='ltr'><strong>oculos</strong></span> <span class='ocrx_word' id='word_1_359' title='bbox 1820 3785 1964 3833; x_wconf 78' lang='lat' dir='ltr'><strong>Marii</strong></span> <span class='ocrx_word' id='word_1_360' title='bbox 1991 3784 2242 3848; x_wconf 77' lang='lat' dir='ltr'><strong>copiosam</strong></span> <span class='ocrx_word' id='word_1_361' title='bbox 2262 3782 2503 3831; x_wconf 82' lang='lat' dir='ltr'><strong>flammam</strong></span> <span class='ocrx_word' id='word_1_362' title='bbox 2521 3783 2656 3830; x_wconf 82' lang='lat' dir='ltr'><strong>emit-</strong></span> 
     </span>
     <span class='ocr_line' id='line_1_57' title="bbox 1629 3864 2655 3928; baseline -0.004 -15"><span class='ocrx_word' id='word_1_363' title='bbox 1629 3875 1785 3914; x_wconf 82' lang='lat' dir='ltr'><strong>tentes</strong></span> <span class='ocrx_word' id='word_1_364' title='bbox 1817 3865 1960 3912; x_wconf 84' lang='lat' dir='ltr'><strong>militi</strong></span> <span class='ocrx_word' id='word_1_365' title='bbox 1992 3864 2270 3928; x_wconf 71' lang='lat' dir='ltr'><strong>apparuisse</strong></span> <span class='ocrx_word' id='word_1_366' title='bbox 2291 3897 2306 3918; x_wconf 86' lang='lat'><strong>,</strong></span> <span class='ocrx_word' id='word_1_367' title='bbox 2338 3878 2655 3926; x_wconf 79' lang='lat' dir='ltr'><strong>magnamque</strong></span> 
     </span>
     <span class='ocr_line' id='line_1_58' title="bbox 1631 3943 2655 3992; baseline 0 -2"><span class='ocrx_word' id='word_1_368' title='bbox 1631 3959 1800 3991; x_wconf 81' lang='lat' dir='ltr'><strong>vocem</strong></span> <span class='ocrx_word' id='word_1_369' title='bbox 1839 3961 1903 3992; x_wconf 86' lang='lat' dir='ltr'><strong>ex</strong></span> <span class='ocrx_word' id='word_1_370' title='bbox 1943 3944 2202 3992; x_wconf 82' lang='lat' dir='ltr'><strong>tenebroso</strong></span> <span class='ocrx_word' id='word_1_371' title='bbox 2241 3943 2358 3991; x_wconf 86' lang='lat' dir='ltr'><strong>loco</strong></span> <span class='ocrx_word' id='word_1_372' title='bbox 2397 3943 2655 3990; x_wconf 77' lang='lat' dir='ltr'><strong>emissam:</strong></span> 
     </span>
    </p>
   </div>
   <div class='ocr_carea' id='block_1_5' title="bbox 515 4022 2658 4164">
    <p class='ocr_par' dir='ltr' id='par_1_8' title="bbox 515 4022 2658 4164">
     <span class='ocr_line' id='line_1_59' title="bbox 515 4022 2653 4090; baseline -0.006 -12"><span class='ocrx_word' id='word_1_373' title='bbox 515 4047 542 4078; x_wconf 85' lang='lat' dir='ltr'><strong>e</strong></span> <span class='ocrx_word' id='word_1_374' title='bbox 580 4029 824 4078; x_wconf 84' lang='lat' dir='ltr'><strong>veteribus</strong></span> <span class='ocrx_word' id='word_1_375' title='bbox 864 4025 959 4074; x_wconf 86' lang='lat' dir='ltr'><strong>illis</strong></span> <span class='ocrx_word' id='word_1_376' title='bbox 1000 4024 1208 4072; x_wconf 80' lang='lat' dir='ltr'><strong>coloniis</strong></span> <span class='ocrx_word' id='word_1_377' title='bbox 1228 4059 1242 4083; x_wconf 87' lang='lat'>,</span> <span class='ocrx_word' id='word_1_378' title='bbox 1287 4043 1314 4073; x_wconf 85' lang='lat' dir='ltr'><strong>e</strong></span> <span class='ocrx_word' id='word_1_379' title='bbox 1354 4027 1538 4090; x_wconf 81' lang='lat' dir='ltr'><strong>quibus</strong></span> <span class='ocrx_word' id='word_1_380' title='bbox 1625 4025 1764 4071; x_wconf 85' lang='lat' dir='ltr'><strong>Tune</strong></span> <span class='ocrx_word' id='word_1_381' title='bbox 1781 4025 1951 4081; x_wconf 83' lang='lat' dir='ltr'><strong>etiam,</strong></span> <span class='ocrx_word' id='word_1_382' title='bbox 1970 4022 2194 4080; x_wconf 83' lang='lat' dir='ltr'><strong>ohomo,</strong></span> <span class='ocrx_word' id='word_1_383' title='bbox 2211 4022 2358 4069; x_wconf 81' lang='lat' dir='ltr'><strong>audes</strong></span> <span class='ocrx_word' id='word_1_384' title='bbox 2371 4025 2428 4071; x_wconf 83' lang='lat' dir='ltr'><strong>C.</strong></span> <span class='ocrx_word' id='word_1_385' title='bbox 2447 4023 2653 4068; x_wconf 73' lang='lat' dir='ltr'><strong>Marium</strong></span> 
     </span>
     <span class='ocr_line' id='line_1_60' title="bbox 515 4101 2658 4164; baseline -0.006 -6"><span class='ocrx_word' id='word_1_386' title='bbox 515 4108 720 4158; x_wconf 77' lang='lat' dir='ltr'><strong>colonos</strong></span> <span class='ocrx_word' id='word_1_387' title='bbox 737 4106 1053 4157; x_wconf 76' lang='lat' dir='ltr'><strong>transcribere</strong></span> <span class='ocrx_word' id='word_1_388' title='bbox 1070 4106 1233 4156; x_wconf 72' lang='lat' dir='ltr'><strong>animo</strong></span> <span class='ocrx_word' id='word_1_389' title='bbox 1252 4107 1534 4164; x_wconf 79' lang='lat' dir='ltr'><strong>destinarat,</strong></span> <span class='ocrx_word' id='word_1_390' title='bbox 1623 4103 1930 4152; x_wconf 72' lang='lat' dir='ltr'><strong>interficere?</strong></span> <span class='ocrx_word' id='word_1_391' title='bbox 1967 4105 2098 4164; x_wconf 75' lang='lat' dir='ltr'><strong>Fuga</strong></span> <span class='ocrx_word' id='word_1_392' title='bbox 2137 4117 2188 4148; x_wconf 85' lang='lat' dir='ltr'><strong>se</strong></span> <span class='ocrx_word' id='word_1_393' title='bbox 2225 4101 2387 4148; x_wconf 79' lang='lat' dir='ltr'><strong>statim</strong></span> <span class='ocrx_word' id='word_1_394' title='bbox 2415 4101 2658 4164; x_wconf 83' lang='lat' dir='ltr'><strong>proripuit</strong></span> 
     </span>
    </p>
   </div>
  </div>
 </body>
</html>
