<?xml version="1.0" encoding="UTF-8"?>
<!DOCTYPE html PUBLIC "-//W3C//DTD XHTML 1.0 Transitional//EN"
    "http://www.w3.org/TR/xhtml1/DTD/xhtml1-transitional.dtd">
<html xmlns="http://www.w3.org/1999/xhtml" xml:lang="en" lang="en">
 <head>
  <title>
</title>
<meta http-equiv="Content-Type" content="text/html;charset=utf-8" />
  <meta name='ocr-system' content='tesseract 3.04.00' />
  <meta name='ocr-capabilities' content='ocr_page ocr_carea ocr_par ocr_line ocrx_word'/>
</head>
<body>
  <div class='ocr_page' id='page_1' title='image "./mtciceronisquae08lemagoog/mtciceronisquae08lemagoog_0029.png"; bbox 0 0 2996 4694; ppageno 0'>
   <div class='ocr_carea' id='block_1_1' title="bbox 824 347 2481 464">
    <p class='ocr_par' dir='ltr' id='par_1_1' title="bbox 824 347 2481 464">
     <span class='ocr_line' id='line_1_1' title="bbox 824 347 2481 464; baseline 0 -2"><span class='ocrx_word' id='word_1_1' title='bbox 824 394 1208 463; x_wconf 79' lang='lat' dir='ltr'><strong>ORATIO</strong></span> <span class='ocrx_word' id='word_1_2' title='bbox 1255 397 1459 464; x_wconf 78' lang='lat' dir='ltr'><strong>Pno</strong></span> <span class='ocrx_word' id='word_1_3' title='bbox 1511 395 1583 462; x_wconf 86' lang='lat' dir='ltr'><strong>P.</strong></span> <span class='ocrx_word' id='word_1_4' title='bbox 1640 347 2031 463; x_wconf 65' lang='lat' dir='ltr'><strong>sExrlo.</strong></span> <span class='ocrx_word' id='word_1_5' title='bbox 2398 415 2481 462; x_wconf 60' lang='grc' dir='ltr'><strong>αι</strong></span> 
     </span>
    </p>
   </div>
   <div class='ocr_carea' id='block_1_2' title="bbox 338 511 2582 2916">
    <p class='ocr_par' dir='ltr' id='par_1_2' title="bbox 338 511 2499 1271">
     <span class='ocr_line' id='line_1_2' title="bbox 347 511 2495 614; baseline -0 -27"><span class='ocrx_word' id='word_1_6' title='bbox 347 513 662 613; x_wconf 82' lang='lat' dir='ltr'><strong>quando</strong></span> <span class='ocrx_word' id='word_1_7' title='bbox 721 511 812 584; x_wconf 81' lang='lat' dir='ltr'><strong>ad</strong></span> <span class='ocrx_word' id='word_1_8' title='bbox 864 513 1016 586; x_wconf 85' lang='lat' dir='ltr'><strong>haec</strong></span> <span class='ocrx_word' id='word_1_9' title='bbox 1069 516 1414 614; x_wconf 61' lang='lat' dir='ltr'><strong>propiora,</strong></span> <span class='ocrx_word' id='word_1_10' title='bbox 1471 519 1779 587; x_wconf 84' lang='lat' dir='ltr'><strong>veniam.</strong></span> <span class='ocrx_word' id='word_1_11' title='bbox 1836 517 2295 610; x_wconf 81' lang='lat' dir='ltr'><strong>Quamquam</strong></span> <span class='ocrx_word' id='word_1_12' title='bbox 2344 539 2495 587; x_wconf 87' lang='lat' dir='ltr'><strong>non</strong></span> 
     </span>
     <span class='ocr_line' id='line_1_3' title="bbox 350 621 2496 722; baseline 0.001 -28"><span class='ocrx_word' id='word_1_13' title='bbox 350 636 466 694; x_wconf 83' lang='lat' dir='ltr'><strong>est</strong></span> <span class='ocrx_word' id='word_1_14' title='bbox 524 621 928 696; x_wconf 81' lang='lat' dir='ltr'><strong>omittenda</strong></span> <span class='ocrx_word' id='word_1_15' title='bbox 979 625 1354 722; x_wconf 85' lang='lat' dir='ltr'><strong>singularis</strong></span> <span class='ocrx_word' id='word_1_16' title='bbox 1402 625 1524 698; x_wconf 81' lang='lat' dir='ltr'><strong>illa</strong></span> <span class='ocrx_word' id='word_1_17' title='bbox 1576 627 1945 722; x_wconf 79' lang='lat' dir='ltr'><strong>integritas</strong></span> <span class='ocrx_word' id='word_1_18' title='bbox 1996 624 2453 722; x_wconf 84' lang='lat' dir='ltr'><strong>provincialis</strong></span> <span class='ocrx_word' id='word_1_19' title='bbox 2476 679 2496 711; x_wconf 90' lang='lat'><strong>,</strong></span> 
     </span>
     <span class='ocr_line' id='line_1_4' title="bbox 347 732 2497 832; baseline 0 -28"><span class='ocrx_word' id='word_1_20' title='bbox 347 733 570 828; x_wconf 88' lang='lat' dir='ltr'><strong>cujus</strong></span> <span class='ocrx_word' id='word_1_21' title='bbox 625 755 762 831; x_wconf 85' lang='lat' dir='ltr'><strong>ego</strong></span> <span class='ocrx_word' id='word_1_22' title='bbox 819 743 1132 832; x_wconf 83' lang='lat' dir='ltr'><strong>nuper¹¹</strong></span> <span class='ocrx_word' id='word_1_23' title='bbox 1197 739 1274 805; x_wconf 90' lang='lat' dir='ltr'><strong>in</strong></span> <span class='ocrx_word' id='word_1_24' title='bbox 1324 733 1745 807; x_wconf 87' lang='lat' dir='ltr'><strong>Macedonia</strong></span> <span class='ocrx_word' id='word_1_25' title='bbox 1793 732 1941 803; x_wconf 82' lang='lat' dir='ltr'><strong>vidi</strong></span> <span class='ocrx_word' id='word_1_26' title='bbox 1998 733 2290 830; x_wconf 73' lang='lat' dir='ltr'><strong>vestigia</strong></span> <span class='ocrx_word' id='word_1_27' title='bbox 2342 758 2497 806; x_wconf 88' lang='lat' dir='ltr'><strong>non</strong></span> 
     </span>
     <span class='ocr_line' id='line_1_5' title="bbox 344 843 2499 944; baseline 0.003 -34"><span class='ocrx_word' id='word_1_28' title='bbox 344 864 616 938; x_wconf 82' lang='lat' dir='ltr'><strong>pressa</strong></span> <span class='ocrx_word' id='word_1_29' title='bbox 649 844 901 916; x_wconf 86' lang='lat' dir='ltr'><strong>leviter</strong></span> <span class='ocrx_word' id='word_1_30' title='bbox 937 845 1027 917; x_wconf 82' lang='lat' dir='ltr'><strong>ad</strong></span> <span class='ocrx_word' id='word_1_31' title='bbox 1063 845 1301 941; x_wconf 84' lang='lat' dir='ltr'><strong>exigui</strong></span> <span class='ocrx_word' id='word_1_32' title='bbox 1334 845 1916 944; x_wconf 82' lang='lat' dir='ltr'><strong>praedicationem</strong></span> <span class='ocrx_word' id='word_1_33' title='bbox 1944 845 2327 940; x_wconf 79' lang='lat' dir='ltr'><strong>temporiS,</strong></span> <span class='ocrx_word' id='word_1_34' title='bbox 2368 843 2499 916; x_wconf 89' lang='lat' dir='ltr'><strong>sed</strong></span> 
     </span>
     <span class='ocr_line' id='line_1_6' title="bbox 344 947 2495 1053; baseline 0.004 -35"><span class='ocrx_word' id='word_1_35' title='bbox 344 947 500 1019; x_wconf 85' lang='lat' dir='ltr'><strong>fixa</strong></span> <span class='ocrx_word' id='word_1_36' title='bbox 539 950 636 1023; x_wconf 84' lang='lat' dir='ltr'><strong>ad</strong></span> <span class='ocrx_word' id='word_1_37' title='bbox 677 957 1098 1026; x_wconf 84' lang='lat' dir='ltr'><strong>memoriam</strong></span> <span class='ocrx_word' id='word_1_38' title='bbox 1135 953 1326 1025; x_wconf 87' lang='lat' dir='ltr'><strong>illius</strong></span> <span class='ocrx_word' id='word_1_39' title='bbox 1367 955 1754 1053; x_wconf 81' lang='lat' dir='ltr'><strong>provinciae</strong></span> <span class='ocrx_word' id='word_1_40' title='bbox 1788 955 2319 1051; x_wconf 86' lang='lat' dir='ltr'><strong>sempiternam.</strong></span> <span class='ocrx_word' id='word_1_41' title='bbox 2353 956 2495 1026; x_wconf 88' lang='lat' dir='ltr'><strong>Ve-</strong></span> 
     </span>
     <span class='ocr_line' id='line_1_7' title="bbox 343 1060 2496 1162; baseline 0.004 -35"><span class='ocrx_word' id='word_1_42' title='bbox 343 1082 525 1128; x_wconf 86' lang='lat' dir='ltr'><strong>rum</strong></span> <span class='ocrx_word' id='word_1_43' title='bbox 563 1060 720 1135; x_wconf 85' lang='lat' dir='ltr'><strong>haec</strong></span> <span class='ocrx_word' id='word_1_44' title='bbox 755 1065 854 1135; x_wconf 88' lang='lat' dir='ltr'><strong>ita</strong></span> <span class='ocrx_word' id='word_1_45' title='bbox 889 1079 1394 1162; x_wconf 74' lang='lat' dir='ltr'><strong>praetereamus</strong></span> <span class='ocrx_word' id='word_1_46' title='bbox 1415 1119 1436 1154; x_wconf 90' lang='lat'><strong>,</strong></span> <span class='ocrx_word' id='word_1_47' title='bbox 1481 1079 1564 1137; x_wconf 90' lang='lat' dir='ltr'><strong>ut</strong></span> <span class='ocrx_word' id='word_1_48' title='bbox 1594 1079 1837 1136; x_wconf 82' lang='lat' dir='ltr'><strong>tamen</strong></span> <span class='ocrx_word' id='word_1_49' title='bbox 1870 1065 2235 1135; x_wconf 86' lang='lat' dir='ltr'><strong>intuentes</strong></span> <span class='ocrx_word' id='word_1_50' title='bbox 2276 1078 2350 1135; x_wconf 88' lang='lat' dir='ltr'><strong>et</strong></span> <span class='ocrx_word' id='word_1_51' title='bbox 2380 1088 2496 1136; x_wconf 89' lang='lat' dir='ltr'><strong>re·</strong></span> 
     </span>
     <span class='ocr_line' id='line_1_8' title="bbox 338 1173 1329 1271; baseline 0.005 -33"><span class='ocrx_word' id='word_1_52' title='bbox 338 1183 774 1266; x_wconf 74' lang='lat' dir='ltr'><strong>spectantes</strong></span> <span class='ocrx_word' id='word_1_53' title='bbox 811 1173 1329 1271; x_wconf 80' lang='lat' dir='ltr'><strong>relinquamus.</strong></span> 
     </span>
    </p>

    <p class='ocr_par' dir='ltr' id='par_1_3' title="bbox 342 1279 2582 2916">
     <span class='ocr_line' id='line_1_9' title="bbox 440 1279 2495 1382; baseline 0.003 -34"><span class='ocrx_word' id='word_1_54' title='bbox 440 1281 580 1351; x_wconf 66' lang='lat' dir='ltr'><strong>vi.</strong></span> <span class='ocrx_word' id='word_1_55' title='bbox 620 1281 730 1354; x_wconf 82' lang='lat' dir='ltr'><strong>Ad</strong></span> <span class='ocrx_word' id='word_1_56' title='bbox 765 1281 1258 1371; x_wconf 88' lang='lat' dir='ltr'><strong>tribunatum,</strong></span> <span class='ocrx_word' id='word_1_57' title='bbox 1303 1285 1472 1380; x_wconf 84' lang='lat' dir='ltr'><strong>quia</strong></span> <span class='ocrx_word' id='word_1_58' title='bbox 1514 1285 1665 1382; x_wconf 84' lang='lat' dir='ltr'><strong>ipse</strong></span> <span class='ocrx_word' id='word_1_59' title='bbox 1706 1281 1798 1354; x_wconf 86' lang='lat' dir='ltr'><strong>ad</strong></span> <span class='ocrx_word' id='word_1_60' title='bbox 1840 1307 1993 1355; x_wconf 87' lang='lat' dir='ltr'><strong>sese</strong></span> <span class='ocrx_word' id='word_1_61' title='bbox 2032 1283 2177 1378; x_wconf 83' lang='lat' dir='ltr'><strong>jam</strong></span> <span class='ocrx_word' id='word_1_62' title='bbox 2216 1279 2495 1355; x_wconf 90' lang='lat' dir='ltr'><strong>dudum</strong></span> 
     </span>
     <span class='ocr_line' id='line_1_10' title="bbox 342 1390 2496 1491; baseline 0.002 -33"><span class='ocrx_word' id='word_1_63' title='bbox 342 1403 612 1478; x_wconf 77' lang='lat' dir='ltr'><strong>vocat,</strong></span> <span class='ocrx_word' id='word_1_64' title='bbox 658 1407 734 1462; x_wconf 89' lang='lat' dir='ltr'><strong>et</strong></span> <span class='ocrx_word' id='word_1_65' title='bbox 782 1391 1323 1491; x_wconf 87' lang='lat' dir='ltr'><strong>quodammodo</strong></span> <span class='ocrx_word' id='word_1_66' title='bbox 1367 1390 1711 1466; x_wconf 84' lang='lat' dir='ltr'><strong>absorbet</strong></span> <span class='ocrx_word' id='word_1_67' title='bbox 1764 1394 2166 1465; x_wconf 84' lang='lat' dir='ltr'><strong>orationem</strong></span> <span class='ocrx_word' id='word_1_68' title='bbox 2218 1415 2453 1463; x_wconf 82' lang='lat' dir='ltr'><strong>meam</strong></span> <span class='ocrx_word' id='word_1_69' title='bbox 2474 1445 2496 1480; x_wconf 88' lang='lat'><strong>,</strong></span> 
     </span>
     <span class='ocr_line' id='line_1_11' title="bbox 350 1498 2495 1600; baseline 0 -31"><span class='ocrx_word' id='word_1_70' title='bbox 350 1513 713 1572; x_wconf 88' lang='lat' dir='ltr'><strong>contento</strong></span> <span class='ocrx_word' id='word_1_71' title='bbox 757 1501 999 1572; x_wconf 89' lang='lat' dir='ltr'><strong>studio</strong></span> <span class='ocrx_word' id='word_1_72' title='bbox 1041 1525 1410 1600; x_wconf 79' lang='lat' dir='ltr'><strong>cursuque</strong></span> <span class='ocrx_word' id='word_1_73' title='bbox 1444 1506 1841 1573; x_wconf 83' lang='lat' dir='ltr'><strong>veniamus.</strong></span> <span class='ocrx_word' id='word_1_74' title='bbox 1875 1505 1981 1572; x_wconf 91' lang='lat' dir='ltr'><strong>De</strong></span> <span class='ocrx_word' id='word_1_75' title='bbox 2018 1524 2170 1598; x_wconf 92' lang='lat' dir='ltr'><strong>quo</strong></span> <span class='ocrx_word' id='word_1_76' title='bbox 2198 1498 2495 1596; x_wconf 84' lang='lat' dir='ltr'><strong>quidem</strong></span> 
     </span>
     <span class='ocr_line' id='line_1_12' title="bbox 351 1606 2496 1708; baseline 0.002 -28"><span class='ocrx_word' id='word_1_77' title='bbox 351 1606 738 1682; x_wconf 81' lang='lat' dir='ltr'><strong>tribunatu</strong></span> <span class='ocrx_word' id='word_1_78' title='bbox 785 1615 885 1684; x_wconf 86' lang='lat' dir='ltr'><strong>ita</strong></span> <span class='ocrx_word' id='word_1_79' title='bbox 935 1611 1210 1683; x_wconf 89' lang='lat' dir='ltr'><strong>dictum</strong></span> <span class='ocrx_word' id='word_1_80' title='bbox 1260 1637 1300 1684; x_wconf 88' lang='lat' dir='ltr'>a</span> <span class='ocrx_word' id='word_1_81' title='bbox 1335 1614 1423 1704; x_wconf 91' lang='lat' dir='ltr'><strong>Q.</strong></span> <span class='ocrx_word' id='word_1_82' title='bbox 1473 1613 1904 1701; x_wconf 86' lang='lat' dir='ltr'><strong>Hortensio,</strong></span> <span class='ocrx_word' id='word_1_83' title='bbox 1942 1627 2027 1683; x_wconf 91' lang='lat' dir='ltr'><strong>ut</strong></span> <span class='ocrx_word' id='word_1_84' title='bbox 2066 1613 2223 1708; x_wconf 85' lang='lat' dir='ltr'><strong>ejus</strong></span> <span class='ocrx_word' id='word_1_85' title='bbox 2263 1614 2496 1684; x_wconf 78' lang='lat' dir='ltr'><strong>oratio</strong></span> 
     </span>
     <span class='ocr_line' id='line_1_13' title="bbox 353 1718 2493 1810; baseline 0 -20"><span class='ocrx_word' id='word_1_86' title='bbox 353 1742 514 1790; x_wconf 87' lang='lat' dir='ltr'><strong>non</strong></span> <span class='ocrx_word' id='word_1_87' title='bbox 569 1718 1064 1810; x_wconf 85' lang='lat' dir='ltr'><strong>defensionem</strong></span> <span class='ocrx_word' id='word_1_88' title='bbox 1127 1721 1347 1793; x_wconf 91' lang='lat' dir='ltr'><strong>modo</strong></span> <span class='ocrx_word' id='word_1_89' title='bbox 1403 1724 1789 1793; x_wconf 88' lang='lat' dir='ltr'><strong>criminum</strong></span> <span class='ocrx_word' id='word_1_90' title='bbox 1840 1721 2212 1792; x_wconf 83' lang='lat' dir='ltr'><strong>videretur.</strong></span> <span class='ocrx_word' id='word_1_91' title='bbox 2260 1721 2493 1791; x_wconf 86' lang='lat' dir='ltr'><strong>conti·</strong></span> 
     </span>
     <span class='ocr_line' id='line_1_14' title="bbox 352 1830 2491 1930; baseline 0 -30"><span class='ocrx_word' id='word_1_92' title='bbox 352 1853 571 1919; x_wconf 87' lang='lat' dir='ltr'><strong>nere,</strong></span> <span class='ocrx_word' id='word_1_93' title='bbox 618 1831 746 1903; x_wconf 89' lang='lat' dir='ltr'><strong>sed</strong></span> <span class='ocrx_word' id='word_1_94' title='bbox 791 1836 1005 1904; x_wconf 89' lang='lat' dir='ltr'><strong>etiam</strong></span> <span class='ocrx_word' id='word_1_95' title='bbox 1059 1833 1407 1904; x_wconf 81' lang='lat' dir='ltr'><strong>memoria</strong></span> <span class='ocrx_word' id='word_1_96' title='bbox 1444 1830 1661 1930; x_wconf 87' lang='lat' dir='ltr'><strong>digna</strong></span> <span class='ocrx_word' id='word_1_97' title='bbox 1695 1845 1923 1919; x_wconf 84' lang='lat' dir='ltr'><strong>esset,</strong></span> <span class='ocrx_word' id='word_1_98' title='bbox 1976 1833 2083 1901; x_wconf 89' lang='lat' dir='ltr'><strong>uti</strong></span> <span class='ocrx_word' id='word_1_99' title='bbox 2135 1843 2209 1900; x_wconf 86' lang='lat' dir='ltr'><strong>et</strong></span> <span class='ocrx_word' id='word_1_100' title='bbox 2247 1832 2491 1927; x_wconf 87' lang='lat' dir='ltr'><strong>reipu-</strong></span> 
     </span>
     <span class='ocr_line' id='line_1_15' title="bbox 351 1937 2490 2041; baseline 0 -32"><span class='ocrx_word' id='word_1_101' title='bbox 351 1937 570 2011; x_wconf 80' lang='lat' dir='ltr'><strong>blicae</strong></span> <span class='ocrx_word' id='word_1_102' title='bbox 585 1943 1036 2041; x_wconf 72' lang='lat' dir='ltr'><strong>capessendae</strong></span> <span class='ocrx_word' id='word_1_103' title='bbox 1063 1944 1603 2016; x_wconf 51' lang='lat' dir='ltr'><strong>auctoritatem*</strong></span> <span class='ocrx_word' id='word_1_104' title='bbox 1635 1941 2233 2039; x_wconf 81' lang='lat' dir='ltr'><strong>disciplinamque</strong></span> <span class='ocrx_word' id='word_1_105' title='bbox 2254 1949 2283 1980; x_wconf 81' lang='lat'>²</span> <span class='ocrx_word' id='word_1_106' title='bbox 2309 1963 2490 2038; x_wconf 82' lang='lat' dir='ltr'><strong>prae-</strong></span> 
     </span>
     <span class='ocr_line' id='line_1_16' title="bbox 360 2049 2487 2150; baseline 0.002 -32"><span class='ocrx_word' id='word_1_107' title='bbox 360 2049 735 2124; x_wconf 87' lang='lat' dir='ltr'><strong>scriberet.</strong></span> <span class='ocrx_word' id='word_1_108' title='bbox 793 2052 931 2124; x_wconf 86' lang='lat' dir='ltr'><strong>Sed</strong></span> <span class='ocrx_word' id='word_1_109' title='bbox 991 2067 1270 2140; x_wconf 85' lang='lat' dir='ltr'><strong>tamen,</strong></span> <span class='ocrx_word' id='word_1_110' title='bbox 1329 2055 1676 2150; x_wconf 87' lang='lat' dir='ltr'><strong>quoniam</strong></span> <span class='ocrx_word' id='word_1_111' title='bbox 1724 2052 2135 2124; x_wconf 79' lang='lat' dir='ltr'><strong>tribunatus</strong></span> <span class='ocrx_word' id='word_1_112' title='bbox 2190 2051 2487 2149; x_wconf 86' lang='lat' dir='ltr'><strong>quidem</strong></span> 
     </span>
     <span class='ocr_line' id='line_1_17' title="bbox 357 2157 2582 2250; baseline 0.001 -21"><span class='ocrx_word' id='word_1_113' title='bbox 357 2172 560 2230; x_wconf 86' lang='lat' dir='ltr'><strong>totus</strong></span> <span class='ocrx_word' id='word_1_114' title='bbox 606 2163 683 2230; x_wconf 87' lang='lat' dir='ltr'><strong>P.</strong></span> <span class='ocrx_word' id='word_1_115' title='bbox 722 2162 944 2232; x_wconf 79' lang='lat' dir='ltr'><strong>Sextii</strong></span> <span class='ocrx_word' id='word_1_116' title='bbox 979 2161 1160 2233; x_wconf 84' lang='lat' dir='ltr'><strong>nihil</strong></span> <span class='ocrx_word' id='word_1_117' title='bbox 1197 2163 1390 2232; x_wconf 87' lang='lat' dir='ltr'><strong>aliud</strong></span> <span class='ocrx_word' id='word_1_118' title='bbox 1411 2215 1429 2250; x_wconf 92' lang='lat'><strong>,</strong></span> <span class='ocrx_word' id='word_1_119' title='bbox 1477 2163 1617 2232; x_wconf 85' lang='lat' dir='ltr'><strong>nisi</strong></span> <span class='ocrx_word' id='word_1_120' title='bbox 1652 2187 1901 2232; x_wconf 90' lang='lat' dir='ltr'><strong>meum</strong></span> <span class='ocrx_word' id='word_1_121' title='bbox 1948 2185 2219 2233; x_wconf 89' lang='lat' dir='ltr'><strong>nomen</strong></span> <span class='ocrx_word' id='word_1_122' title='bbox 2242 2157 2271 2204; x_wconf 78' lang='lat'>³</span> <span class='ocrx_word' id='word_1_123' title='bbox 2320 2185 2487 2232; x_wconf 82' lang='lat' dir='ltr'><strong>cau-</strong></span> <span class='ocrx_word' id='word_1_124' title='bbox 2570 2167 2582 2178; x_wconf 83' lang='lat'><strong><em>&#39;</em></strong></span> 
     </span>
     <span class='ocr_line' id='line_1_18' title="bbox 358 2267 2489 2365; baseline 0 -26"><span class='ocrx_word' id='word_1_125' title='bbox 358 2291 661 2365; x_wconf 84' lang='lat' dir='ltr'><strong>samque</strong></span> <span class='ocrx_word' id='word_1_126' title='bbox 713 2270 1086 2358; x_wconf 84' lang='lat' dir='ltr'><strong>sustinuit,</strong></span> <span class='ocrx_word' id='word_1_127' title='bbox 1133 2270 1536 2342; x_wconf 87' lang='lat' dir='ltr'><strong>necessario</strong></span> <span class='ocrx_word' id='word_1_128' title='bbox 1592 2269 1769 2340; x_wconf 91' lang='lat' dir='ltr'><strong>mihi</strong></span> <span class='ocrx_word' id='word_1_129' title='bbox 1826 2270 1917 2341; x_wconf 87' lang='lat' dir='ltr'><strong>de</strong></span> <span class='ocrx_word' id='word_1_130' title='bbox 1967 2269 2215 2341; x_wconf 85' lang='lat' dir='ltr'><strong>iisdem</strong></span> <span class='ocrx_word' id='word_1_131' title='bbox 2267 2267 2489 2340; x_wconf 87' lang='lat' dir='ltr'><strong>rebus</strong></span> 
     </span>
     <span class='ocr_line' id='line_1_19' title="bbox 361 2372 2488 2477; baseline -0 -26"><span class='ocrx_word' id='word_1_132' title='bbox 361 2402 516 2451; x_wconf 88' lang='lat' dir='ltr'><strong>esse</strong></span> <span class='ocrx_word' id='word_1_133' title='bbox 544 2377 877 2461; x_wconf 83' lang='lat' dir='ltr'><strong>arbitror,</strong></span> <span class='ocrx_word' id='word_1_134' title='bbox 905 2380 1138 2451; x_wconf 78' lang='lat' dir='ltr'><strong>sinon</strong></span> <span class='ocrx_word' id='word_1_135' title='bbox 1172 2378 2054 2477; x_wconf 86' lang='lat' dir='ltr'><strong>subtilius‘disputandum</strong></span> <span class='ocrx_word' id='word_1_136' title='bbox 2074 2377 2132 2467; x_wconf 73' lang='lat'><strong>⁴,</strong></span> <span class='ocrx_word' id='word_1_137' title='bbox 2158 2391 2232 2448; x_wconf 86' lang='lat' dir='ltr'><strong>at</strong></span> <span class='ocrx_word' id='word_1_138' title='bbox 2256 2372 2452 2450; x_wconf 81' lang='lat' dir='ltr'><strong>certe</strong></span> <span class='ocrx_word' id='word_1_139' title='bbox 2468 2432 2488 2465; x_wconf 93' lang='lat'>‚</span> 
     </span>
     <span class='ocr_line' id='line_1_20' title="bbox 353 2486 2487 2587; baseline -0 -27"><span class='ocrx_word' id='word_1_140' title='bbox 353 2487 673 2584; x_wconf 78' lang='lat' dir='ltr'><strong>judiceS‚</strong></span> <span class='ocrx_word' id='word_1_141' title='bbox 711 2486 1078 2560; x_wconf 84' lang='lat' dir='ltr'><strong>dolentius</strong></span> <span class='ocrx_word' id='word_1_142' title='bbox 1123 2487 1674 2587; x_wconf 82' lang='lat' dir='ltr'><strong>deplorandum.</strong></span> <span class='ocrx_word' id='word_1_143' title='bbox 1722 2491 1883 2577; x_wconf 87' lang='lat' dir='ltr'><strong>Qua</strong></span> <span class='ocrx_word' id='word_1_144' title='bbox 1932 2489 2007 2557; x_wconf 93' lang='lat' dir='ltr'><strong>in</strong></span> <span class='ocrx_word' id='word_1_145' title='bbox 2054 2487 2382 2559; x_wconf 84' lang='lat' dir='ltr'><strong>oratione</strong></span> <span class='ocrx_word' id='word_1_146' title='bbox 2428 2489 2487 2559; x_wconf 90' lang='lat' dir='ltr'><strong>si</strong></span> 
     </span>
     <span class='ocr_line' id='line_1_21' title="bbox 358 2595 2486 2697; baseline -0 -28"><span class='ocrx_word' id='word_1_147' title='bbox 358 2601 683 2697; x_wconf 86' lang='lat' dir='ltr'><strong>asperius</strong></span> <span class='ocrx_word' id='word_1_148' title='bbox 731 2600 805 2669; x_wconf 92' lang='lat' dir='ltr'><strong>in</strong></span> <span class='ocrx_word' id='word_1_149' title='bbox 859 2598 1212 2696; x_wconf 83' lang='lat' dir='ltr'><strong>quosdam</strong></span> <span class='ocrx_word' id='word_1_150' title='bbox 1273 2598 1607 2669; x_wconf 88' lang='lat' dir='ltr'><strong>homines</strong></span> <span class='ocrx_word' id='word_1_151' title='bbox 1660 2597 1908 2669; x_wconf 82' lang='lat' dir='ltr'><strong>invehi</strong></span> <span class='ocrx_word' id='word_1_152' title='bbox 1968 2595 2223 2668; x_wconf 84' lang='lat' dir='ltr'><strong>vellem</strong></span> <span class='ocrx_word' id='word_1_153' title='bbox 2246 2651 2267 2684; x_wconf 91' lang='lat'><strong>,</strong></span> <span class='ocrx_word' id='word_1_154' title='bbox 2320 2600 2486 2695; x_wconf 91' lang='lat' dir='ltr'><strong>quis</strong></span> 
     </span>
     <span class='ocr_line' id='line_1_22' title="bbox 357 2702 2485 2804; baseline 0 -27"><span class='ocrx_word' id='word_1_155' title='bbox 357 2732 510 2797; x_wconf 88' lang='lat' dir='ltr'><strong>non</strong></span> <span class='ocrx_word' id='word_1_156' title='bbox 544 2706 1011 2795; x_wconf 85' lang='lat' dir='ltr'><strong>concederet,</strong></span> <span class='ocrx_word' id='word_1_157' title='bbox 1045 2723 1129 2780; x_wconf 86' lang='lat' dir='ltr'><strong>ut</strong></span> <span class='ocrx_word' id='word_1_158' title='bbox 1159 2732 1284 2780; x_wconf 89' lang='lat' dir='ltr'><strong>eos</strong></span> <span class='ocrx_word' id='word_1_159' title='bbox 1305 2702 1358 2795; x_wconf 87' lang='lat'><strong>⁵,</strong></span> <span class='ocrx_word' id='word_1_160' title='bbox 1392 2710 1707 2804; x_wconf 85' lang='lat' dir='ltr'><strong>quorum</strong></span> <span class='ocrx_word' id='word_1_161' title='bbox 1739 2705 2025 2778; x_wconf 88' lang='lat' dir='ltr'><strong>sceleris</strong></span> <span class='ocrx_word' id='word_1_162' title='bbox 2053 2704 2299 2778; x_wconf 87' lang='lat' dir='ltr'><strong>furore</strong></span> <span class='ocrx_word' id='word_1_163' title='bbox 2334 2711 2485 2777; x_wconf 80' lang='lat' dir='ltr'><strong>vio-</strong></span> 
     </span>
     <span class='ocr_line' id='line_1_23' title="bbox 355 2815 2487 2916; baseline 0.001 -30"><span class='ocrx_word' id='word_1_164' title='bbox 355 2815 543 2887; x_wconf 82' lang='lat' dir='ltr'><strong>latus</strong></span> <span class='ocrx_word' id='word_1_165' title='bbox 591 2839 859 2905; x_wconf 86' lang='lat' dir='ltr'><strong>essem,</strong></span> <span class='ocrx_word' id='word_1_166' title='bbox 913 2818 1107 2888; x_wconf 81' lang='lat' dir='ltr'><strong>vocis</strong></span> <span class='ocrx_word' id='word_1_167' title='bbox 1169 2815 1498 2901; x_wconf 78' lang='lat' dir='ltr'><strong>libertate</strong></span> <span class='ocrx_word' id='word_1_168' title='bbox 1555 2816 2165 2916; x_wconf 83' lang='lat' dir='ltr'><strong>perstringerem?</strong></span> <span class='ocrx_word' id='word_1_169' title='bbox 2218 2816 2353 2889; x_wconf 90' lang='lat' dir='ltr'><strong>Sed</strong></span> <span class='ocrx_word' id='word_1_170' title='bbox 2404 2833 2487 2889; x_wconf 90' lang='lat' dir='ltr'><strong>ut</strong></span> 
     </span>
    </p>
   </div>
   <div class='ocr_carea' id='block_1_3' title="bbox 352 3050 1376 4059">
    <p class='ocr_par' dir='ltr' id='par_1_4' title="bbox 353 3050 1376 3507">
     <span class='ocr_line' id='line_1_24' title="bbox 357 3050 1376 3116; baseline 0.005 -20"><span class='ocrx_word' id='word_1_171' title='bbox 357 3060 462 3097; x_wconf 76' lang='lat' dir='ltr'><strong>stoi·</strong></span> <span class='ocrx_word' id='word_1_172' title='bbox 477 3050 572 3100; x_wconf 77' lang='lat' dir='ltr'><strong>suit</strong></span> <span class='ocrx_word' id='word_1_173' title='bbox 583 3052 792 3100; x_wconf 81' lang='lat' dir='ltr'><strong>Antonii</strong></span> <span class='ocrx_word' id='word_1_174' title='bbox 810 3052 1048 3107; x_wconf 65' lang='lat' dir='ltr'><strong>consulis,</strong></span> <span class='ocrx_word' id='word_1_175' title='bbox 1064 3053 1376 3116; x_wconf 72' lang='lat' dir='ltr'><strong>ejusdemque</strong></span> 
     </span>
     <span class='ocr_line' id='line_1_25' title="bbox 353 3129 1374 3198; baseline 0.003 -22"><span class='ocrx_word' id='word_1_176' title='bbox 353 3129 694 3179; x_wconf 74' lang='lat' dir='ltr'><strong>Macedoniam</strong></span> <span class='ocrx_word' id='word_1_177' title='bbox 712 3130 1049 3196; x_wconf 71' lang='lat' dir='ltr'><strong>proconsulari</strong></span> <span class='ocrx_word' id='word_1_178' title='bbox 1072 3131 1279 3198; x_wconf 78' lang='lat' dir='ltr'><strong>imperio</strong></span> <span class='ocrx_word' id='word_1_179' title='bbox 1299 3146 1374 3179; x_wconf 82' lang='lat' dir='ltr'><strong>re-</strong></span> 
     </span>
     <span class='ocr_line' id='line_1_26' title="bbox 355 3208 1373 3275; baseline -0.001 -19"><span class='ocrx_word' id='word_1_180' title='bbox 355 3208 544 3271; x_wconf 68' lang='lat' dir='ltr'><strong>gentis:</strong></span> <span class='ocrx_word' id='word_1_181' title='bbox 573 3226 718 3275; x_wconf 71' lang='lat' dir='ltr'><strong>quam</strong></span> <span class='ocrx_word' id='word_1_182' title='bbox 743 3210 1040 3274; x_wconf 73' lang='lat' dir='ltr'><strong>provinciam</strong></span> <span class='ocrx_word' id='word_1_183' title='bbox 1067 3226 1216 3275; x_wconf 85' lang='lat' dir='ltr'><strong>quum</strong></span> <span class='ocrx_word' id='word_1_184' title='bbox 1239 3208 1373 3257; x_wconf 68' lang='lat' dir='ltr'><strong>haud</strong></span> 
     </span>
     <span class='ocr_line' id='line_1_27' title="bbox 355 3287 1372 3355; baseline 0.001 -22"><span class='ocrx_word' id='word_1_185' title='bbox 355 3287 470 3335; x_wconf 72' lang='lat' dir='ltr'><strong>entis</strong></span> <span class='ocrx_word' id='word_1_186' title='bbox 493 3287 792 3339; x_wconf 68' lang='lat' dir='ltr'><strong>abstinenter</strong></span> <span class='ocrx_word' id='word_1_187' title='bbox 808 3289 1209 3355; x_wconf 49' lang='lat' dir='ltr'><strong>administrata,</strong></span> <span class='ocrx_word' id='word_1_188' title='bbox 1234 3303 1372 3335; x_wconf 73' lang='lat' dir='ltr'><strong>accu-</strong></span> 
     </span>
     <span class='ocr_line' id='line_1_28' title="bbox 355 3354 1372 3426; baseline 0 -13"><span class='ocrx_word' id='word_1_189' title='bbox 355 3374 508 3426; x_wconf 70' lang='lat' dir='ltr'><strong>entus,</strong></span> <span class='ocrx_word' id='word_1_190' title='bbox 525 3376 575 3415; x_wconf 89' lang='lat' dir='ltr'><strong>et</strong></span> <span class='ocrx_word' id='word_1_191' title='bbox 590 3367 942 3416; x_wconf 65' lang='lat' dir='ltr'><strong>condemnatus</strong></span> <span class='ocrx_word' id='word_1_192' title='bbox 953 3378 1025 3415; x_wconf 74' lang='lat' dir='ltr'><strong>est</strong></span> <span class='ocrx_word' id='word_1_193' title='bbox 1041 3381 1054 3416; x_wconf 74' lang='grc' dir='ltr'><strong><em>ε</em></strong></span> <span class='ocrx_word' id='word_1_194' title='bbox 1073 3354 1138 3415; x_wconf 66' lang='grc' dir='ltr'><strong>ιδ</strong></span> <span class='ocrx_word' id='word_1_195' title='bbox 1155 3370 1264 3416; x_wconf 66' lang='lat' dir='ltr'><strong>Aa.</strong></span> <span class='ocrx_word' id='word_1_196' title='bbox 1285 3364 1372 3413; x_wconf 84' lang='lat' dir='ltr'><strong>lib.</strong></span> 
     </span>
     <span class='ocr_line' id='line_1_29' title="bbox 355 3444 1373 3507; baseline 0.003 -18"><span class='ocrx_word' id='word_1_197' title='bbox 355 3444 409 3503; x_wconf 90' lang='lat'><strong>1,</strong></span> <span class='ocrx_word' id='word_1_198' title='bbox 427 3458 520 3507; x_wconf 84' lang='lat' dir='ltr'><strong>pro</strong></span> <span class='ocrx_word' id='word_1_199' title='bbox 539 3446 614 3493; x_wconf 83' lang='lat' dir='ltr'><strong>M.</strong></span> <span class='ocrx_word' id='word_1_200' title='bbox 625 3446 805 3507; x_wconf 78' lang='lat' dir='ltr'><strong>Coelio,</strong></span> <span class='ocrx_word' id='word_1_201' title='bbox 821 3446 1138 3494; x_wconf 72' lang='lat' dir='ltr'><strong>inVatinium</strong></span> <span class='ocrx_word' id='word_1_202' title='bbox 1151 3480 1166 3505; x_wconf 92' lang='lat'><strong>,</strong></span> <span class='ocrx_word' id='word_1_203' title='bbox 1186 3446 1373 3493; x_wconf 71' lang='lat' dir='ltr'><strong>Florus.</strong></span> 
     </span>
    </p>

    <p class='ocr_par' dir='ltr' id='par_1_5' title="bbox 354 3523 1372 3665">
     <span class='ocr_line' id='line_1_30' title="bbox 433 3523 1372 3591; baseline 0.004 -23"><span class='ocrx_word' id='word_1_204' title='bbox 433 3538 454 3568; x_wconf 75' lang='grc' dir='ltr'><strong>ι</strong></span> <span class='ocrx_word' id='word_1_205' title='bbox 470 3538 512 3570; x_wconf 84' lang='lat'><strong>1.</strong></span> <span class='ocrx_word' id='word_1_206' title='bbox 559 3525 739 3590; x_wconf 78' lang='lat' dir='ltr'><strong>Nuper.</strong></span> <span class='ocrx_word' id='word_1_207' title='bbox 793 3528 961 3591; x_wconf 85' lang='lat' dir='ltr'><strong>Quum</strong></span> <span class='ocrx_word' id='word_1_208' title='bbox 1008 3523 1222 3573; x_wconf 68' lang='lat' dir='ltr'><strong>abessem</strong></span> <span class='ocrx_word' id='word_1_209' title='bbox 1266 3524 1372 3589; x_wconf 72' lang='lat' dir='ltr'><strong>lege</strong></span> 
     </span>
     <span class='ocr_line' id='line_1_31' title="bbox 354 3600 738 3665; baseline 0.005 -14"><span class='ocrx_word' id='word_1_210' title='bbox 354 3600 530 3651; x_wconf 72' lang='lat' dir='ltr'><strong>Clodi·</strong></span> <span class='ocrx_word' id='word_1_211' title='bbox 548 3602 738 3665; x_wconf 69' lang='lat' dir='ltr'><strong>pulsus.</strong></span> 
     </span>
    </p>

    <p class='ocr_par' dir='ltr' id='par_1_6' title="bbox 352 3680 1374 4059">
     <span class='ocr_line' id='line_1_32' title="bbox 425 3680 1372 3745; baseline 0.002 -18"><span class='ocrx_word' id='word_1_212' title='bbox 425 3681 516 3727; x_wconf 80' lang='lat' dir='ltr'><strong>vl.</strong></span> <span class='ocrx_word' id='word_1_213' title='bbox 553 3696 598 3726; x_wconf 80' lang='grc' dir='ltr'><strong>ι.</strong></span> <span class='ocrx_word' id='word_1_214' title='bbox 623 3680 992 3730; x_wconf 66' lang='lat' dir='ltr'><strong>Auctoritatem.</strong></span> <span class='ocrx_word' id='word_1_215' title='bbox 1024 3682 1180 3745; x_wconf 82' lang='lat' dir='ltr'><strong>Quia,</strong></span> <span class='ocrx_word' id='word_1_216' title='bbox 1218 3697 1372 3744; x_wconf 86' lang='lat' dir='ltr'><strong>quum</strong></span> 
     </span>
     <span class='ocr_line' id='line_1_33' title="bbox 354 3758 1371 3823; baseline -0.002 -16"><span class='ocrx_word' id='word_1_217' title='bbox 354 3774 431 3807; x_wconf 73' lang='lat' dir='ltr'><strong>ree</strong></span> <span class='ocrx_word' id='word_1_218' title='bbox 457 3773 484 3806; x_wconf 73' lang='grc' dir='ltr'>ι</span> <span class='ocrx_word' id='word_1_219' title='bbox 513 3758 681 3805; x_wconf 78' lang='lat' dir='ltr'><strong>sextio</strong></span> <span class='ocrx_word' id='word_1_220' title='bbox 701 3758 754 3805; x_wconf 85' lang='lat' dir='ltr'><strong>in</strong></span> <span class='ocrx_word' id='word_1_221' title='bbox 781 3758 1028 3807; x_wconf 67' lang='lat' dir='ltr'><strong>tribunatu</strong></span> <span class='ocrx_word' id='word_1_222' title='bbox 1055 3771 1214 3823; x_wconf 68' lang='lat' dir='ltr'><strong>gentas</strong></span> <span class='ocrx_word' id='word_1_223' title='bbox 1235 3774 1371 3806; x_wconf 85' lang='lat' dir='ltr'><strong>com-</strong></span> 
     </span>
     <span class='ocr_line' id='line_1_34' title="bbox 353 3836 1374 3901; baseline -0.001 -14"><span class='ocrx_word' id='word_1_224' title='bbox 353 3847 666 3895; x_wconf 72' lang='lat' dir='ltr'><strong>memoraret,</strong></span> <span class='ocrx_word' id='word_1_225' title='bbox 690 3836 944 3885; x_wconf 69' lang='lat' dir='ltr'><strong>videbatur</strong></span> <span class='ocrx_word' id='word_1_226' title='bbox 971 3838 1168 3901; x_wconf 72' lang='lat' dir='ltr'><strong>reliquis</strong></span> <span class='ocrx_word' id='word_1_227' title='bbox 1185 3836 1374 3887; x_wconf 69' lang='lat' dir='ltr'><strong>civibus</strong></span> 
     </span>
     <span class='ocr_line' id='line_1_35' title="bbox 352 3914 1374 3981; baseline 0 -16"><span class='ocrx_word' id='word_1_228' title='bbox 352 3916 668 3981; x_wconf 69' lang='lat' dir='ltr'><strong>prescribere</strong></span> <span class='ocrx_word' id='word_1_229' title='bbox 685 3948 703 3977; x_wconf 87' lang='lat'>‚</span> <span class='ocrx_word' id='word_1_230' title='bbox 734 3914 857 3979; x_wconf 84' lang='lat' dir='ltr'><strong>quid</strong></span> <span class='ocrx_word' id='word_1_231' title='bbox 893 3932 987 3980; x_wconf 78' lang='lat' dir='ltr'><strong>pro</strong></span> <span class='ocrx_word' id='word_1_232' title='bbox 1016 3917 1170 3967; x_wconf 73' lang='lat' dir='ltr'><strong>salute</strong></span> <span class='ocrx_word' id='word_1_233' title='bbox 1205 3916 1374 3981; x_wconf 72' lang='lat' dir='ltr'><strong>patriae</strong></span> 
     </span>
     <span class='ocr_line' id='line_1_36' title="bbox 353 3992 1374 4059; baseline 0 -16"><span class='ocrx_word' id='word_1_234' title='bbox 353 3994 696 4059; x_wconf 72' lang='lat' dir='ltr'><strong>bonorumque</strong></span> <span class='ocrx_word' id='word_1_235' title='bbox 749 3992 930 4043; x_wconf 80' lang='lat' dir='ltr'><strong>civium</strong></span> <span class='ocrx_word' id='word_1_236' title='bbox 984 3995 1036 4044; x_wconf 88' lang='lat' dir='ltr'><strong>iu</strong></span> <span class='ocrx_word' id='word_1_237' title='bbox 1095 3995 1374 4059; x_wconf 69' lang='lat' dir='ltr'><strong>magistratu</strong></span> 
     </span>
    </p>
   </div>
   <div class='ocr_carea' id='block_1_4' title="bbox 357 4074 753 4141">
    <p class='ocr_par' dir='ltr' id='par_1_7' title="bbox 357 4074 753 4141">
     <span class='ocr_line' id='line_1_37' title="bbox 357 4074 753 4141; baseline 0.003 -19"><span class='ocrx_word' id='word_1_238' title='bbox 357 4084 480 4123; x_wconf 63' lang='lat' dir='ltr'><strong>emet</strong></span> <span class='ocrx_word' id='word_1_239' title='bbox 497 4074 753 4141; x_wconf 71' lang='lat' dir='ltr'><strong>agendum.</strong></span> 
     </span>
    </p>
   </div>
   <div class='ocr_carea' id='block_1_5' title="bbox 1458 3050 2493 4067">
    <p class='ocr_par' dir='ltr' id='par_1_8' title="bbox 1459 3050 2487 3258">
     <span class='ocr_line' id='line_1_38' title="bbox 1536 3050 2485 3115; baseline -0.004 -14"><span class='ocrx_word' id='word_1_240' title='bbox 1536 3069 1587 3101; x_wconf 62' lang='grc' dir='ltr'><strong>τι.</strong></span> <span class='ocrx_word' id='word_1_241' title='bbox 1630 3051 2061 3115; x_wconf 75' lang='lat' dir='ltr'><strong>Disciplinamqoee.</strong></span> <span class='ocrx_word' id='word_1_242' title='bbox 2095 3050 2232 3112; x_wconf 86' lang='lat' dir='ltr'><strong>Quid</strong></span> <span class='ocrx_word' id='word_1_243' title='bbox 2262 3050 2391 3097; x_wconf 68' lang='lat' dir='ltr'><strong>cives</strong></span> <span class='ocrx_word' id='word_1_244' title='bbox 2428 3052 2485 3097; x_wconf 85' lang='grc' dir='ltr'><strong>Ρ.</strong></span> 
     </span>
     <span class='ocr_line' id='line_1_39' title="bbox 1459 3128 2487 3195; baseline -0.002 -16"><span class='ocrx_word' id='word_1_245' title='bbox 1459 3130 1615 3179; x_wconf 81' lang='lat' dir='ltr'><strong>Sextii</strong></span> <span class='ocrx_word' id='word_1_246' title='bbox 1635 3130 1861 3195; x_wconf 78' lang='lat' dir='ltr'><strong>exemplo</strong></span> <span class='ocrx_word' id='word_1_247' title='bbox 1879 3129 2150 3191; x_wconf 71' lang='lat' dir='ltr'><strong>discerent,</strong></span> <span class='ocrx_word' id='word_1_248' title='bbox 2172 3138 2221 3175; x_wconf 89' lang='lat' dir='ltr'><strong>et</strong></span> <span class='ocrx_word' id='word_1_249' title='bbox 2246 3128 2297 3176; x_wconf 88' lang='lat' dir='ltr'><strong>iu</strong></span> <span class='ocrx_word' id='word_1_250' title='bbox 2316 3144 2415 3193; x_wconf 85' lang='lat' dir='ltr'><strong>quo</strong></span> <span class='ocrx_word' id='word_1_251' title='bbox 2435 3144 2487 3177; x_wconf 76' lang='lat' dir='ltr'><strong>ee</strong></span> 
     </span>
     <span class='ocr_line' id='line_1_40' title="bbox 1459 3204 2171 3258; baseline -0.004 0"><span class='ocrx_word' id='word_1_252' title='bbox 1459 3219 1751 3258; x_wconf 70' lang='lat' dir='ltr'><strong>exercerent.</strong></span> <span class='ocrx_word' id='word_1_253' title='bbox 2167 3204 2171 3208; x_wconf 62' lang='grc'><strong>”</strong></span> 
     </span>
    </p>

    <p class='ocr_par' dir='ltr' id='par_1_9' title="bbox 1458 3286 2490 3495">
     <span class='ocr_line' id='line_1_41' title="bbox 1530 3286 2485 3349; baseline -0.002 -13"><span class='ocrx_word' id='word_1_254' title='bbox 1530 3289 1583 3337; x_wconf 85' lang='grc'><strong>3.</strong></span> <span class='ocrx_word' id='word_1_255' title='bbox 1626 3287 1737 3337; x_wconf 76' lang='lat' dir='ltr'><strong>Nisi</strong></span> <span class='ocrx_word' id='word_1_256' title='bbox 1770 3304 1925 3336; x_wconf 78' lang='lat' dir='ltr'><strong>meum</strong></span> <span class='ocrx_word' id='word_1_257' title='bbox 1963 3302 2157 3335; x_wconf 78' lang='lat' dir='ltr'><strong>nomen.</strong></span> <span class='ocrx_word' id='word_1_258' title='bbox 2197 3287 2326 3349; x_wconf 74' lang='lat' dir='ltr'><strong>Quia</strong></span> <span class='ocrx_word' id='word_1_259' title='bbox 2358 3286 2485 3334; x_wconf 77' lang='lat' dir='ltr'><strong>nihil</strong></span> 
     </span>
     <span class='ocr_line' id='line_1_42' title="bbox 1458 3365 2490 3431; baseline -0.003 -15"><span class='ocrx_word' id='word_1_260' title='bbox 1458 3368 1559 3431; x_wconf 73' lang='lat' dir='ltr'><strong>egit</strong></span> <span class='ocrx_word' id='word_1_261' title='bbox 1583 3368 1637 3415; x_wconf 83' lang='lat' dir='ltr'><strong>in</strong></span> <span class='ocrx_word' id='word_1_262' title='bbox 1660 3367 1913 3417; x_wconf 79' lang='lat' dir='ltr'><strong>tribunatu</strong></span> <span class='ocrx_word' id='word_1_263' title='bbox 1939 3366 2160 3426; x_wconf 71' lang='lat' dir='ltr'><strong>Sextius,</strong></span> <span class='ocrx_word' id='word_1_264' title='bbox 2190 3366 2282 3413; x_wconf 72' lang='lat' dir='ltr'><strong>nisi</strong></span> <span class='ocrx_word' id='word_1_265' title='bbox 2313 3365 2375 3414; x_wconf 83' lang='lat' dir='ltr'><strong>de</strong></span> <span class='ocrx_word' id='word_1_266' title='bbox 2402 3366 2490 3415; x_wconf 87' lang='lat' dir='ltr'><strong>Ci-</strong></span> 
     </span>
     <span class='ocr_line' id='line_1_43' title="bbox 1459 3441 2351 3495; baseline -0.002 0"><span class='ocrx_word' id='word_1_267' title='bbox 1459 3462 1581 3495; x_wconf 85' lang='lat' dir='ltr'><strong>roue</strong></span> <span class='ocrx_word' id='word_1_268' title='bbox 1599 3446 1893 3494; x_wconf 68' lang='lat' dir='ltr'><strong>revue-ndo.</strong></span> <span class='ocrx_word' id='word_1_269' title='bbox 2228 3441 2235 3449; x_wconf 83' lang='lat'>&#39;</span> <span class='ocrx_word' id='word_1_270' title='bbox 2346 3442 2351 3449; x_wconf 75' lang='grc'><strong>’</strong></span> 
     </span>
    </p>

    <p class='ocr_par' dir='ltr' id='par_1_10' title="bbox 1458 3522 2490 3811">
     <span class='ocr_line' id='line_1_44' title="bbox 1536 3522 2486 3588; baseline 0 -15"><span class='ocrx_word' id='word_1_271' title='bbox 1536 3535 1584 3584; x_wconf 71' lang='grc'><strong>4.</strong></span> <span class='ocrx_word' id='word_1_272' title='bbox 1598 3525 1825 3573; x_wconf 71' lang='lat' dir='ltr'><strong>Subtilius</strong></span> <span class='ocrx_word' id='word_1_273' title='bbox 1838 3522 2206 3588; x_wconf 71' lang='lat' dir='ltr'><strong>disputandum.</strong></span> <span class='ocrx_word' id='word_1_274' title='bbox 2220 3524 2337 3572; x_wconf 79' lang='lat' dir='ltr'><strong>Nou</strong></span> <span class='ocrx_word' id='word_1_275' title='bbox 2346 3524 2486 3587; x_wconf 81' lang='lat' dir='ltr'><strong>quod</strong></span> 
     </span>
     <span class='ocr_line' id='line_1_45' title="bbox 1458 3584 2484 3671; baseline -0.004 -18"><span class='ocrx_word' id='word_1_276' title='bbox 1458 3604 1726 3671; x_wconf 71' lang='lat' dir='ltr'><strong>quidquam</strong></span> <span class='ocrx_word' id='word_1_277' title='bbox 1763 3584 2061 3663; x_wconf 53' lang='lat' dir='ltr'><strong>defensioni}</strong></span> <span class='ocrx_word' id='word_1_278' title='bbox 2094 3602 2364 3651; x_wconf 68' lang='lat' dir='ltr'><strong>rationibus</strong></span> <span class='ocrx_word' id='word_1_279' title='bbox 2394 3601 2484 3649; x_wconf 79' lang='lat' dir='ltr'><strong>ad-</strong></span> 
     </span>
     <span class='ocr_line' id='line_1_46' title="bbox 1460 3672 2490 3747; baseline -0.003 -16"><span class='ocrx_word' id='word_1_280' title='bbox 1460 3683 1601 3739; x_wconf 82' lang='lat' dir='ltr'><strong>dere,</strong></span> <span class='ocrx_word' id='word_1_281' title='bbox 1635 3672 1801 3731; x_wconf 72' lang='lat' dir='ltr'><strong>vetum</strong></span> <span class='ocrx_word' id='word_1_282' title='bbox 1831 3698 1918 3730; x_wconf 73' lang='lat' dir='ltr'><strong>vos</strong></span> <span class='ocrx_word' id='word_1_283' title='bbox 1944 3696 2225 3747; x_wconf 75' lang='lat' dir='ltr'><strong>permovere</strong></span> <span class='ocrx_word' id='word_1_284' title='bbox 2251 3680 2314 3728; x_wconf 75' lang='lat' dir='ltr'><strong>nd</strong></span> <span class='ocrx_word' id='word_1_285' title='bbox 2342 3681 2490 3729; x_wconf 68' lang='lat' dir='ltr'><strong>mine-</strong></span> 
     </span>
     <span class='ocr_line' id='line_1_47' title="bbox 1459 3760 1906 3811; baseline 0.002 -2"><span class='ocrx_word' id='word_1_286' title='bbox 1459 3760 1721 3811; x_wconf 66' lang='lat' dir='ltr'><strong>fluendi-m</strong></span> <span class='ocrx_word' id='word_1_287' title='bbox 1742 3760 1906 3810; x_wconf 80' lang='lat' dir='ltr'><strong>velim.</strong></span> 
     </span>
    </p>

    <p class='ocr_par' dir='ltr' id='par_1_11' title="bbox 1461 3834 2493 4067">
     <span class='ocr_line' id='line_1_48' title="bbox 1537 3834 2493 3903; baseline -0.004 -14"><span class='ocrx_word' id='word_1_288' title='bbox 1537 3842 1584 3889; x_wconf 84' lang='lat'><strong>5.</strong></span> <span class='ocrx_word' id='word_1_289' title='bbox 1630 3842 1693 3887; x_wconf 72' lang='lat' dir='ltr'><strong>Ut</strong></span> <span class='ocrx_word' id='word_1_290' title='bbox 1726 3854 1809 3886; x_wconf 81' lang='lat' dir='ltr'><strong>eos</strong></span> <span class='ocrx_word' id='word_1_291' title='bbox 1828 3876 1843 3901; x_wconf 85' lang='lat'><strong>,</strong></span> <span class='ocrx_word' id='word_1_292' title='bbox 1881 3852 2083 3903; x_wconf 79' lang='lat' dir='ltr'><strong>quorum</strong></span> <span class='ocrx_word' id='word_1_293' title='bbox 2108 3834 2493 3901; x_wconf 71' lang='lat' dir='ltr'><strong>seelen&#39;sfierure</strong></span> 
     </span>
     <span class='ocr_line' id='line_1_49' title="bbox 1461 3914 2489 3993; baseline -0.002 -26"><span class='ocrx_word' id='word_1_294' title='bbox 1461 3916 1683 3967; x_wconf 74' lang='lat' dir='ltr'><strong>violatus</strong></span> <span class='ocrx_word' id='word_1_295' title='bbox 1708 3932 1885 3977; x_wconf 75' lang='lat' dir='ltr'><strong>essem,</strong></span> <span class='ocrx_word' id='word_1_296' title='bbox 1907 3926 2001 3965; x_wconf 84' lang='lat' dir='ltr'><strong>etc.</strong></span> <span class='ocrx_word' id='word_1_297' title='bbox 2024 3916 2147 3964; x_wconf 71' lang='lat' dir='ltr'><strong>Satis</strong></span> <span class='ocrx_word' id='word_1_298' title='bbox 2173 3927 2335 3993; x_wconf 52' lang='grc' dir='ltr'><strong>ρριοζ,</strong></span> <span class='ocrx_word' id='word_1_299' title='bbox 2370 3914 2489 3965; x_wconf 84' lang='lat' dir='ltr'><strong>Clo-</strong></span> 
     </span>
     <span class='ocr_line' id='line_1_50' title="bbox 1464 3986 2486 4067; baseline -0.006 -21"><span class='ocrx_word' id='word_1_300' title='bbox 1464 3997 1601 4048; x_wconf 80' lang='lat' dir='ltr'><strong>dium</strong></span> <span class='ocrx_word' id='word_1_301' title='bbox 1614 4031 1630 4058; x_wconf 86' lang='lat'><strong>,</strong></span> <span class='ocrx_word' id='word_1_302' title='bbox 1658 3997 1881 4045; x_wconf 69' lang='lat' dir='ltr'><strong>Pisonem</strong></span> <span class='ocrx_word' id='word_1_303' title='bbox 1898 4030 1915 4059; x_wconf 87' lang='lat'><strong>,</strong></span> <span class='ocrx_word' id='word_1_304' title='bbox 1943 3994 2203 4045; x_wconf 65' lang='lat' dir='ltr'><strong>Gabinium</strong></span> <span class='ocrx_word' id='word_1_305' title='bbox 2236 3986 2486 4067; x_wconf 53' lang='lat' dir='ltr'><strong>principun</strong></span> 
     </span>
    </p>
   </div>
   <div class='ocr_carea' id='block_1_6' title="bbox 1463 4074 1815 4169">
    <p class='ocr_par' dir='ltr' id='par_1_12' title="bbox 1463 4074 1815 4169">
     <span class='ocr_line' id='line_1_51' title="bbox 1463 4074 1815 4169; baseline 0 -44"><span class='ocrx_word' id='word_1_306' title='bbox 1463 4074 1743 4141; x_wconf 71' lang='lat' dir='ltr'><strong>significari.</strong></span> <span class='ocrx_word' id='word_1_307' title='bbox 1808 4162 1815 4169; x_wconf 14' lang='grc' dir='ltr'>ἠ</span> 
     </span>
    </p>
   </div>
  </div>
 </body>
</html>
