2996 4694
451 377 597 464 486
980 323 988 332 ⁶
1082 339 1180 443 Μ’.
1234 377 1314 445 Τ.
1366 356 1952 464 (ΠΟΕΒΟΝῙΒ

446 502 523 571 in
561 499 707 570 vita
756 494 1125 568 nitebatur
1158 496 1351 568 salus
1386 497 1721 581 civitatis;
1768 517 1858 565 eo
1911 515 2136 590 porro
2171 492 2592 591 reipublicae

446 625 799 706 tempore,
826 631 979 706 quo
1004 610 1061 678 si
1088 631 1279 678 unus
1306 607 1425 678 ille
1454 603 1910 678 occidisset¹⁷
1929 660 1948 695 ‚
1983 629 2135 677 non
2167 603 2322 676 haec
2349 606 2586 678 solum

452 715 811 805 civitas¹⁸‚
858 717 983 790 sed
1038 731 1287 814 gentes
1334 707 1588 789 omnes
1633 715 2136 788 concidissent.
2163 718 2323 788 Nisi
2363 715 2592 802 forte,

448 833 621 928 quia
650 825 967 928 perfecta
992 851 1108 899 res
1136 853 1289 900 non
1316 817 1461 916 est,
1492 852 1645 899 non
1673 826 1810 898 fuit
1833 826 2200 925 punienda
2239 853 2254 895 ε
2287 828 2590 925 perinde

450 943 657 1039 quasi
704 941 938 1012 exitus
982 963 1262 1029 rerum,
1318 963 1471 1010 non
1521 939 1898 1010 hominum
1959 936 2255 1008 consilia
2309 936 2591 1033 legibus

448 1051 911 1124 vindicentur
928 1059 1013 1121 ¹⁹.
1055 1052 1299 1122 Minus
1326 1047 1926 1133 dolendum-fuit,
1952 1073 2032 1119 re
2059 1071 2211 1118 non
2235 1047 2590 1146 perfecta3

450 1160 577 1233 sed
602 1159 1056 1260 puniendum
1082 1175 1279 1233 certe
1304 1161 1536 1232 nihilo
1557 1161 1816 1232 minus.
1843 1161 2146 1251 Quoties
2173 1169 2388 1256 egem¹²
2413 1163 2591 1257 ipse,

443 1270 768 1368 judices»,
806 1295 895 1343 ex
932 1274 1005 1342 P.
1045 1270 1283 1343 Clodii
1330 1270 1524 1357 telis,
1567 1285 1642 1342 et
1685 1295 1776 1342 ex
1815 1272 2136 1342 cruentis
2169 1268 2326 1365 ejus
2363 1273 2591 1340 mani-

449 1380 591 1453 bus
620 1380 978 1478 effugi²¹?
1024 1406 1113 1452 ex
1155 1378 1425 1478 quibus
1458 1382 1520 1452 si
1563 1403 1681 1452 rne
1721 1403 1872 1450 non
1915 1380 2029 1450 vel
2073 1401 2271 1466 mea,
2311 1380 2418 1449 vel
2457 1381 2592 1448 rei-

448 1491 755 1590 publicae
814 1489 1107 1562 fortuna
1150 1505 1541 1580 servasset,
1593 1495 1758 1588 quis
1807 1491 2100 1563 tandem
2146 1488 2236 1561 de
2292 1491 2592 1562 interitu

451 1627 617 1674 meo
660 1606 1140 1700 quaestionem
1178 1602 1508 1674 tulisset?

545 1713 735 1782 VIII.
788 1709 929 1783 Sed
976 1711 1183 1783 stulti
1223 1721 1548 1800 sumus1,
1596 1714 1728 1811 qui
1767 1717 2123 1797 Drusum,
2162 1713 2288 1809 qui
2327 1707 2594 1780 Africa-

448 1843 625 1890 num
646 1826 1167 1920 ‚Pompeium‚
1206 1837 1494 1895 nosmet
1530 1825 1760 1922 ipsos,
1803 1847 1968 1895 cum
2001 1828 2073 1894 P.
2109 1821 2369 1896 Clodio
2415 1845 2593 1892 con—

450 1928 640 2003 ferre
680 1931 1093 2004 audeamus.
1144 1932 1579 2006 Tolerabilia
1627 1933 1931 2005 fuerunt
1975 1933 2142 2003 illa²
2189 1959 2204 2002 ε
2243 1937 2315 2003 Ρ.
2355 1929 2596 2000 Clodii

450 2055 761 2112 mortem
794 2067 1007 2141 aequo
1044 2044 1291 2115 animo
1330 2069 1552 2114 nemo
1589 2041 1778 2115 ferre
1815 2059 2076 2144 potest.
2117 2048 2350 2140 Luget
2386 2063 2594 2144 sena-

454 2165 572 2223 tus
588 2146 656 2240 33
688 2168 953 2224 moeret
982 2169 1321 2281 equester
1338 2153 1565 2240 ordo;
1597 2167 1747 2226 tota
1770 2155 2016 2225 civitas
2041 2151 2368 2224 confecta
2381 2149 2594 2220 ‘senio

372 2319 393 2338 2
453 2276 596 2352 est;
624 2263 965 2361 squalent
1002 2264 1433 2362 municipia3
1463 2251 1900 2336 afflictantur
1925 2263 2266 2349 coloniae3
2293 2263 2440 2357 agri
2471 2259 2596 2330 de·-

450 2376 677 2472 nique
712 2376 847 2473 ipsi
884 2389 1031 2445 mm
1076 2373 1527 2462 beneficum,
1573 2390 1715 2445 tam
1756 2376 2180 2456 salutarem,
2217 2388 2364 2447 tam
2399 2392 2596 2441 man·

454 2500 743 2557 suetum
792 2485 1027 2555 civem
1062 2484 1498 2557 desiderant.
1552 2488 1722 2557 Non
1774 2484 1912 2557 fuit
1951 2510 2036 2556 ea
2079 2481 2358 2612 causaf,
2401 2483 2595 2581 judi·

1641 2677 2032 2727 V111.1.Sed
2071 2677 2209 2727 stulti
2243 2693 2426 2727 snmus.
2474 2680 2598 2729 Cum

1570 2768 1712 2805 antea
1743 2759 2022 2806 memoratis
2048 2759 2291 2816 caedibus,
2323 2756 2488 2807 Clodii
2515 2772 2600 2803 ne-

526 2694 547 2725 1
560 2694 606 2738 7.
628 2676 717 2723 MS
740 2674 925 2723 Erfurt.
944 2673 1207 2728 cecidisset.
1234 2678 1283 2727 J.
1300 2682 1365 2727 V.
1392 2680 1443 2729 1.

532 2758 611 2804 18.
640 2754 839 2809 Civitas.
871 2755 1039 2816 Quum
1071 2756 1172 2817 jam
1213 2774 1313 2806 non
1342 2757 1483 2805 multi

458 2833 754 2897 essent‚-qui
790 2848 943 2897 remp.
973 2833 1233 2883 defendere
1267 2847 1481 2901 possent.

454 2914 581 2963 Nam
622 2912 799 2962 Cicero
842 2911 897 2958 in
936 2912 1161 2961 exsilium
1181 2905 1210 2974 ,⁴
1238 2916 1315 2963 M.
1360 2914 1484 2963 Csto

455 2993 654 3041 nomine
670 2990 939 3056 provinciae
962 2990 1013 3037 in
1034 2991 1237 3041 insulam
1264 2992 1484 3057 Cyprum

456 3072 615 3120 fuerat
628 3068 905 3133 ablegatum
926 3070 1228 3137 Clodiusque
1246 3082 1297 3120 et
1315 3088 1485 3121 omnes

454 3152 678 3200 furorum
712 3152 899 3201 conscii
930 3154 1106 3202 Romae
1140 3169 1269 3202 nova
1296 3170 1487 3221 semper

458 3230 808 3282 moliebantur.

532 3325 612 3373 ¹9·
644 3312 851 3378 Legibus
868 3312 1201 3361 vindicentur.
1232 3314 1357 3361 Nam
1379 3312 1484 3379 lege

454 3389 680 3439 Cornelis
703 3392 905 3440 sicarius
924 3403 1134 3452 tenetur,
1148 3392 1236 3456 qui
1256 3394 1485 3441 occiden-

456 3469 507 3517 di
529 3468 743 3518 hominis
764 3486 907 3519 causa
924 3486 1035 3517 cnm
1055 3468 1155 3517 telo
1171 3469 1455 3535 ambulavit.

530 3562 617 3598 ao.
642 3548 777 3598 Olim
797 3549 954 3597 abfuit
979 3565 1071 3614 ego
1086 3585 1101 3607 ,
1132 3549 1270 3613 quod
1293 3552 1484 3617 optimo

452 3628 562 3688 jure
594 3630 784 3677 Ernest.
811 3628 1007 3677 Lallem.
1036 3627 1101 3676 al.
1132 3644 1159 3675 e
1189 3630 1313 3680 MSS
1339 3630 1483 3679 addi-

460 3708 655 3755 derunt.
678 3709 726 3757 J.
740 3710 807 3755 V.
829 3708 883 3754 L.

528 3802 614 3835 υ.
644 3783 835 3851 Effugi,
855 3786 951 3833 Ter
976 3786 1167 3835 insidiis
1190 3788 1353 3837 Clodii
1377 3790 1486 3838 sue-

458 3878 534 3914 rat
577 3866 839 3930 appetitus.
898 3866 1063 3914 Primo
1116 3879 1371 3931 antequam
1424 3885 1484 3918 ex

450 3946 573 3994 urbe
616 3944 893 4009 pelleretur,
939 3944 1116 3994 deinde
1156 3946 1325 4012 paullo
1370 3960 1482 4013 post

452 4026 661 4074 reditum
678 4056 695 4086 ,
736 4022 945 4090 denique
978 4025 1149 4091 paullo
1185 4036 1298 4075 snte
1335 4042 1482 4092 quam

450 4104 535 4153 ills
554 4102 814 4153 hebetetur
832 4105 1006 4155 oratio.

1571 2853 1677 2900 cem
1707 2846 1952 2901 tamquam
1984 2837 2277 2887 atrociorem
2311 2848 2362 2885 et
2385 2837 2476 2885 viri
2495 2852 2598 2885 ma·

1568 2916 1694 2988 ipris
1723 2916 1911 2964 ironice
1937 2918 2147 2966 confert.

1649 3010 1698 3044 a.
1737 2994 2034 3044 Tolerabilia
2053 2994 2272 3061 fuerunt
2303 2996 2412 3045 illa.
2449 2995 2602 3058 Quod

1573 3074 1762 3122 Drusus
1786 3085 1837 3122 et
1863 3076 2124 3124 Africanus
2174 3076 2323 3123 domo
2373 3091 2456 3122 sua
2499 3075 2601 3123 fue-

1573 3153 1674 3201 rint
1709 3154 1984 3214 interfecti,
2021 3170 2209 3219 nosque
2245 3166 2297 3203 et
2335 3154 2602 3217 Pompeius

1574 3232 1724 3281 simus
1751 3244 1825 3280 tot
1852 3232 2042 3281 insidiis
2069 3223 2404 3282 circumventi.

1645 3314 1694 3361 3.
1746 3314 1897 3377 Luget
1939 3324 2154 3361 senatus.
2197 3315 2354 3375 Quem
2397 3311 2602 3360 Clodius

1575 3392 1674 3439 fere
1705 3392 2035 3452 exstinxeram
2072 3409 2316 3459 quemque
2350 3394 2524 3440 Pisone
2552 3403 2604 3441 et.

1573 3471 1787 3521 Gabinio
1813 3488 1939 3521 ross.
1963 3472 2174 3521 maxime
2192 3482 2512 3539 oppresserat.
2527 3498 2603 3509 —-

1571 3552 1814 3617 Equester
1829 3552 1964 3602 ordo.
1985 3552 2080 3601 Cni
2105 3552 2392 3603 Ciceronem
2411 3552 2605 3600 amicis-

1572 3632 1750 3679 simum
1773 3633 1823 3679 in
1843 3634 2066 3681 exsilium
2085 3634 2293 3681 miserat.
2317 3658 2380 3669 —-
2407 3630 2600 3680 Civitas.

1541 3741 1550 3749 ·
1573 3713 1732 3775 Quam
1755 3710 2076 3762 seditionibus
2093 3727 2282 3777 semper
2293 3712 2602 3759 laceraverat.

1575 3817 1644 3827 —
1665 3790 1949 3857 Mum'cipia.
1968 3794 2092 3855 Qnae
2109 3792 2362 3841 Ciceronis
2379 3791 2604 3839 exsilium

1573 3884 1678 3917 non
1701 3869 1935 3917 ferebant.

1645 3956 1696 4003 4.
1742 3948 1856 3997 Non
1886 3948 1998 4015 fuit
2042 3964 2103 3997 ea
2144 3966 2312 3997 causa.
2359 3950 2606 3997 Hactenus

1575 4027 1770 4087 docuit,
1793 4044 1882 4077 cur
1904 4029 1964 4076 de
1985 4028 2152 4077 Clodii
2175 4044 2292 4077 nece
2313 4045 2446 4078 nova
2471 4044 2606 4093 quae-

1573 4106 1668 4155 stio
1707 4107 1820 4155 ferri
1865 4124 1964 4157 non
2004 4106 2256 4167 debuerit;
2291 4124 2423 4160 nunc
2464 4118 2606 4172 post-
