2996 4694
487 330 624 409 5o2
1128 340 1224 409 M,
1275 339 1356 405 T.
1411 338 1979 413 CICERONIS

485 456 695 533 tales!
739 457 919 530 fuit?
943 483 1170 556 quum
1201 485 1276 531 se
1312 459 1432 532 ille
1467 458 1753 559 fugiens
1794 462 1867 531 in
1900 459 2254 533 scalarum
2284 457 2627 531 tenebras

485 570 902 657 abdidisset,
920 594 1264 667 magnum
1281 570 1540 642 Miloni
1557 569 1696 643 fuit
1720 569 2082 643 conficere
2105 567 2293 639 illam
2322 583 2625 665 pestem,

485 681 684 753 nulla
717 704 842 751 sua
878 679 1178 771 invidia,
1205 683 1501 752 Antonii
1533 707 1706 754 vero
1736 683 2045 753 maxima
2074 679 2341 778 gloria?
2376 678 2623 769 Quid?

483 792 792 862 comitiis
829 792 906 861 in
945 788 1283 889 campo¹³
1323 794 1611 889 quoties
1646 808 1961 891 potestas
2002 791 2181 863 fuit?
2230 814 2461 889 quum
2500 790 2621 861 ille

484 902 556 971 vi
593 902 669 971 in
707 915 910 999 septa
949 903 1391 991 irruissetu,
1437 902 1713 1000 gladios
1743 892 2399 1001 destringendos¹⁵,
2440 900 2621 999 lapi-

484 1012 613 1083 des
641 1010 1016 1108 jaciendos
1065 1029 1425 1100 curasset,
1461 1012 1727 1087 deinde
1768 1013 2045 1097 subito,
2086 1012 2294 1101 vultu
2330 1010 2619 1081 Milonis

483 1122 942 1220 perterritus,
982 1120 1264 1220 fugeret
1313 1124 1402 1195 ad
1442 1122 1794 1213 Tiberim,
1844 1148 1973 1194 vos
2020 1137 2095 1195 et
2139 1146 2394 1193 onmes
2441 1118 2619 1190 boni

481 1248 649 1303 vota
682 1231 1045 1321 faceretiS,
1086 1247 1166 1304 ut
1201 1233 1456 1303 Miloni
1481 1234 1589 1303 uti
1627 1236 1889 1305 virtute
1926 1229 2135 1307 sua¹⁶
2169 1227 2447 1301 liberet.

577 1345 765 1412 XVI.
817 1346 1058 1433 Quem
1114 1342 1375 1437 igitur¹
1449 1366 1619 1413 cum
1672 1346 2001 1415 omnium
2064 1344 2294 1439 gratia
2332 1338 2619 1423 -noluit,

481 1452 681 1523 hunc
743 1452 974 1522 voluit
1029 1476 1196 1522 cum
1268 1451 1681 1549 aliquorum
1747 1453 2087 1561 querela?
2152 1474 2369 1549 quem
2419 1450 2619 1545 jure,

483 1585 706 1658 quem
749 1562 980 1649 loco²‚
1019 1586 1246 1688 quem
1289 1575 1653 1661 tempore,
1702 1588 1921 1662 quem
1969 1564 2268 1662 impune
2311 1583 2465 1630 non
2512 1572 2620 1629 est

483 1695 728 1758 ausuS,
781 1672 981 1743 hunc
1031 1673 1332 1767 injuria,
1388 1673 1647 1770 iniquo
1698 1674 1904 1761 1000,
1959 1672 2196 1745 alieno
2253 1687 2621 1769 tempore,

485 1782 810 1879 periculo
843 1780 1136 1880 capitis3
1185 1808 1336 1853 non
1379 1782 1737 1855 dubitavit
1773 1783 2147 1855 occidere?
2188 1782 2619 1881 praesertim,

478 1890 794 1984 judiceS,
834 1918 1066 1991 quum
1115 1893 1418 1965 honoris
1454 1894 1875 1993 amplissimi
1916 1892 2331 1977 contentio,
2360 1888 2620 1967 etdies

486 2003 993 2075 comitiorum⁴
1036 2002 1363 2076 subesset
1410 2032 1427 2075 ε
1485 2030 1635 2101 quo
1696 2004 1991 2102 quidem
2042 2018 2371 2099 tempore
2422 1998 2619 2094 (scio

561 2283 584 2313 1
595 2268 647 2315 3.
672 2267 886 2316 Comidis
901 2266 951 2313 in
967 2283 1160 2331 campo.
1182 2268 1348 2329 Quum
1363 2266 1509 2327 iecti-

487 2358 610 2395 taret
637 2346 840 2396 Clodius
863 2363 914 2394 se
949 2346 1146 2394 comitis
1167 2345 1382 2394 humeris
1407 2347 1509 2394 suis

484 2425 636 2484 ferre3
661 2426 716 2474 id
736 2443 883 2490 agens
901 2438 956 2474 ut
973 2425 1098 2473 Milo
1115 2425 1356 2489 repulsam
1376 2435 1509 2490 pste-

425 2519 436 2528 ·
485 2515 635 2563 retur,
661 2517 714 2552 et
737 2509 981 2569 Hypsaeus
1003 2519 1060 2552 se
1079 2497 1255 2567 'Scipio
1283 2503 1512 2552 eonsules

481 2583 846 2631 nuntiarentur.

565 2669 644 2716 14·
684 2661 921 2709 Irruisset.
951 2660 1156 2724 Aliquot
1187 2661 1312 2710 MSS
1329 2698 1344 2722 ‚
1389 2672 1511 2710 teste

485 2738 754 2797 Lambino,
798 2738 979 2788 babent
1028 2738 1276 2802 irrupisset
1299 2777 1317 2802 ,
1367 2742 1509 2804 quod

485 2817 627 2866 multi
667 2818 898 2882 probant.
937 2818 1035 2867 Sed
1076 2819 1199 2866 male
1234 2817 1292 2866 vi
1329 2819 1507 2868 delevit

483 2897 726 2946 Gravius.
748 2900 797 2947 J.
812 2901 876 2946 V.
903 2899 960 2948 L.

563 2995 582 3026 r
596 2981 647 3027 5.
677 2977 880 3027 Gladios
917 2977 1302 3042 destringendos.
1340 2981 1507 3042 Quum

484 3057 720 3109 Milonem
745 3057 996 3107 consulem
1023 3059 1174 3106 creari
1193 3057 1379 3106 videret
1401 3072 1505 3105 non

485 3137 648 3186 dubiis
673 3138 849 3203 populi
875 3137 1138 3200 suffragiis,
1163 3137 1358 3184 comitia
1383 3137 1432 3182 vi
1455 3147 1509 3183 st

484 3217 628 3263 annis
655 3215 980 3264 disturbavit:
1006 3226 1138 3279 septs
1159 3226 1298 3264 ersnt
1312 3216 1365 3262 in
1378 3214 1509 3274 foro,

485 3293 595 3340 loca
629 3283 856 3340 cancellis
891 3293 1050 3341 clausa
1067 3329 1083 3352 ,
1121 3293 1301 3357 quibus
1334 3293 1505 3341 suffra·

484 3373 616 3436 gium
636 3371 780 3420 laturi
800 3373 1172 3422 conveniebant.

563 3453 642 3501 16,
671 3450 753 3498 Uti
767 3449 942 3500 virtute
959 3468 1064 3501 ma.
1085 3451 1312 3502 Clodium
1331 3449 1503 3513 oppri-

484 3546 640 3592 mere,
667 3545 724 3577 ac
767 3531 920 3579 facem
967 3531 1102 3579 illam
1145 3531 1266 3593 reip.
1301 3529 1507 3576 omnino

483 3611 805 3673 exstinguere.
817 3613 944 3664 ,Haec
963 3627 1064 3659 non
1090 3619 1255 3673 aperte
1283 3607 1428 3664 dicit,
1445 3623 1507 3654 ne

482 3689 645 3736 verbis
667 3689 968 3753 gravioribus
997 3689 1222 3750 judicum
1257 3703 1398 3734 aures
1421 3685 1509 3736 ln-

401 3779 404 3782 ’
485 3769 638 3818 deret.
661 3769 774 3818 Hoc
793 3767 1002 3817 artificio
1023 3770 1124 3829 jam
1155 3776 1297 3813 antes
1331 3767 1380 3814 in
1423 3763 1507 3813 de·

483 3847 724 3912 pingenda
749 3847 915 3897 Clodii
941 3863 1060 3895 nece
1087 3861 1204 3892 usus
1227 3853 1318 3892 est.

553 3929 695 3976 xvt.
742 3943 786 3975 1.
832 3929 986 3990 Quem
1030 3923 1205 3988 ἰςίων,
1243 3933 1337 3970 etc.
1369 3921 1503 3970 Miro

455 3991 463 3998 “
483 4023 686 4071 prorsus
709 4003 918 4053 artifieio
945 4013 1112 4052 orator
1135 4003 1275 4067 plura
1295 4001 1471 4066 probat
1485 4035 1503 4062 ,

484 4102 628 4148 quam
669 4101 696 4133 s
741 4083 988 4148 principio
1033 4082 1189 4143 hujus
1227 4081 1503 4147 argumenti

1600 2264 1854 2329 prebende
1902 2272 2196 2329 susceperat.
2238 2264 2489 2326 Ingressus
2518 2270 2621 2307 erat

1598 2346 1727 2395 enim
1782 2344 1911 2393 hsue
1978 2341 2214 2394 orationis
2270 2353 2457 2406 purtem
2489 2373 2506 2400 ,
2565 2349 2623 2388 ut

1600 2425 1951 2474 demonstraret
1981 2439 2171 2487 semper
2197 2438 2224 2469 s
2262 2419 2480 2468 cedibus
2509 2418 2622 2482 slie-

1598 2521 1717 2552 num
1739 2503 1883 2551 fuisse
1901 2503 2141 2552 Milonem
2160 2515 2177 2561 ;
2198 2515 2333 2548 nune
2351 2513 2468 2547 vero
2485 2497 2548 2546 sd
2567 2497 2620 2544 id

1599 2599 1755 2647 usque
1784 2599 2069 2647 progressus
2102 2590 2177 2630 est
2190 2613 2207 2640 ,
2231 2589 2291 2628 ut
2320 2594 2429 2628 uon
2463 2577 2621 2625 solum

1598 2663 1883 2728 prob-verit
1928 2663 2169 2711 Milonem
2217 2676 2245 2707 s
2298 2659 2353 2706 vi
2406 2657 2619 2706 alienum

1596 2743 1780 2805 fuisse3
1814 2741 1901 2790 sed
1935 2741 2081 2791 etism
2125 2755 2229 2788 non
2266 2737 2395 2786 bsne
2438 2733 2621 2784 endem

1593 2821 1813 2886 potuisse
1864 2832 2159 2885 perpetrare.
2222 2817 2415 2866 Etenim
2466 2829 2619 2878 quum

1508 2919 1515 2926 ·
1594 2915 1765 2948 manus
1794 2915 1822 2947 a
1846 2898 2032 2950 Clodio
2065 2896 2303 2946 abstinuit
2322 2929 2337 2954 ,
2382 2892 2503 2946 dum
2537 2891 2623 2940 iue

1592 2993 1723 3026 arms
1756 2993 1947 3042 semper
1976 2995 2035 3026 sc
2066 2975 2343 3024 discordias
2378 2981 2620 3029 moveret,

1595 3073 1859 3122 omnesque
1874 3069 2081 3107 mortem
2099 3058 2204 3117 eins
2221 3062 2449 3119 ogni-ent
2462 3068 2477 3111 ς
2492 3067 2621 3098 sune

1593 3136 1647 3184 in
1670 3152 1781 3186 eum
1800 3139 2037 3202 impetum
2054 3137 2211 3184 faeere
2229 3133 2394 3198 potuit
2410 3167 2425 3190 ,
2455 3141 2505 3178 et
2534 3145 2621 3177 oe-

1592 3214 1754 3263 cidere
1768 3251 1783 3274 ,
1802 3231 1952 3280 quum
1972 3215 2159 3264 videret
2177 3214 2275 3261 hoc
2298 3211 2465 3259 multis
2493 3209 2615 3258 clo·

1594 3292 1851 3344 dianetum
1864 3295 2085 3342 furorum
2102 3290 2378 3340 fautoribus
2394 3304 2497 3336 nou
2515 3287 2623 3336 fore
2688 3329 2695 3334 .

1592 3382 1843 3435 acceptum
1860 3367 1885 3420 ἲ

1668 3466 1721 3499 2.
1753 3452 1907 3513 Quem
1932 3451 2059 3500 Ioco.
2090 3447 2397 3498 Pauci-simia
2414 3446 2493 3494 his
2515 3461 2624 3493 ver-

1592 3527 1669 3578 bis
1708 3530 1873 3580 omnia
1910 3538 2144 3588 revocat,
2181 3543 2293 3592 quae
2332 3536 2475 3574 antes
2508 3539 2621 3588 pro·

1592 3608 1747 3656 Fessus
1767 3619 1857 3658 est.

1666 3690 1720 3736 3.
1752 3691 1867 3735 Per.
1895 3686 2085 3750 eapitis.
2110 3688 2170 3733 In
2194 3695 2431 3748 promptu
2454 3683 2627 3732 fuisset

1592 3765 1775 3814 Miloni
1818 3763 2049 3815 Clodium
2097 3779 2187 3828 per
2228 3763 2461 3812 satellites
2508 3779 2627 3812 suos

1594 3844 1896 3908 opprimere,
1918 3861 2071 3907 quum
2104 3841 2295 3906 fugeret
2321 3853 2371 3890 et
2398 3841 2459 3890 sb
2486 3841 2623 3890 omni

1591 3925 1783 3988 populo
1802 3933 2073 3988 urgeretur.

1664 4010 1715 4058 4.
1756 4002 1873 4050 Dies
1912 3999 2230 4049 contii-iorum.
2278 3999 2473 4062 Quibus
2518 3998 2624 4061 ipse

1594 4081 1767 4128 consul
1784 4092 1885 4129 erat
1908 4079 2275 4130 renuntiandus.
