2996 4694
518 354 655 438 144
1164 354 1261 420 Μ.
1304 353 1385 422 Τ.
1436 353 2008 423 CICERONIS

505 474 783 548 traham
807 471 911 562 ¹⁶3
956 475 1345 570 omniaque
1388 497 1547 544 mea
1581 473 1722 545 tela
1757 475 1858 544 sic
1895 474 1968 542 in
2017 487 2088 543 te
2131 473 2643 566 conjicientur,

505 601 587 657 ut
602 609 821 656 nemo
848 607 981 682 per
1004 597 1215 654 tuum
1237 582 1423 656 latus
1451 582 1694 680 (quod
1719 583 1906 656 soles
1942 583 2212 676 dicere)
2241 584 2638 654 saucietur:

498 701 574 768 in
616 697 759 766 tuis
794 693 1269 793 pulmonibus
1295 718 1378 765 ac
1411 691 1810 766 visceribus
1849 690 2246 764 haerebunt.

598 811 715 878 VI.
755 809 879 892 Et,
930 807 1279 901 quoniam
1318 807 1648 876 omnium
1687 829 1931 876 rerum
1967 828 2394 902 magnarum
2429 829 2470 874 a
2499 801 2640 874 diis

502 913 1029 988 immortalibus
1086 915 1435 1014 principia
1501 915 1908 1000 ducuntur,
1967 914 2136 985 volo
2191 928 2273 984 ut
2310 913 2490 983 mihi
2523 937 2638 984 re·-

499 1025 893 1125 spondeas,
928 1039 1045 1113 tu,
1082 1027 1209 1120 qui
1249 1039 1319 1096 te
1359 1023 1916 1122 Pythagoricum
1946 1035 1964 1068 ¹
2005 1023 2192 1096 soles
2230 1023 2470 1095 dicere
2493 1076 2512 1108 ‚
2565 1037 2638 1092 et

495 1136 813 1208 hominis
840 1134 1239 1206 doctissimi
1263 1159 1536 1206 nomen
1567 1136 1708 1206 tuis
1743 1133 2184 1205 immanibus
2213 1149 2284 1205 et
2311 1132 2638 1205 barbaris

497 1244 825 1318 moribus
876 1243 1365 1342 praetendere3
1428 1269 1592 1342 quae
1645 1261 1716 1316 te
1762 1261 1958 1318 tanta
2009 1249 2316 1342 pravitas
2371 1246 2637 1317 mentis

495 1355 853 1439 tenuerit,
890 1355 1019 1450 qui
1057 1368 1299 1426 tantus
1334 1353 1566 1444 furor,
1595 1370 1710 1443 ut,
1749 1380 1980 1453 quum
2023 1355 2346 1426 inaudita
2387 1377 2471 1426 ac
2502 1380 2634 1427 ne-

493 1460 669 1534 faria
692 1467 1311 1562 sacrastisceperis
1327 1518 1348 1553 ‚
1368 1489 1602 1562 quum
1628 1463 2028 1538 inferorum
2061 1470 2334 1538 animas
2357 1465 2636 1553 elicere,

494 1597 727 1670 quum
772 1597 1166 1670 puerorum
1212 1576 1393 1646 extis
1434 1575 1611 1646 deos
1667 1599 1915 1646 manes
1961 1585 2320 1646 mactare²
2367 1575 2636 1663 soleas;

494 1683 811 1780 auspicia
828 1679 885 1771 3,
916 1681 1185 1780 quibus
1218 1683 1367 1756 haec
1394 1683 1570 1756 urbs
1593 1683 1880 1756 condita
1921 1700 2028 1756 est
2048 1739 2068 1772 ‚
2096 1684 2364 1782 quibus
2399 1687 2636 1755 omnis

494 1791 901 1891 respublica
954 1807 1173 1892 atque
1232 1796 1620 1895 imperium
1675 1811 2012 1883 tenetur,
2059 1797 2636 1894 contempseris?

499 1905 849 2001 initioque
912 1903 1327 1978 tribunatus
1408 1907 1514 1977 tui
1591 1909 1876 1978 senatui
1943 1905 2424 1993 denuntiaris,
2489 1907 2635 1980 tuis

492 2013 899 2088 actionibus
934 2039 1291 2114 augurum
1334 2041 1720 2114 responsa,
1757 2033 1974 2115 atque
2013 2019 2170 2113 ejus
2209 2018 2486 2115 collegii
2525 2043 2636 2090 ar-

492 2127 891 2225 rogantiam
928 2125 1449 2225 impedimento
1497 2153 1650 2198 non
1695 2126 2068 2198 futuram?
2103 2127 2514 2200 Secundum
2547 2153 2632 2199 ea

492 2263 783 2339 quaerO,
840 2241 1244 2310 servarisne
1308 2240 1379 2308 in
1446 2263 1540 2310 eo
1593 2237 1868 2310 fidem?
1917 2265 2094 2310 num
2149 2237 2442 2336 quando
2501 2238 2630 2311 tibi

489 2374 767 2425 moram
815 2349 1177 2438 attulerit,
1220 2372 1371 2445 quo
1426 2353 1672 2422 minus
1724 2347 2153 2422 concilium4
2201 2347 2631 2439 advocareS‚
2693 2394 2706 2405 =

486 2518 580 2568 ruit
624 2516 871 2565 Vatinius.
920 2515 984 2561 Et
1027 2528 1131 2575 quo
1174 2512 1350 2560 melius
1388 2512 1516 2561 furta
1607 2512 1720 2561 lere.
1775 2514 2038 2562 Rarissime
2081 2515 2180 2563 hoo
2231 2530 2372 2563 seusu
2427 2515 2629 2563 verbum

489 2598 653 2647 omnis
690 2592 973 2657 flagitiaque
1008 2606 1095 2639 sua
1134 2602 1423 2654 exemeret,
1449 2594 1520 2652 js·
1605 2592 1732 2639 illud
1757 2594 2080 2657 praesumitur.

487 2676 691 2725 etitabat
712 2689 783 2729 se,
802 2684 1123 2733 quecumque
1148 2679 1328 2733 egerat,
1351 2670 1518 2735 impel-

485 2756 619 2804 lente
675 2752 869 2800 caesare
920 2747 1086 2810 egisse.
1154 2750 1324 2812 Itaque
1378 2762 1520 2798 cavet

486 2834 699 2883 maxime
734 2838 932 2885 orator,
977 2825 1059 2874 hie
1084 2838 1135 2876 et
1169 2828 1325 2889 infr-213
1364 2840 1421 2877 ut
1446 2830 1515 2878 ita

487 2910 743 2960 Vatinium
780 2903 1129 2969 reprehendat,
1172 2922 1234 2953 ne
1276 2907 1514 2956 Caesarem

487 2986 739 3045 offendat,
762 2982 981 3047 Pompeii
1014 2983 1074 3031 de
1112 3001 1165 3033 se
1193 2986 1377 3049 optime
1406 3003 1512 3034 me-

486 3068 569 3117 riti
613 3078 835 3113 socerum
848 3096 863 3121 ,
916 3074 1241 3129 praetereaque
1284 3065 1379 3113 sibi
1412 3066 1510 3115 hoe

484 3159 704 3210 tempore
726 3141 1085 3191 amicissimum.

562 3224 642 3272 16.
675 3222 901 3270 Tenebris
936 3220 1217 3270 extraham.
1250 3224 1327 3271 Ex
1350 3223 1510 3271 sordi-

483 3304 577 3353 bus
603 3302 699 3350 tuis
726 3311 775 3348 te
800 3300 861 3348 ad
882 3300 1039 3347 lucem
1058 3300 1362 3365 producam3
1392 3301 1508 3349 nul-

485 3385 633 3446 loque
673 3378 825 3427 modo
865 3378 1067 3427 cau-ris
1118 3378 1409 3443 dignitatem
1442 3391 1515 3429 at-

486 3465 687 3525 tingam-

554 3542 644 3588 Ἦ.
678 3552 725 3585 ι.
752 3534 1144 3601 &claugor-icum.
1170 3536 1512 3601 Superstitiosi

482 3629 622 3671 aaut
634 3613 972 3680 Pythagorici3
988 3630 1091 3662 uon
1113 3631 1230 3662 vero
1252 3630 1305 3663 ea
1326 3616 1510 3666 admit-

484 3698 651 3749 tebant
676 3710 786 3759 qum
804 3693 1007 3741 Vatinio
1029 3694 1296 3758 exprobrat
1324 3708 1509 3747 orator.

410 3826 419 3834 ,
482 3782 711 3829 Ceterum
736 3786 839 3821 uon
870 3788 1033 3819 rarum
1058 3781 1132 3818 est
1158 3772 1321 3821 videre
1345 3774 1508 3823 homi·

480 3874 567 3906 nes
584 3851 949 3904 scelestissimos
980 3851 1315 3913 superstitiose
1332 3867 1507 3916 agei-n

482 3936 688 3985 Catilina
732 3926 1065 3989 Lentulusque
1108 3928 1231 3979 illud
1278 3930 1506 3995 exemplo

482 4030 575 4063 suo
602 4008 920 4061 confirm-nt·

552 4108 604 4139 2.
632 4092 810 4138 Manes
832 4094 1070 4131 mactare.
1092 4083 1312 4144 Plaeare,
1329 4100 1508 4135 eousn.

1681 2673 1728 2721 3.
1757 2672 2006 2737 Auspicia.
2025 2674 2114 2722 Vel
2139 2690 2399 2737 augurum,
2417 2674 2496 2723 vel
2524 2692 2627 2723 ma-

1607 2752 1896 2814 gistratuum
1935 2766 1948 2799 :
1997 2756 2191 2817 utrique
2240 2755 2368 2800 enim
2410 2756 2626 2819 auspicia

1603 2828 1870 2889 habebant,
1893 2830 1978 2879 sed
2000 2834 2304 2897 magistratus
2327 2834 2629 2897 impediendi

1605 2918 1790 2957 tantum
1819 2927 1960 2957 causa
1976 2944 1992 2969 ,
2019 2928 2222 2976 augures
2239 2914 2382 2961 etiam
2401 2930 2628 2977 compro-

1601 2988 1783 3038 bandi:
1829 2991 1880 3037 iu
1921 3006 2022 3054 quo
2065 2991 2188 3039 illud
2217 3004 2289 3040 est
2317 2993 2624 3040 animadver-

1600 3067 1802 3117 tendum
1816 3103 1831 3127 ,
1852 3086 2040 3117 servare
2067 3068 2128 3119 de
2149 3072 2270 3119 ezelo
2285 3106 2299 3128 ‚
2327 3088 2430 3119 non
2456 3072 2519 3118 de
2540 3088 2626 3119 au·

1599 3146 1802 3209 guribus
1841 3147 1968 3211 diei,
2007 3150 2095 3197 sed
2138 3150 2199 3199 de
2235 3152 2622 3214 magistratibus:

1599 3224 1766 3288 itaque
1791 3226 1929 3289 quod
1953 3230 2190 3293 sequitur,
2218 3253 2244 3272 κ
2261 3231 2414 3293 Quod
2447 3248 2507 3280 eo
2545 3232 2624 3279 die

1597 3306 1746 3351 scires
1785 3304 1848 3353 de
1891 3308 2014 3355 eaelo
2059 3325 2162 3357 esse
2203 3321 2444 3358 servatum
2471 3332 2525 3370 s,
2563 3312 2625 3360 de

1597 3382 1775 3430 Bibulo
1804 3382 1984 3433 dieitur
2015 3395 2256 3450 tamquam
2278 3389 2500 3448 consule,
2519 3404 2624 3438 uon

1599 3471 1844 3525 tamquam
1866 3477 2082 3529 augure:
2101 3483 2212 3514 eum
2235 3482 2386 3531 porro
2407 3484 2624 3517 servasse

1600 3540 1661 3587 de
1688 3541 1808 3588 celo
1832 3577 1848 3601 ‚
1884 3553 1942 3590 ut
1966 3545 2152 3593 Vatinii
2177 3546 2474 3611 Caesarisque
2499 3548 2621 3611 legi·

1597 3619 1691 3667 bus
1721 3620 2002 3681 obsisteret,
2029 3625 2232 3689 ejusque
2255 3628 2468 3691 auspicia
2503 3644 2623 3676 eon·

1597 3708 1778 3761 tempta
1831 3716 1934 3748 esse
1951 3735 1968 3760 ,
2012 3702 2160 3752 docet
2213 3706 2476 3753 Suetonius
2499 3741 2515 3766 ‚
2571 3718 2621 3753 et

1597 3776 1760 3825 omnis
1785 3776 1988 3827 historia
2009 3797 2024 3830 :
2052 3782 2366 3847 subjungitur
2393 3796 2444 3832 et
2469 3784 2622 3843 illud,

1597 3865 1695 3902 tres
1731 3856 1954 3906 tribunos
1979 3860 2140 3923 plebis
2171 3862 2232 3909 de
2267 3863 2388 3911 eaelo
2415 3880 2619 3912 servan-

1595 3944 1669 3981 tes
1684 3966 1700 3991 ‚
1726 3950 1752 3981 a
1773 3936 1997 3998 Vatinio,
2027 3950 2269 4003 tamquam
2289 3942 2506 4006 privatos
2527 3943 2620 3992 ho-

1595 4028 1781 4071 mmes,
1815 4031 1919 4064 esse
1937 4030 2264 4083 contemptos.

1672 4098 1722 4145 4.
1750 4093 2035 4144 Concilium.
2057 4098 2300 4163 Populum
2324 4116 2428 4149 nou
2453 4113 2620 4161 voest,
