2996 4694
888 370 1261 438 ORATIO
1310 345 1420 460 IJN
1462 369 1996 438 vA‘rINmM.
2367 371 2488 444 ιω

391 489 591 586 quod
638 490 717 558 in
755 487 1049 559 homine
1092 503 1446 558 summam
1503 485 1718 558 fidem
1769 486 2344 590 probitatemque
2381 517 2502 563 co-

389 612 716 696 gnosset,
758 599 1211 694 graviterque
1265 597 1478 666 etiam
1537 620 1613 668 se
1658 594 1876 682 ferre,
1927 610 2301 694 praetorem
2364 599 2494 670 ali-

310 739 317 746 ·
388 725 605 805 quem
632 729 785 778 esse
819 705 1085 777 sactum
1110 758 1131 793 ,
1158 709 1286 802 qui
1322 729 1363 774 a
1402 705 1552 776 suis
1577 704 1978 776 rationibus
2016 704 2500 778 dissensisset?

388 831 547 888 tum
588 818 921 914 quaesisse
954 813 1379 914 quemdam,
1426 811 1517 884 de
1559 814 1848 884 Vatinio
1883 815 2497 910 quemadmodum

386 923 644 1012 ferret3
696 926 931 1022 ipsum
992 922 1475 1022 respondisse,
1550 923 1916 997 Vatinium
1977 927 2054 993 in
2121 921 2492 998 tribunatu

385 1037 601 1130 gratis
641 1034 819 1104 nihil
852 1032 1131 1115 fecisse;
1170 1034 1299 1130 qui
1326 1032 1568 1104 omnia
1607 1033 1683 1102 in
1719 1034 2070 1128 pecunia²
2116 1037 2495 1130 posuisset,

384 1143 664 1216 honore
697 1145 939 1215 animo
968 1163 1177 1239 aequo
1212 1165 1453 1214 carere
1480 1140 1766 1212 debere.
1799 1141 2018 1232 Quod
2053 1144 2112 1212 si
2137 1145 2290 1241 ipse
2316 1197 2335 1232 ‚
2367 1149 2496 1240 qui

380 1268 491 1340 te,
514 1278 657 1324 suae
680 1252 1045 1352 dignitatis
1077 1250 1423 1349 augentlae
1451 1275 1662 1322 causa
1684 1304 1705 1338 ,
1743 1253 2062 1346 periculo
2095 1268 2221 1325 tuo
2247 1309 2266 1340 ,
2291 1253 2496 1324 nullo

380 1387 513 1435 suo
540 1361 801 1435 delicto
822 1361 877 1450 ³,
905 1360 1076 1434 ferri
1110 1361 1547 1458 praecipitem
1574 1374 1681 1431 est
1712 1358 1916 1432 facile
1943 1384 2190 1458 passus
2207 1417 2226 1446 ,
2253 1377 2494 1433 tamen
2531 1351 2542 1364 ⁰

378 1485 453 1542 te
482 1475 683 1542 omni
716 1469 997 1542 honore
1032 1469 1607 1566 indignissimum
1638 1469 1952 1564 judicat3
1977 1474 2036 1540 si
2077 1473 2201 1541 te‘*
2235 1473 2488 1557 vicini,

376 1582 435 1651 si
464 1579 717 1653 affines
742 1635 763 1670 ,
800 1581 860 1653 si
898 1580 1197 1652 tribules
1240 1584 1339 1649 ita
1376 1578 1720 1667 oderunt,
1755 1593 1838 1650 ut
1887 1580 2249 1676 repulsam
2287 1596 2489 1652 tuam

372 1689 825 1788 triumphum
868 1712 1083 1762 suum
1116 1687 1498 1776 duxerint3
1565 1689 1624 1758 si
1667 1711 1888 1759 nemo
1941 1689 2282 1787 adspicit,
2317 1676 2498 1788 q‘uin

372 1795 823 1896 ingemiscam
852 1823 1071 1871 nemo
1116 1800 1564 1870 mentionem
1605 1796 1803 1887 facit,
1835 1799 2014 1895 quin
2044 1815 2494 1889 exsecretur;

372 1908 435 1978 si
472 1911 737 1997 vitant,
768 1906 1092 2005 fugiunt,
1141 1906 1391 1977 audire
1437 1906 1530 1978 de
1567 1921 1642 1978 te
1693 1907 1991 1995 nolunt;
2029 1933 2257 2004 quum
2299 1909 2494 1983 vide-

370 2031 572 2103 runt,
608 2031 973 2113 tamquam
1008 2018 1403 2113 auspicium
1442 2016 1714 2087 malum
1761 2015 2242 2107 detestantur3
2273 2019 2332 2090 si
2377 2045 2495 2093 co-

372 2125 569 2222 gnati
600 2138 989 2222 respuunt,
1019 2123 1319 2196 tribules
1348 2140 1850 2213 exsecrantur,
1881 2127 2092 2196 vicini
2127 2142 2486 2218 metuunt,

368 2231 621 2305 affines
654 2232 1087 2306 erubescunt
1107 2287 1126 2322 ‚
1160 2248 1449 2304 strumae
1479 2231 1846 2330 denique⁵
1865 2233 1958 2305 ab
1994 2258 2120 2307 ore
2149 2237 2486 2335 improbo

365 2341 891 2441 demigrarunt,
935 2359 1009 2416 et
1044 2345 1201 2417 aliis
1235 2344 1389 2441 jam
1439 2368 1516 2416 se
1557 2343 1739 2417 locis
1779 2344 2268 2436 collocat-unu
2308 2350 2368 2420 si
2412 2374 2488 2421 es

364 2452 613 2525 odium
658 2454 1029 2553 publicum
1071 2454 1365 2555 populi,
1416 2469 1742 2542 senatus,
1793 2455 2292 2527 universorum
2347 2456 2481 2529 ho-

363 2676 511 2736 tnlit3
555 2674 641 2725 sed
682 2675 851 2741 paullo
875 2686 1019 2739 post,
1055 2674 1227 2739 Appio
1260 2674 1375 2724 Pul-

346 2755 485 2802 ·ehro
529 2764 578 2801 et
619 2752 838 2804 Domitio
880 2753 1210 2803 Ahenobarbo
1244 2768 1372 2801 coss.

362 2826 597 2881 obtinuit.

434 2925 487 2958 a.
512 2913 571 2957 In
600 2908 815 2975 pecunia
833 2906 1089 2973 posuisset.
1120 2908 1221 2971 Qui
1249 2905 1373 2955 nihil

360 2987 455 3034 nisi
498 2987 703 3051 pecunia
748 2984 981 3051 impulsus
1035 2984 1209 3051 egisset
1228 3021 1244 3048 ,
1287 2986 1371 3049 qui

358 3068 522 3115 omnia
553 3084 663 3131 quae
682 3068 829 3116 subiit
854 3066 1101 3132 pericula,
1136 3080 1239 3113 nou
1264 3080 1371 3129 grae

359 3146 440 3193 tiae
460 3156 545 3194 aut
562 3146 841 3211 reipublicae
856 3162 1020 3202 eausa,
1044 3146 1131 3194 aed
1154 3146 1371 3209 pecunias

360 3222 582 3281 adiisset,
628 3222 761 3273 hunc
812 3224 1089 3275 tribunatus
1131 3224 1367 3285 jacturam

358 3302 497 3350 saciie
525 3318 721 3366 pensare
756 3320 925 3367 posse,
960 3319 1112 3367 quum
1142 3316 1367 3350 nummos

356 3394 621 3445 eongeatos
634 3384 1006 3449 contempletur.
1018 3386 1237 3447 Apparet
1253 3380 1369 3429 inde

357 3476 504 3523 quam
539 3462 921 3510 contemnendus
950 3462 1091 3509 suerit
1109 3461 1364 3521 Vatinius,

354 3540 441 3603 qui
478 3538 541 3587 ab
575 3554 635 3587 eo
676 3541 783 3603 ipso
811 3540 897 3603 qui
936 3554 1047 3588 eum
1084 3538 1149 3587 ad
1188 3538 1365 3603 flagitia

354 3620 692 3677 suscitaverat,
728 3632 793 3666 ne
816 3618 1041 3669 laudibus
1068 3617 1265 3683 quidem
1292 3616 1366 3665 di-

354 3708 595 3759 gnaretur.

424 3774 477 3823 3.
501 3774 650 3823 Nullo
673 3791 763 3824 suo
788 3774 983 3824 delicto.
1008 3776 1242 3825 Caesarem
1276 3774 1359 3822 hie

353 3866 578 3915 quoque,
620 3862 676 3899 ut
710 3862 849 3901 antea
866 3888 883 3913 ,
907 3840 1121 3901 excusa.
1146 3854 1361 3917 Ideoque

353 3930 539 3978 nullum
556 3933 611 3978 in
635 3946 695 3979 eo
720 3930 877 3979 scelus
894 3932 1114 3994 agnoseit
1129 3966 1146 3990 ‚
1180 3942 1235 3979 ut
1258 3947 1362 3979 non

350 4020 447 4057 tam
468 4010 718 4059 Vatinium
760 4009 827 4058 ad
866 4008 1048 4072 flagitia
1084 4008 1364 4075 impulisse,

348 4102 491 4153 quam
514 4102 574 4147 ‚ea
598 4088 653 4137 in
676 4103 819 4136 auum
840 4086 1155 4135 commodum
1178 4087 1363 4153 permi-

498 4176 580 4247 V.
638 4192 730 4240 Cic.
747 4206 861 4253 pars
884 4188 1093 4237 secunda.

1461 2675 1579 2723 sisse
1612 2674 1850 2725 videatur.
1882 2701 1954 2713 —
1993 2675 2133 2724 Ferri
2157 2677 2472 2742 praecapieem.

1461 2756 1577 2816 Quo
1620 2763 1667 2801 te
1703 2754 1840 2801 furor
1865 2766 2078 2819 raperet,
2106 2767 2159 2803 ut
2196 2772 2363 2803 omnes
2389 2774 2472 2821 pa-

1462 2834 1569 2879 t'riae
1604 2826 2004 2897 leges'totamque
2032 2832 2332 2883 subvertens
2349 2853 2472 2885 rem·

1459 2911 1722 2973 publicam.

1531 2998 1584 3045 4.
1619 2989 1674 3036 Si
1689 3000 1738 3037 te
1761 2988 1935 3039 vicini.
1966 2990 2043 3038 Ne
2066 2990 2280 3053 scilieet,
2320 2993 2464 3042 sicuti

1458 3081 1487 3114 a
1503 3067 1658 3131 prima
1682 3078 1821 3116 aetate
1834 3101 1850 3127 ,
1871 3068 2046 3117 domos
2061 3083 2233 3117 eorum
2258 3058 2462 3120 suhver-

1456 3155 1530 3193 tas
1549 3157 1600 3195 et
1617 3146 1869 3208 compilen-

1527 3224 1576 3271 5.
1602 3226 1808 3271 Strumae
1834 3225 2251 3289 deniqueNatinii
2267 3238 2464 3277 struma

1454 3314 1518 3351 ex
1541 3318 1628 3351 ore
1661 3302 1724 3350 ad
1749 3304 1890 3351 aliam
1913 3306 2132 3367 corporis
2155 3315 2339 3369 partem
2371 3309 2462 3354 mi-

1454 3390 1722 3442 graverant.
1751 3380 1870 3427 Inde
1891 3382 2063 3429 Cicero
2081 3383 2132 3429 in
2158 3383 2462 3434 acerbissima

1451 3458 1822 3521 reprehensione
1853 3459 2050 3519 iocandi
2099 3460 2260 3510 locum
2303 3466 2466 3527 cepit,

1450 3538 1591 3602 quasi
1629 3538 1808 3586 diceret
1844 3549 2049 3587 strumas
2077 3540 2205 3603 ipsae
2231 3542 2463 3606 puduisse

1452 3616 1506 3663 in
1541 3632 1627 3665 ore
1662 3616 1988 3680 impurissimo
2007 3618 2214 3681 amplius
2229 3620 2462 3669 hahitare.

1454 3695 1720 3743 Fatendum
1764 3705 1837 3743 est
1868 3696 2011 3755 iocos
2047 3696 2158 3744 illos
2201 3699 2252 3746 in
2277 3700 2462 3752 Vatinii

1446 3782 1654 3825 ammas
1693 3772 1839 3821 nobis
1877 3774 2080 3821 omnino
2113 3776 2326 3824 sordere.
2365 3778 2462 3824 Sed

1447 3868 1504 3899 ea
1523 3850 1706 3899 ferebat
1723 3866 1918 3899 rounam
1937 3852 2130 3901 lieentia
2149 3884 2166 3911 ,
2191 3868 2300 3916 qua
2314 3855 2463 3903 nobie

1447 3929 1528 3977 vel
1567 3928 1836 3994 legentibus
1877 3942 2074 3978 movent
2125 3932 2424 3979 stomachum
2445 3968 2462 3991 ,

1448 4016 1506 4055 nt
1531 4018 1635 4067 eet,
1661 4008 1714 4059 in
1742 4023 1798 4058 ea
1817 4018 1987 4056 contra
2009 4008 2266 4065 Pisonem,
2295 4019 2344 4055 et
2373 4024 2466 4073 pro

1450 4087 1640 4135 Sextio.
2079 4140 2084 4147 ,

2145 4192 2169 4237 1
2193 4192 2218 4235 1
