<?xml version="1.0" encoding="UTF-8"?>
<!DOCTYPE html PUBLIC "-//W3C//DTD XHTML 1.0 Transitional//EN"
    "http://www.w3.org/TR/xhtml1/DTD/xhtml1-transitional.dtd">
<html xmlns="http://www.w3.org/1999/xhtml" xml:lang="en" lang="en">
 <head>
  <title>
</title>
<meta http-equiv="Content-Type" content="text/html;charset=utf-8" />
  <meta name='ocr-system' content='tesseract 3.04.00' />
  <meta name='ocr-capabilities' content='ocr_page ocr_carea ocr_par ocr_line ocrx_word'/>
</head>
<body>
  <div class='ocr_page' id='page_1' title='image "./mtciceronisquae08lemagoog/mtciceronisquae08lemagoog_0413.png"; bbox 0 0 2996 4694; ppageno 0'>
   <div class='ocr_carea' id='block_1_1' title="bbox 803 362 2533 470">
    <p class='ocr_par' dir='ltr' id='par_1_1' title="bbox 803 362 2533 470">
     <span class='ocr_line' id='line_1_1' title="bbox 803 362 2533 470; baseline 0.004 -34"><span class='ocrx_word' id='word_1_1' title='bbox 803 368 1192 436; x_wconf 81' lang='lat' dir='ltr'><strong>ORATIO</strong></span> <span class='ocrx_word' id='word_1_2' title='bbox 1240 367 1352 438; x_wconf 82' lang='lat' dir='ltr'><strong>IN</strong></span> <span class='ocrx_word' id='word_1_3' title='bbox 1401 370 1478 440; x_wconf 88' lang='lat' dir='ltr'><strong>L.</strong></span> <span class='ocrx_word' id='word_1_4' title='bbox 1526 371 1605 438; x_wconf 81' lang='lat' dir='ltr'><strong>c,</strong></span> <span class='ocrx_word' id='word_1_5' title='bbox 1658 362 2147 442; x_wconf 77' lang='lat' dir='ltr'><strong>PISONEM.</strong></span> <span class='ocrx_word' id='word_1_6' title='bbox 2394 377 2533 470; x_wconf 78' lang='lat'><strong>407</strong></span> 
     </span>
    </p>
   </div>
   <div class='ocr_carea' id='block_1_2' title="bbox 402 487 2555 2791">
    <p class='ocr_par' dir='ltr' id='par_1_2' title="bbox 402 487 2555 2791">
     <span class='ocr_line' id='line_1_2' title="bbox 402 487 2538 589; baseline 0.001 -27"><span class='ocrx_word' id='word_1_7' title='bbox 402 515 588 589; x_wconf 86' lang='lat' dir='ltr'><strong>quos</strong></span> <span class='ocrx_word' id='word_1_8' title='bbox 615 487 900 581; x_wconf 82' lang='lat' dir='ltr'><strong>dicas?)</strong></span> <span class='ocrx_word' id='word_1_9' title='bbox 928 511 1370 586; x_wconf 84' lang='lat' dir='ltr'><strong>quamquam</strong></span> <span class='ocrx_word' id='word_1_10' title='bbox 1407 514 1559 562; x_wconf 91' lang='lat' dir='ltr'><strong>non</strong></span> <span class='ocrx_word' id='word_1_11' title='bbox 1591 505 1697 562; x_wconf 86' lang='lat' dir='ltr'><strong>est</strong></span> <span class='ocrx_word' id='word_1_12' title='bbox 1724 515 1871 564; x_wconf 87' lang='lat' dir='ltr'><strong>uua</strong></span> <span class='ocrx_word' id='word_1_13' title='bbox 1898 517 2109 564; x_wconf 87' lang='lat' dir='ltr'><strong>causa</strong></span> <span class='ocrx_word' id='word_1_14' title='bbox 2138 500 2467 566; x_wconf 89' lang='lat' dir='ltr'><strong>omnium</strong></span> <span class='ocrx_word' id='word_1_15' title='bbox 2483 495 2538 583; x_wconf 81' lang='lat'><strong>³,</strong></span> 
     </span>
     <span class='ocr_line' id='line_1_3' title="bbox 403 601 2539 704; baseline 0.003 -32"><span class='ocrx_word' id='word_1_16' title='bbox 403 617 642 672; x_wconf 88' lang='lat' dir='ltr'><strong>tamen</strong></span> <span class='ocrx_word' id='word_1_17' title='bbox 677 615 786 673; x_wconf 86' lang='lat' dir='ltr'><strong>est</strong></span> <span class='ocrx_word' id='word_1_18' title='bbox 825 602 1158 688; x_wconf 82' lang='lat' dir='ltr'><strong>omnium</strong></span> <span class='ocrx_word' id='word_1_19' title='bbox 1197 601 1375 672; x_wconf 89' lang='lat' dir='ltr'><strong>mihi</strong></span> <span class='ocrx_word' id='word_1_20' title='bbox 1413 601 1739 700; x_wconf 86' lang='lat' dir='ltr'><strong>probata.</strong></span> <span class='ocrx_word' id='word_1_21' title='bbox 1788 605 1905 674; x_wconf 89' lang='lat' dir='ltr'><strong>Me</strong></span> <span class='ocrx_word' id='word_1_22' title='bbox 1951 609 2080 676; x_wconf 86' lang='lat' dir='ltr'><strong>Cn.</strong></span> <span class='ocrx_word' id='word_1_23' title='bbox 2118 609 2539 704; x_wconf 85' lang='lat' dir='ltr'><strong>Pompeius,</strong></span> 
     </span>
     <span class='ocr_line' id='line_1_4' title="bbox 403 708 2539 812; baseline 0.003 -30"><span class='ocrx_word' id='word_1_24' title='bbox 403 711 650 783; x_wconf 85' lang='lat' dir='ltr'><strong>multis</strong></span> <span class='ocrx_word' id='word_1_25' title='bbox 677 708 1193 782; x_wconf 85' lang='lat' dir='ltr'><strong>obsistentibus</strong></span> <span class='ocrx_word' id='word_1_26' title='bbox 1220 711 1280 805; x_wconf 86' lang='lat' dir='ltr'><strong>ej</strong></span> <span class='ocrx_word' id='word_1_27' title='bbox 1287 733 1375 802; x_wconf 82' lang='lat' dir='ltr'><strong>us</strong></span> <span class='ocrx_word' id='word_1_28' title='bbox 1409 735 1576 809; x_wconf 83' lang='lat' dir='ltr'><strong>erga</strong></span> <span class='ocrx_word' id='word_1_29' title='bbox 1608 737 1723 785; x_wconf 88' lang='lat' dir='ltr'><strong>me</strong></span> <span class='ocrx_word' id='word_1_30' title='bbox 1750 713 1991 786; x_wconf 87' lang='lat' dir='ltr'><strong>studio</strong></span> <span class='ocrx_word' id='word_1_31' title='bbox 2026 732 2247 812; x_wconf 87' lang='lat' dir='ltr'><strong>atque</strong></span> <span class='ocrx_word' id='word_1_32' title='bbox 2274 719 2539 804; x_wconf 85' lang='lat' dir='ltr'><strong>amori,</strong></span> 
     </span>
     <span class='ocr_line' id='line_1_5' title="bbox 405 818 2540 922; baseline 0.003 -30"><span class='ocrx_word' id='word_1_33' title='bbox 405 845 692 918; x_wconf 82' lang='lat' dir='ltr'><strong>semper</strong></span> <span class='ocrx_word' id='word_1_34' title='bbox 718 818 998 908; x_wconf 81' lang='lat' dir='ltr'><strong>dilexit,</strong></span> <span class='ocrx_word' id='word_1_35' title='bbox 1029 843 1316 919; x_wconf 81' lang='lat' dir='ltr'>semper</span> <span class='ocrx_word' id='word_1_36' title='bbox 1342 845 1466 892; x_wconf 86' lang='lat' dir='ltr'><strong>sua</strong></span> <span class='ocrx_word' id='word_1_37' title='bbox 1495 823 1661 918; x_wconf 85' lang='lat' dir='ltr'><strong>conj</strong></span> <span class='ocrx_word' id='word_1_38' title='bbox 1671 829 2013 895; x_wconf 87' lang='lat' dir='ltr'><strong>unctione</strong></span> <span class='ocrx_word' id='word_1_39' title='bbox 2040 824 2540 922; x_wconf 82' lang='lat' dir='ltr'><strong>dignissimum</strong></span> 
     </span>
     <span class='ocr_line' id='line_1_6' title="bbox 403 930 2543 1028; baseline 0.002 -24"><span class='ocrx_word' id='word_1_40' title='bbox 403 930 780 1027; x_wconf 82' lang='lat' dir='ltr'><strong>judicavit,</strong></span> <span class='ocrx_word' id='word_1_41' title='bbox 829 955 1120 1028; x_wconf 78' lang='lat' dir='ltr'><strong>semper</strong></span> <span class='ocrx_word' id='word_1_42' title='bbox 1169 956 1322 1002; x_wconf 85' lang='lat' dir='ltr'><strong>non</strong></span> <span class='ocrx_word' id='word_1_43' title='bbox 1363 931 1583 1004; x_wconf 88' lang='lat' dir='ltr'><strong>modo</strong></span> <span class='ocrx_word' id='word_1_44' title='bbox 1624 934 2104 1024; x_wconf 88' lang='lat' dir='ltr'><strong>incolumem,</strong></span> <span class='ocrx_word' id='word_1_45' title='bbox 2156 935 2279 1006; x_wconf 90' lang='lat' dir='ltr'><strong>sed</strong></span> <span class='ocrx_word' id='word_1_46' title='bbox 2330 938 2543 1009; x_wconf 87' lang='lat' dir='ltr'><strong>etiam</strong></span> 
     </span>
     <span class='ocr_line' id='line_1_7' title="bbox 407 1043 2545 1140; baseline 0.001 -26"><span class='ocrx_word' id='word_1_47' title='bbox 407 1043 924 1140; x_wconf 88' lang='lat' dir='ltr'><strong>amplissimum</strong></span> <span class='ocrx_word' id='word_1_48' title='bbox 961 1055 1180 1140; x_wconf 87' lang='lat' dir='ltr'><strong>atque</strong></span> <span class='ocrx_word' id='word_1_49' title='bbox 1220 1045 1755 1115; x_wconf 86' lang='lat' dir='ltr'><strong>ornatissimum</strong></span> <span class='ocrx_word' id='word_1_50' title='bbox 1800 1044 2028 1118; x_wconf 85' lang='lat' dir='ltr'><strong>voluit</strong></span> <span class='ocrx_word' id='word_1_51' title='bbox 2062 1069 2236 1117; x_wconf 89' lang='lat' dir='ltr'><strong>esse.</strong></span> <span class='ocrx_word' id='word_1_52' title='bbox 2274 1049 2545 1118; x_wconf 69' lang='lat' dir='ltr'><strong>Vestrae</strong></span> 
     </span>
     <span class='ocr_line' id='line_1_8' title="bbox 408 1151 2549 1239; baseline 0.001 -16"><span class='ocrx_word' id='word_1_53' title='bbox 408 1151 696 1224; x_wconf 79' lang='lat' dir='ltr'>fraudes</span> <span class='ocrx_word' id='word_1_54' title='bbox 715 1205 736 1239; x_wconf 91' lang='lat'>,</span> <span class='ocrx_word' id='word_1_55' title='bbox 769 1166 1086 1224; x_wconf 80' lang='lat' dir='ltr'><strong>vestrum</strong></span> <span class='ocrx_word' id='word_1_56' title='bbox 1113 1153 1384 1238; x_wconf 71' lang='lat' dir='ltr'><strong>scelu3‚</strong></span> <span class='ocrx_word' id='word_1_57' title='bbox 1412 1169 1665 1225; x_wconf 82' lang='lat' dir='ltr'><strong>vestrae</strong></span> <span class='ocrx_word' id='word_1_58' title='bbox 1693 1156 2230 1227; x_wconf 80' lang='lat' dir='ltr'><strong>criminationes</strong></span> <span class='ocrx_word' id='word_1_59' title='bbox 2261 1156 2549 1228; x_wconf 89' lang='lat' dir='ltr'><strong>insidia-</strong></span> 
     </span>
     <span class='ocr_line' id='line_1_9' title="bbox 409 1261 2545 1360; baseline 0 -26"><span class='ocrx_word' id='word_1_60' title='bbox 409 1287 574 1334; x_wconf 89' lang='lat' dir='ltr'><strong>rum</strong></span> <span class='ocrx_word' id='word_1_61' title='bbox 599 1286 924 1334; x_wconf 89' lang='lat' dir='ltr'><strong>mearum</strong></span> <span class='ocrx_word' id='word_1_62' title='bbox 945 1317 966 1350; x_wconf 89' lang='lat'>,</span> <span class='ocrx_word' id='word_1_63' title='bbox 1001 1261 1192 1332; x_wconf 88' lang='lat' dir='ltr'><strong>illius</strong></span> <span class='ocrx_word' id='word_1_64' title='bbox 1219 1261 1706 1360; x_wconf 82' lang='lat' dir='ltr'><strong>periculorum</strong></span> <span class='ocrx_word' id='word_1_65' title='bbox 1726 1317 1746 1352; x_wconf 83' lang='lat'>‚</span> <span class='ocrx_word' id='word_1_66' title='bbox 1776 1261 2045 1335; x_wconf 83' lang='lat' dir='ltr'><strong>nefarie</strong></span> <span class='ocrx_word' id='word_1_67' title='bbox 2072 1262 2295 1353; x_wconf 85' lang='lat' dir='ltr'><strong>fictae,</strong></span> <span class='ocrx_word' id='word_1_68' title='bbox 2330 1265 2545 1335; x_wconf 87' lang='lat' dir='ltr'><strong>simul</strong></span> 
     </span>
     <span class='ocr_line' id='line_1_10' title="bbox 411 1368 2549 1472; baseline -0.001 -28"><span class='ocrx_word' id='word_1_69' title='bbox 411 1395 662 1444; x_wconf 85' lang='lat' dir='ltr'><strong>eorum</strong></span> <span class='ocrx_word' id='word_1_70' title='bbox 679 1375 736 1459; x_wconf 71' lang='lat'><strong>⁴,</strong></span> <span class='ocrx_word' id='word_1_71' title='bbox 765 1373 894 1468; x_wconf 88' lang='lat' dir='ltr'><strong>qui</strong></span> <span class='ocrx_word' id='word_1_72' title='bbox 913 1368 1404 1443; x_wconf 82' lang='lat' dir='ltr'><strong>familiaritatis</strong></span> <span class='ocrx_word' id='word_1_73' title='bbox 1427 1373 1739 1463; x_wconf 86' lang='lat' dir='ltr'><strong>licentia,</strong></span> <span class='ocrx_word' id='word_1_74' title='bbox 1764 1397 2063 1445; x_wconf 87' lang='lat' dir='ltr'><strong>suorum</strong></span> <span class='ocrx_word' id='word_1_75' title='bbox 2096 1373 2549 1472; x_wconf 86' lang='lat' dir='ltr'><strong>improbissi-</strong></span> 
     </span>
     <span class='ocr_line' id='line_1_11' title="bbox 409 1481 2545 1580; baseline 0 -28"><span class='ocrx_word' id='word_1_76' title='bbox 409 1505 693 1554; x_wconf 83' lang='lat' dir='ltr'><strong>morum</strong></span> <span class='ocrx_word' id='word_1_77' title='bbox 744 1503 1167 1553; x_wconf 88' lang='lat' dir='ltr'><strong>sermonum</strong></span> <span class='ocrx_word' id='word_1_78' title='bbox 1211 1481 1656 1570; x_wconf 81' lang='lat' dir='ltr'><strong>domicilium</strong></span> <span class='ocrx_word' id='word_1_79' title='bbox 1712 1485 1791 1554; x_wconf 90' lang='lat' dir='ltr'><strong>in</strong></span> <span class='ocrx_word' id='word_1_80' title='bbox 1827 1484 2125 1556; x_wconf 88' lang='lat' dir='ltr'><strong>auribus</strong></span> <span class='ocrx_word' id='word_1_81' title='bbox 2162 1484 2357 1580; x_wconf 75' lang='lat' dir='ltr'><strong>ejuS‚</strong></span> <span class='ocrx_word' id='word_1_82' title='bbox 2411 1486 2545 1552; x_wconf 87' lang='lat' dir='ltr'><strong>im-</strong></span> 
     </span>
     <span class='ocr_line' id='line_1_12' title="bbox 407 1590 2555 1691; baseline 0 -29"><span class='ocrx_word' id='word_1_83' title='bbox 407 1590 622 1690; x_wconf 84' lang='lat' dir='ltr'><strong>pulsu</strong></span> <span class='ocrx_word' id='word_1_84' title='bbox 653 1607 915 1678; x_wconf 85' lang='lat' dir='ltr'><strong>vestro,</strong></span> <span class='ocrx_word' id='word_1_85' title='bbox 943 1590 1503 1675; x_wconf 82' lang='lat' dir='ltr'><strong>collocaverunt,</strong></span> <span class='ocrx_word' id='word_1_86' title='bbox 1532 1607 1783 1664; x_wconf 82' lang='lat' dir='ltr'><strong>vestrae</strong></span> <span class='ocrx_word' id='word_1_87' title='bbox 1809 1593 2236 1691; x_wconf 83' lang='lat' dir='ltr'><strong>cupiditates</strong></span> <span class='ocrx_word' id='word_1_88' title='bbox 2262 1595 2555 1691; x_wconf 86' lang='lat' dir='ltr'><strong>provin-</strong></span> 
     </span>
     <span class='ocr_line' id='line_1_13' title="bbox 409 1699 2554 1802; baseline 0 -28"><span class='ocrx_word' id='word_1_89' title='bbox 409 1704 714 1792; x_wconf 86' lang='lat' dir='ltr'><strong>ciarum,</strong></span> <span class='ocrx_word' id='word_1_90' title='bbox 768 1699 1168 1798; x_wconf 77' lang='lat' dir='ltr'><strong>effecerunt</strong></span> <span class='ocrx_word' id='word_1_91' title='bbox 1189 1755 1210 1786; x_wconf 88' lang='lat'>‚</span> <span class='ocrx_word' id='word_1_92' title='bbox 1248 1716 1332 1772; x_wconf 90' lang='lat' dir='ltr'><strong>ut</strong></span> <span class='ocrx_word' id='word_1_93' title='bbox 1374 1725 1512 1798; x_wconf 85' lang='lat' dir='ltr'><strong>ego</strong></span> <span class='ocrx_word' id='word_1_94' title='bbox 1560 1702 2059 1789; x_wconf 78' lang='lat' dir='ltr'><strong>excluderer⁵‚</strong></span> <span class='ocrx_word' id='word_1_95' title='bbox 2112 1727 2513 1802; x_wconf 82' lang='lat' dir='ltr'><strong>omnesque</strong></span> <span class='ocrx_word' id='word_1_96' title='bbox 2534 1754 2554 1788; x_wconf 90' lang='lat'>‚</span> 
     </span>
     <span class='ocr_line' id='line_1_14' title="bbox 409 1811 2545 1913; baseline 0 -29"><span class='ocrx_word' id='word_1_97' title='bbox 409 1815 538 1911; x_wconf 89' lang='lat' dir='ltr'><strong>qui</strong></span> <span class='ocrx_word' id='word_1_98' title='bbox 593 1837 750 1902; x_wconf 86' lang='lat' dir='ltr'><strong>me,</strong></span> <span class='ocrx_word' id='word_1_99' title='bbox 810 1816 938 1909; x_wconf 90' lang='lat' dir='ltr'><strong>qui</strong></span> <span class='ocrx_word' id='word_1_100' title='bbox 991 1812 1178 1883; x_wconf 90' lang='lat' dir='ltr'><strong>illius</strong></span> <span class='ocrx_word' id='word_1_101' title='bbox 1240 1811 1583 1909; x_wconf 84' lang='lat' dir='ltr'><strong>gloriam,</strong></span> <span class='ocrx_word' id='word_1_102' title='bbox 1650 1815 1783 1911; x_wconf 89' lang='lat' dir='ltr'><strong>qui</strong></span> <span class='ocrx_word' id='word_1_103' title='bbox 1834 1814 2358 1913; x_wconf 85' lang='lat' dir='ltr'><strong>rempublicam</strong></span> <span class='ocrx_word' id='word_1_104' title='bbox 2408 1814 2545 1884; x_wconf 85' lang='lat' dir='ltr'><strong>sal-</strong></span> 
     </span>
     <span class='ocr_line' id='line_1_15' title="bbox 413 1921 2550 2021; baseline 0 -28"><span class='ocrx_word' id='word_1_105' title='bbox 413 1947 574 1994; x_wconf 88' lang='lat' dir='ltr'><strong>vam</strong></span> <span class='ocrx_word' id='word_1_106' title='bbox 617 1945 772 1996; x_wconf 78' lang='lat' dir='ltr'><strong>esse</strong></span> <span class='ocrx_word' id='word_1_107' title='bbox 823 1921 1246 2021; x_wconf 88' lang='lat' dir='ltr'><strong>cupiebant,</strong></span> <span class='ocrx_word' id='word_1_108' title='bbox 1297 1947 1633 1994; x_wconf 86' lang='lat' dir='ltr'><strong>sermone</strong></span> <span class='ocrx_word' id='word_1_109' title='bbox 1685 1939 1903 2021; x_wconf 88' lang='lat' dir='ltr'><strong>atque</strong></span> <span class='ocrx_word' id='word_1_110' title='bbox 1952 1923 2149 1994; x_wconf 89' lang='lat' dir='ltr'><strong>aditu</strong></span> <span class='ocrx_word' id='word_1_111' title='bbox 2212 1922 2550 2020; x_wconf 88' lang='lat' dir='ltr'><strong>prohibe·</strong></span> 
     </span>
     <span class='ocr_line' id='line_1_16' title="bbox 411 2029 2545 2130; baseline 0 -26"><span class='ocrx_word' id='word_1_112' title='bbox 411 2048 684 2106; x_wconf 83' lang='lat' dir='ltr'><strong>rentur.</strong></span> <span class='ocrx_word' id='word_1_113' title='bbox 732 2032 1018 2125; x_wconf 86' lang='lat' dir='ltr'><strong>Quibus</strong></span> <span class='ocrx_word' id='word_1_114' title='bbox 1058 2029 1322 2105; x_wconf 83' lang='lat' dir='ltr'><strong>rebus⁶</strong></span> <span class='ocrx_word' id='word_1_115' title='bbox 1371 2048 1479 2104; x_wconf 85' lang='lat' dir='ltr'><strong>est</strong></span> <span class='ocrx_word' id='word_1_116' title='bbox 1529 2031 1966 2130; x_wconf 80' lang='lat' dir='ltr'><strong>perfectum,</strong></span> <span class='ocrx_word' id='word_1_117' title='bbox 2032 2048 2111 2104; x_wconf 91' lang='lat' dir='ltr'><strong>ut</strong></span> <span class='ocrx_word' id='word_1_118' title='bbox 2172 2033 2275 2104; x_wconf 84' lang='lat' dir='ltr'><strong>illi</strong></span> <span class='ocrx_word' id='word_1_119' title='bbox 2332 2033 2545 2130; x_wconf 88' lang='lat' dir='ltr'><strong>plane</strong></span> 
     </span>
     <span class='ocr_line' id='line_1_17' title="bbox 415 2141 2549 2240; baseline -0.002 -24"><span class='ocrx_word' id='word_1_120' title='bbox 415 2169 549 2216; x_wconf 88' lang='lat' dir='ltr'><strong>suo</strong></span> <span class='ocrx_word' id='word_1_121' title='bbox 589 2159 778 2218; x_wconf 87' lang='lat' dir='ltr'><strong>stare</strong></span> <span class='ocrx_word' id='word_1_122' title='bbox 831 2144 1106 2239; x_wconf 87' lang='lat' dir='ltr'><strong>judicio</strong></span> <span class='ocrx_word' id='word_1_123' title='bbox 1157 2167 1307 2213; x_wconf 91' lang='lat' dir='ltr'><strong>non</strong></span> <span class='ocrx_word' id='word_1_124' title='bbox 1359 2141 1636 2229; x_wconf 84' lang='lat' dir='ltr'><strong>liceret,</strong></span> <span class='ocrx_word' id='word_1_125' title='bbox 1692 2167 1925 2240; x_wconf 89' lang='lat' dir='ltr'><strong>quum</strong></span> <span class='ocrx_word' id='word_1_126' title='bbox 1980 2142 2155 2212; x_wconf 81' lang='lat' dir='ltr'><strong>certi</strong></span> <span class='ocrx_word' id='word_1_127' title='bbox 2214 2141 2549 2212; x_wconf 88' lang='lat' dir='ltr'><strong>homines</strong></span> 
     </span>
     <span class='ocr_line' id='line_1_18' title="bbox 417 2250 2546 2351; baseline -0.002 -27"><span class='ocrx_word' id='word_1_128' title='bbox 417 2278 566 2325; x_wconf 93' lang='lat' dir='ltr'><strong>non</strong></span> <span class='ocrx_word' id='word_1_129' title='bbox 627 2253 947 2326; x_wconf 89' lang='lat' dir='ltr'><strong>studium</strong></span> <span class='ocrx_word' id='word_1_130' title='bbox 1005 2254 1159 2351; x_wconf 87' lang='lat' dir='ltr'><strong>ejus</strong></span> <span class='ocrx_word' id='word_1_131' title='bbox 1213 2277 1256 2322; x_wconf 90' lang='lat' dir='ltr'><strong>a</strong></span> <span class='ocrx_word' id='word_1_132' title='bbox 1309 2275 1428 2322; x_wconf 91' lang='lat' dir='ltr'><strong>me</strong></span> <span class='ocrx_word' id='word_1_133' title='bbox 1485 2251 1955 2340; x_wconf 88' lang='lat' dir='ltr'><strong>alienassent‚</strong></span> <span class='ocrx_word' id='word_1_134' title='bbox 2010 2251 2135 2322; x_wconf 84' lang='lat' dir='ltr'><strong>sed</strong></span> <span class='ocrx_word' id='word_1_135' title='bbox 2204 2250 2546 2322; x_wconf 80' lang='lat' dir='ltr'><strong>auxilium</strong></span> 
     </span>
     <span class='ocr_line' id='line_1_19' title="bbox 415 2357 2551 2459; baseline -0.001 -25"><span class='ocrx_word' id='word_1_136' title='bbox 415 2364 920 2439; x_wconf 81' lang='lat' dir='ltr'><strong>retardassent.</strong></span> <span class='ocrx_word' id='word_1_137' title='bbox 949 2357 1210 2436; x_wconf 83' lang='lat' dir='ltr'><strong>Nonne</strong></span> <span class='ocrx_word' id='word_1_138' title='bbox 1249 2360 1360 2434; x_wconf 90' lang='lat' dir='ltr'><strong>ad‘</strong></span> <span class='ocrx_word' id='word_1_139' title='bbox 1377 2377 1449 2434; x_wconf 88' lang='lat' dir='ltr'><strong>te</strong></span> <span class='ocrx_word' id='word_1_140' title='bbox 1476 2368 1555 2434; x_wconf 88' lang='lat' dir='ltr'><strong>L.</strong></span> <span class='ocrx_word' id='word_1_141' title='bbox 1594 2363 1943 2434; x_wconf 89' lang='lat' dir='ltr'><strong>Lentulus</strong></span> <span class='ocrx_word' id='word_1_142' title='bbox 1960 2373 2015 2452; x_wconf 81' lang='lat'><strong>⁴7,</strong></span> <span class='ocrx_word' id='word_1_143' title='bbox 2055 2365 2183 2459; x_wconf 87' lang='lat' dir='ltr'><strong>qui</strong></span> <span class='ocrx_word' id='word_1_144' title='bbox 2210 2377 2367 2433; x_wconf 89' lang='lat' dir='ltr'><strong>tum</strong></span> <span class='ocrx_word' id='word_1_145' title='bbox 2396 2376 2551 2434; x_wconf 86' lang='lat' dir='ltr'><strong>erat</strong></span> 
     </span>
     <span class='ocr_line' id='line_1_20' title="bbox 416 2476 2543 2575; baseline -0.001 -29"><span class='ocrx_word' id='word_1_146' title='bbox 416 2490 701 2575; x_wconf 71' lang='lat' dir='ltr'><strong>praetor,</strong></span> <span class='ocrx_word' id='word_1_147' title='bbox 739 2499 890 2547; x_wconf 90' lang='lat' dir='ltr'><strong>non</strong></span> <span class='ocrx_word' id='word_1_148' title='bbox 928 2476 1017 2564; x_wconf 89' lang='lat' dir='ltr'><strong>Q.</strong></span> <span class='ocrx_word' id='word_1_149' title='bbox 1061 2479 1324 2570; x_wconf 82' lang='lat' dir='ltr'><strong>Sanga,</strong></span> <span class='ocrx_word' id='word_1_150' title='bbox 1359 2496 1511 2544; x_wconf 88' lang='lat' dir='ltr'><strong>non</strong></span> <span class='ocrx_word' id='word_1_151' title='bbox 1548 2477 1628 2560; x_wconf 79' lang='lat' dir='ltr'><strong>L.</strong></span> <span class='ocrx_word' id='word_1_152' title='bbox 1669 2478 2077 2571; x_wconf 85' lang='lat' dir='ltr'><strong>Torquatus</strong></span> <span class='ocrx_word' id='word_1_153' title='bbox 2118 2488 2359 2569; x_wconf 85' lang='lat' dir='ltr'><strong>pater,</strong></span> <span class='ocrx_word' id='word_1_154' title='bbox 2394 2496 2543 2543; x_wconf 90' lang='lat' dir='ltr'><strong>non</strong></span> 
     </span>
     <span class='ocr_line' id='line_1_21' title="bbox 415 2582 2549 2681; baseline 0 -26"><span class='ocrx_word' id='word_1_155' title='bbox 415 2590 514 2656; x_wconf 89' lang='lat' dir='ltr'><strong>M.</strong></span> <span class='ocrx_word' id='word_1_156' title='bbox 547 2584 893 2659; x_wconf 88' lang='lat' dir='ltr'><strong>Lucullus</strong></span> <span class='ocrx_word' id='word_1_157' title='bbox 917 2583 1162 2657; x_wconf 80' lang='lat' dir='ltr'><strong>venit?</strong></span> <span class='ocrx_word' id='word_1_158' title='bbox 1187 2584 1315 2681; x_wconf 87' lang='lat' dir='ltr'><strong>qui</strong></span> <span class='ocrx_word' id='word_1_159' title='bbox 1337 2606 1595 2655; x_wconf 86' lang='lat' dir='ltr'><strong>omnes</strong></span> <span class='ocrx_word' id='word_1_160' title='bbox 1622 2582 1713 2654; x_wconf 86' lang='lat' dir='ltr'><strong>ad</strong></span> <span class='ocrx_word' id='word_1_161' title='bbox 1741 2608 1907 2655; x_wconf 84' lang='lat' dir='ltr'><strong>eum</strong></span> <span class='ocrx_word' id='word_1_162' title='bbox 1928 2637 1948 2672; x_wconf 86' lang='lat'>‚</span> <span class='ocrx_word' id='word_1_163' title='bbox 1986 2582 2347 2681; x_wconf 71' lang='lat' dir='ltr'><strong>multique,</strong></span> <span class='ocrx_word' id='word_1_164' title='bbox 2363 2608 2549 2655; x_wconf 90' lang='lat' dir='ltr'><strong>mor·</strong></span> 
     </span>
     <span class='ocr_line' id='line_1_22' title="bbox 419 2686 2548 2791; baseline -0 -26"><span class='ocrx_word' id='word_1_165' title='bbox 419 2696 592 2767; x_wconf 86' lang='lat' dir='ltr'><strong>tales</strong></span> <span class='ocrx_word' id='word_1_166' title='bbox 632 2709 920 2767; x_wconf 86' lang='lat' dir='ltr'><strong>oratum</strong></span> <span class='ocrx_word' id='word_1_167' title='bbox 961 2696 1038 2765; x_wconf 88' lang='lat' dir='ltr'><strong>iu</strong></span> <span class='ocrx_word' id='word_1_168' title='bbox 1073 2686 1480 2764; x_wconf 78' lang='lat' dir='ltr'><strong>Albanum⁸</strong></span> <span class='ocrx_word' id='word_1_169' title='bbox 1517 2691 2121 2791; x_wconf 86' lang='lat' dir='ltr'><strong>obsecratumque</strong></span> <span class='ocrx_word' id='word_1_170' title='bbox 2162 2707 2510 2766; x_wconf 83' lang='lat' dir='ltr'><strong>venerant</strong></span> <span class='ocrx_word' id='word_1_171' title='bbox 2530 2748 2548 2781; x_wconf 92' lang='lat'>‚</span> 
     </span>
    </p>
   </div>
   <div class='ocr_carea' id='block_1_3' title="bbox 416 2907 1444 4162">
    <p class='ocr_par' dir='ltr' id='par_1_3' title="bbox 416 2907 1442 3279">
     <span class='ocr_line' id='line_1_23' title="bbox 489 2907 1442 2969; baseline -0.006 -9"><span class='ocrx_word' id='word_1_172' title='bbox 489 2912 544 2960; x_wconf 80' lang='lat'><strong>3.</strong></span> <span class='ocrx_word' id='word_1_173' title='bbox 603 2910 852 2961; x_wconf 67' lang='lat' dir='ltr'><strong>Omnium.</strong></span> <span class='ocrx_word' id='word_1_174' title='bbox 901 2908 1138 2969; x_wconf 67' lang='lat' dir='ltr'><strong>emi-io,</strong></span> <span class='ocrx_word' id='word_1_175' title='bbox 1181 2907 1342 2959; x_wconf 78' lang='lat' dir='ltr'><strong>Crassi</strong></span> <span class='ocrx_word' id='word_1_176' title='bbox 1389 2916 1442 2955; x_wconf 86' lang='lat' dir='ltr'><strong>et</strong></span> 
     </span>
     <span class='ocr_line' id='line_1_24' title="bbox 419 2985 1440 3057; baseline -0.008 -18"><span class='ocrx_word' id='word_1_177' title='bbox 419 2991 672 3057; x_wconf 81' lang='lat' dir='ltr'><strong>Pompeii:</strong></span> <span class='ocrx_word' id='word_1_178' title='bbox 705 2990 862 3040; x_wconf 81' lang='lat' dir='ltr'><strong>Crassi</strong></span> <span class='ocrx_word' id='word_1_179' title='bbox 899 2988 1079 3037; x_wconf 85' lang='lat' dir='ltr'><strong>nullam</strong></span> <span class='ocrx_word' id='word_1_180' title='bbox 1114 2998 1282 3052; x_wconf 82' lang='lat' dir='ltr'><strong>postea</strong></span> <span class='ocrx_word' id='word_1_181' title='bbox 1323 2985 1440 3033; x_wconf 75' lang='lat' dir='ltr'><strong>facit</strong></span> 
     </span>
     <span class='ocr_line' id='line_1_25' title="bbox 416 3066 1440 3119; baseline -0.005 -3"><span class='ocrx_word' id='word_1_182' title='bbox 416 3072 749 3119; x_wconf 79' lang='lat' dir='ltr'><strong>mentionem:</strong></span> <span class='ocrx_word' id='word_1_183' title='bbox 790 3085 890 3118; x_wconf 81' lang='lat' dir='ltr'><strong>vox</strong></span> <span class='ocrx_word' id='word_1_184' title='bbox 922 3078 1082 3116; x_wconf 85' lang='lat' dir='ltr'><strong>tamen</strong></span> <span class='ocrx_word' id='word_1_185' title='bbox 1113 3066 1328 3115; x_wconf 78' lang='lat' dir='ltr'><strong>omnium</strong></span> <span class='ocrx_word' id='word_1_186' title='bbox 1361 3078 1440 3111; x_wconf 85' lang='lat' dir='ltr'><strong>me</strong></span> 
     </span>
     <span class='ocr_line' id='line_1_26' title="bbox 419 3144 1440 3211; baseline -0.006 -12"><span class='ocrx_word' id='word_1_187' title='bbox 419 3148 642 3211; x_wconf 73' lang='lat' dir='ltr'><strong>indnu‘t,</strong></span> <span class='ocrx_word' id='word_1_188' title='bbox 663 3160 722 3200; x_wconf 85' lang='lat' dir='ltr'><strong>nt</strong></span> <span class='ocrx_word' id='word_1_189' title='bbox 745 3150 948 3207; x_wconf 69' lang='lat' dir='ltr'><strong>addam</strong></span> <span class='ocrx_word' id='word_1_190' title='bbox 975 3164 1080 3197; x_wconf 82' lang='lat' dir='ltr'><strong>non</strong></span> <span class='ocrx_word' id='word_1_191' title='bbox 1103 3148 1232 3197; x_wconf 78' lang='lat' dir='ltr'><strong>enim</strong></span> <span class='ocrx_word' id='word_1_192' title='bbox 1258 3144 1440 3195; x_wconf 75' lang='lat' dir='ltr'><strong>dieitur</strong></span> 
     </span>
     <span class='ocr_line' id='line_1_27' title="bbox 425 3229 716 3279; baseline 0 -2"><span class='ocrx_word' id='word_1_193' title='bbox 425 3230 486 3279; x_wconf 82' lang='lat' dir='ltr'><strong>de</strong></span> <span class='ocrx_word' id='word_1_194' title='bbox 507 3229 716 3279; x_wconf 80' lang='lat' dir='ltr'><strong>dnobus.</strong></span> 
     </span>
    </p>

    <p class='ocr_par' dir='ltr' id='par_1_4' title="bbox 421 3305 1442 3689">
     <span class='ocr_line' id='line_1_28' title="bbox 496 3305 1436 3364; baseline -0.006 -6"><span class='ocrx_word' id='word_1_195' title='bbox 496 3315 544 3364; x_wconf 73' lang='grc'><strong>4.</strong></span> <span class='ocrx_word' id='word_1_196' title='bbox 580 3307 736 3357; x_wconf 68' lang='lat' dir='ltr'><strong>Simu!</strong></span> <span class='ocrx_word' id='word_1_197' title='bbox 766 3322 948 3355; x_wconf 71' lang='lat' dir='ltr'><strong>eorum.</strong></span> <span class='ocrx_word' id='word_1_198' title='bbox 981 3306 1168 3355; x_wconf 77' lang='lat' dir='ltr'><strong>Vatinii</strong></span> <span class='ocrx_word' id='word_1_199' title='bbox 1197 3305 1436 3353; x_wconf 80' lang='lat' dir='ltr'><strong>maxime:</strong></span> 
     </span>
     <span class='ocr_line' id='line_1_29' title="bbox 423 3384 1438 3453; baseline -0.003 -17"><span class='ocrx_word' id='word_1_200' title='bbox 423 3402 568 3453; x_wconf 74' lang='lat' dir='ltr'><strong>quern</strong></span> <span class='ocrx_word' id='word_1_201' title='bbox 604 3396 794 3435; x_wconf 72' lang='lat' dir='ltr'><strong>constat</strong></span> <span class='ocrx_word' id='word_1_202' title='bbox 817 3396 870 3435; x_wconf 83' lang='lat' dir='ltr'><strong>et</strong></span> <span class='ocrx_word' id='word_1_203' title='bbox 898 3386 1134 3451; x_wconf 76' lang='lat' dir='ltr'><strong>Pompeio</strong></span> <span class='ocrx_word' id='word_1_204' title='bbox 1160 3384 1438 3433; x_wconf 71' lang='lat' dir='ltr'><strong>familiarem</strong></span> 
     </span>
     <span class='ocr_line' id='line_1_30' title="bbox 423 3463 1440 3529; baseline -0.001 -16"><span class='ocrx_word' id='word_1_205' title='bbox 423 3465 569 3514; x_wconf 75' lang='lat' dir='ltr'><strong>fuisse</strong></span> <span class='ocrx_word' id='word_1_206' title='bbox 593 3480 660 3513; x_wconf 74' lang='lat' dir='ltr'><strong>ez</strong></span> <span class='ocrx_word' id='word_1_207' title='bbox 679 3463 902 3529; x_wconf 78' lang='lat' dir='ltr'><strong>epistolis</strong></span> <span class='ocrx_word' id='word_1_208' title='bbox 928 3466 992 3513; x_wconf 78' lang='lat' dir='ltr'><strong>ad</strong></span> <span class='ocrx_word' id='word_1_209' title='bbox 1020 3464 1236 3513; x_wconf 80' lang='lat' dir='ltr'><strong>Atticum</strong></span> <span class='ocrx_word' id='word_1_210' title='bbox 1256 3498 1272 3523; x_wconf 88' lang='lat'><strong>,</strong></span> <span class='ocrx_word' id='word_1_211' title='bbox 1295 3474 1348 3512; x_wconf 81' lang='lat' dir='ltr'><strong>et</strong></span> <span class='ocrx_word' id='word_1_212' title='bbox 1369 3464 1440 3512; x_wconf 87' lang='lat' dir='ltr'><strong>ei-</strong></span> 
     </span>
     <span class='ocr_line' id='line_1_31' title="bbox 423 3544 1442 3610; baseline -0.001 -17"><span class='ocrx_word' id='word_1_213' title='bbox 423 3544 536 3593; x_wconf 80' lang='lat' dir='ltr'><strong>dem</strong></span> <span class='ocrx_word' id='word_1_214' title='bbox 562 3544 796 3610; x_wconf 79' lang='lat' dir='ltr'><strong>Pompeio</strong></span> <span class='ocrx_word' id='word_1_215' title='bbox 820 3556 1065 3595; x_wconf 76' lang='lat' dir='ltr'><strong>auctorem</strong></span> <span class='ocrx_word' id='word_1_216' title='bbox 1081 3578 1096 3604; x_wconf 91' lang='lat'>,</span> <span class='ocrx_word' id='word_1_217' title='bbox 1127 3553 1184 3591; x_wconf 89' lang='lat' dir='ltr'><strong>nt</strong></span> <span class='ocrx_word' id='word_1_218' title='bbox 1216 3544 1442 3593; x_wconf 75' lang='lat' dir='ltr'><strong>Ciceroni</strong></span> 
     </span>
     <span class='ocr_line' id='line_1_32' title="bbox 421 3634 906 3689; baseline -0.004 -16"><span class='ocrx_word' id='word_1_219' title='bbox 421 3634 608 3689; x_wconf 77' lang='lat' dir='ltr'><strong>pestem</strong></span> <span class='ocrx_word' id='word_1_220' title='bbox 632 3634 906 3673; x_wconf 64' lang='lat' dir='ltr'><strong>numeret.</strong></span> 
     </span>
    </p>

    <p class='ocr_par' dir='ltr' id='par_1_5' title="bbox 421 3702 1442 3846">
     <span class='ocr_line' id='line_1_33' title="bbox 493 3702 1442 3765; baseline -0.001 -16"><span class='ocrx_word' id='word_1_221' title='bbox 493 3703 547 3749; x_wconf 86' lang='lat'><strong>5.</strong></span> <span class='ocrx_word' id='word_1_222' title='bbox 573 3702 896 3753; x_wconf 65' lang='lat' dir='ltr'><strong>Baeeludner.</strong></span> <span class='ocrx_word' id='word_1_223' title='bbox 923 3705 1156 3752; x_wconf 79' lang='lat' dir='ltr'><strong>sermone</strong></span> <span class='ocrx_word' id='word_1_224' title='bbox 1173 3702 1280 3763; x_wconf 75' lang='lat' dir='ltr'><strong>eins</strong></span> <span class='ocrx_word' id='word_1_225' title='bbox 1294 3712 1442 3765; x_wconf 82' lang='lat' dir='ltr'><strong>atque</strong></span> 
     </span>
     <span class='ocr_line' id='line_1_34' title="bbox 421 3781 1318 3846; baseline -0.004 -14"><span class='ocrx_word' id='word_1_226' title='bbox 421 3782 558 3832; x_wconf 82' lang='lat' dir='ltr'><strong>aditu</strong></span> <span class='ocrx_word' id='word_1_227' title='bbox 582 3781 882 3846; x_wconf 81' lang='lat' dir='ltr'><strong>prohiberer.</strong></span> <span class='ocrx_word' id='word_1_228' title='bbox 1309 3782 1318 3793; x_wconf 75' lang='lat'><em>⁶</em></span> 
     </span>
    </p>

    <p class='ocr_par' dir='ltr' id='par_1_6' title="bbox 423 3858 1444 4162">
     <span class='ocr_line' id='line_1_35' title="bbox 494 3858 1443 3923; baseline -0.002 -14"><span class='ocrx_word' id='word_1_229' title='bbox 494 3863 548 3909; x_wconf 78' lang='lat'><strong>6.</strong></span> <span class='ocrx_word' id='word_1_230' title='bbox 571 3861 752 3923; x_wconf 72' lang='lat' dir='ltr'><strong>Quibus</strong></span> <span class='ocrx_word' id='word_1_231' title='bbox 773 3862 928 3911; x_wconf 70' lang='lat' dir='ltr'><strong>rebus.</strong></span> <span class='ocrx_word' id='word_1_232' title='bbox 949 3859 1142 3923; x_wconf 79' lang='lat' dir='ltr'><strong>Quibus</strong></span> <span class='ocrx_word' id='word_1_233' title='bbox 1160 3858 1369 3919; x_wconf 79' lang='lat' dir='ltr'><strong>Vatinii,</strong></span> <span class='ocrx_word' id='word_1_234' title='bbox 1392 3870 1443 3907; x_wconf 90' lang='lat' dir='ltr'><strong>et</strong></span> 
     </span>
     <span class='ocr_line' id='line_1_36' title="bbox 423 3938 1443 4003; baseline -0.005 -14"><span class='ocrx_word' id='word_1_235' title='bbox 423 3940 630 3989; x_wconf 79' lang='lat' dir='ltr'><strong>aliorum</strong></span> <span class='ocrx_word' id='word_1_236' title='bbox 667 3938 989 3987; x_wconf 78' lang='lat' dir='ltr'><strong>delationibus</strong></span> <span class='ocrx_word' id='word_1_237' title='bbox 1003 3974 1018 3997; x_wconf 88' lang='lat'><strong>,</strong></span> <span class='ocrx_word' id='word_1_238' title='bbox 1047 3938 1134 4003; x_wconf 85' lang='lat' dir='ltr'><strong>qni</strong></span> <span class='ocrx_word' id='word_1_239' title='bbox 1167 3952 1443 3987; x_wconf 82' lang='lat' dir='ltr'><strong>sermonum</strong></span> 
     </span>
     <span class='ocr_line' id='line_1_37' title="bbox 423 4017 1444 4067; baseline -0.004 0"><span class='ocrx_word' id='word_1_240' title='bbox 423 4034 628 4067; x_wconf 82' lang='lat' dir='ltr'><strong>suornm</strong></span> <span class='ocrx_word' id='word_1_241' title='bbox 654 4018 956 4065; x_wconf 70' lang='lat' dir='ltr'><strong>douleilintn</strong></span> <span class='ocrx_word' id='word_1_242' title='bbox 985 4020 1038 4066; x_wconf 88' lang='lat' dir='ltr'><strong>in</strong></span> <span class='ocrx_word' id='word_1_243' title='bbox 1071 4017 1270 4065; x_wconf 83' lang='lat' dir='ltr'><strong>auribus</strong></span> <span class='ocrx_word' id='word_1_244' title='bbox 1301 4018 1444 4064; x_wconf 80' lang='lat' dir='ltr'><strong>Pom·</strong></span> 
     </span>
     <span class='ocr_line' id='line_1_38' title="bbox 428 4095 1444 4162; baseline -0.001 -17"><span class='ocrx_word' id='word_1_245' title='bbox 428 4098 524 4162; x_wconf 80' lang='lat' dir='ltr'><strong>peii</strong></span> <span class='ocrx_word' id='word_1_246' title='bbox 545 4095 870 4153; x_wconf 74' lang='lat' dir='ltr'><strong>collocaram,</strong></span> <span class='ocrx_word' id='word_1_247' title='bbox 886 4098 1152 4160; x_wconf 80' lang='lat' dir='ltr'><strong>perfectum</strong></span> <span class='ocrx_word' id='word_1_248' title='bbox 1173 4104 1272 4156; x_wconf 83' lang='lat' dir='ltr'><strong>est,</strong></span> <span class='ocrx_word' id='word_1_249' title='bbox 1291 4096 1444 4144; x_wconf 77' lang='lat' dir='ltr'><strong>atille</strong></span> 
     </span>
    </p>
   </div>
   <div class='ocr_carea' id='block_1_4' title="bbox 1526 2906 2553 4157">
    <p class='ocr_par' dir='ltr' id='par_1_7' title="bbox 1528 2906 2551 3131">
     <span class='ocr_line' id='line_1_39' title="bbox 1528 2906 2551 2973; baseline 0.005 -18"><span class='ocrx_word' id='word_1_250' title='bbox 1528 2906 1649 2955; x_wconf 79' lang='lat' dir='ltr'><strong>mihi</strong></span> <span class='ocrx_word' id='word_1_251' title='bbox 1682 2909 1919 2957; x_wconf 77' lang='lat' dir='ltr'><strong>auxilinm</strong></span> <span class='ocrx_word' id='word_1_252' title='bbox 1956 2924 2059 2957; x_wconf 88' lang='lat' dir='ltr'><strong>non</strong></span> <span class='ocrx_word' id='word_1_253' title='bbox 2096 2908 2365 2973; x_wconf 66' lang='lat' dir='ltr'><strong>preberet,</strong></span> <span class='ocrx_word' id='word_1_254' title='bbox 2404 2922 2461 2959; x_wconf 86' lang='lat' dir='ltr'><strong>nt</strong></span> <span class='ocrx_word' id='word_1_255' title='bbox 2501 2924 2551 2960; x_wconf 86' lang='lat' dir='ltr'><strong>et</strong></span> 
     </span>
     <span class='ocr_line' id='line_1_40' title="bbox 1528 2986 2547 3051; baseline 0.005 -17"><span class='ocrx_word' id='word_1_256' title='bbox 1528 2986 1781 3051; x_wconf 82' lang='lat' dir='ltr'><strong>cupiebat,</strong></span> <span class='ocrx_word' id='word_1_257' title='bbox 1802 3000 1852 3036; x_wconf 85' lang='lat' dir='ltr'><strong>et</strong></span> <span class='ocrx_word' id='word_1_258' title='bbox 1875 2988 2149 3037; x_wconf 83' lang='lat' dir='ltr'><strong>faciendum</strong></span> <span class='ocrx_word' id='word_1_259' title='bbox 2169 3004 2270 3036; x_wconf 82' lang='lat' dir='ltr'><strong>esse</strong></span> <span class='ocrx_word' id='word_1_260' title='bbox 2288 2988 2513 3039; x_wconf 78' lang='lat' dir='ltr'><strong>censebat</strong></span> <span class='ocrx_word' id='word_1_261' title='bbox 2530 3007 2547 3051; x_wconf 74' lang='grc' dir='ltr'><strong>ς</strong></span> 
     </span>
     <span class='ocr_line' id='line_1_41' title="bbox 1528 3064 2546 3131; baseline 0.004 -18"><span class='ocrx_word' id='word_1_262' title='bbox 1528 3064 1705 3113; x_wconf 78' lang='lat' dir='ltr'><strong>sedne</strong></span> <span class='ocrx_word' id='word_1_263' title='bbox 1718 3066 1928 3114; x_wconf 82' lang='lat' dir='ltr'><strong>inimicis</strong></span> <span class='ocrx_word' id='word_1_264' title='bbox 1946 3068 2219 3131; x_wconf 79' lang='lat' dir='ltr'><strong>projectum</strong></span> <span class='ocrx_word' id='word_1_265' title='bbox 2240 3066 2546 3129; x_wconf 82' lang='lat' dir='ltr'><strong>relinqueret.</strong></span> 
     </span>
    </p>

    <p class='ocr_par' dir='ltr' id='par_1_8' title="bbox 1526 3144 2553 3829">
     <span class='ocr_line' id='line_1_42' title="bbox 1600 3144 2553 3205; baseline 0.002 -12"><span class='ocrx_word' id='word_1_266' title='bbox 1600 3161 1651 3205; x_wconf 77' lang='lat'><strong>⁴7.</strong></span> <span class='ocrx_word' id='word_1_267' title='bbox 1680 3148 1733 3195; x_wconf 80' lang='lat' dir='ltr'><strong>L.</strong></span> <span class='ocrx_word' id='word_1_268' title='bbox 1750 3144 1995 3193; x_wconf 72' lang='lat' dir='ltr'><strong>Lentulus.</strong></span> <span class='ocrx_word' id='word_1_269' title='bbox 2018 3148 2077 3194; x_wconf 84' lang='lat' dir='ltr'><strong>L.</strong></span> <span class='ocrx_word' id='word_1_270' title='bbox 2096 3144 2353 3195; x_wconf 78' lang='lat' dir='ltr'><strong>Cornelius</strong></span> <span class='ocrx_word' id='word_1_271' title='bbox 2372 3147 2553 3195; x_wconf 74' lang='lat' dir='ltr'><strong>Iaentn-</strong></span> 
     </span>
     <span class='ocr_line' id='line_1_43' title="bbox 1526 3224 2545 3288; baseline 0.003 -16"><span class='ocrx_word' id='word_1_272' title='bbox 1526 3224 1603 3272; x_wconf 86' lang='lat' dir='ltr'><strong>lns</strong></span> <span class='ocrx_word' id='word_1_273' title='bbox 1616 3257 1631 3282; x_wconf 92' lang='lat'>,</span> <span class='ocrx_word' id='word_1_274' title='bbox 1660 3225 1747 3288; x_wconf 84' lang='lat' dir='ltr'><strong>qni</strong></span> <span class='ocrx_word' id='word_1_275' title='bbox 1773 3224 2083 3273; x_wconf 80' lang='lat' dir='ltr'><strong>consulatum</strong></span> <span class='ocrx_word' id='word_1_276' title='bbox 2110 3240 2223 3272; x_wconf 79' lang='lat' dir='ltr'><strong>enm</strong></span> <span class='ocrx_word' id='word_1_277' title='bbox 2250 3224 2305 3273; x_wconf 92' lang='lat' dir='ltr'><strong>C.</strong></span> <span class='ocrx_word' id='word_1_278' title='bbox 2337 3224 2545 3275; x_wconf 82' lang='lat' dir='ltr'><strong>Claudio</strong></span> 
     </span>
     <span class='ocr_line' id='line_1_44' title="bbox 1526 3300 2552 3368; baseline 0.001 -17"><span class='ocrx_word' id='word_1_279' title='bbox 1526 3302 1763 3351; x_wconf 71' lang='lat' dir='ltr'><strong>Marcello</strong></span> <span class='ocrx_word' id='word_1_280' title='bbox 1809 3305 1955 3367; x_wconf 71' lang='lat' dir='ltr'><strong>gessit</strong></span> <span class='ocrx_word' id='word_1_281' title='bbox 1972 3338 1989 3363; x_wconf 89' lang='lat'><strong>,</strong></span> <span class='ocrx_word' id='word_1_282' title='bbox 2032 3304 2194 3368; x_wconf 80' lang='lat' dir='ltr'><strong>primo</strong></span> <span class='ocrx_word' id='word_1_283' title='bbox 2236 3300 2353 3351; x_wconf 68' lang='lat' dir='ltr'><strong>boui</strong></span> <span class='ocrx_word' id='word_1_284' title='bbox 2395 3302 2552 3352; x_wconf 80' lang='lat' dir='ltr'><strong>civilis</strong></span> 
     </span>
     <span class='ocr_line' id='line_1_45' title="bbox 1526 3380 2547 3449; baseline 0.002 -18"><span class='ocrx_word' id='word_1_285' title='bbox 1526 3398 1673 3432; x_wconf 85' lang='lat' dir='ltr'><strong>anno.</strong></span> <span class='ocrx_word' id='word_1_286' title='bbox 1712 3386 1777 3448; x_wconf 89' lang='lat' dir='ltr'><strong>Q.</strong></span> <span class='ocrx_word' id='word_1_287' title='bbox 1816 3386 1971 3449; x_wconf 72' lang='lat' dir='ltr'><strong>Sanga</strong></span> <span class='ocrx_word' id='word_1_288' title='bbox 2016 3399 2044 3432; x_wconf 94' lang='lat' dir='ltr'><strong>a</strong></span> <span class='ocrx_word' id='word_1_289' title='bbox 2094 3380 2253 3431; x_wconf 77' lang='lat' dir='ltr'><strong>Fabiis</strong></span> <span class='ocrx_word' id='word_1_290' title='bbox 2289 3382 2547 3433; x_wconf 76' lang='lat' dir='ltr'><strong>oriundus.</strong></span> 
     </span>
     <span class='ocr_line' id='line_1_46' title="bbox 1527 3462 2548 3529; baseline -0.003 -16"><span class='ocrx_word' id='word_1_291' title='bbox 1527 3464 1807 3528; x_wconf 73' lang='lat' dir='ltr'><strong>Torquatus</strong></span> <span class='ocrx_word' id='word_1_292' title='bbox 1832 3475 1971 3529; x_wconf 80' lang='lat' dir='ltr'><strong>pater</strong></span> <span class='ocrx_word' id='word_1_293' title='bbox 1988 3462 2293 3512; x_wconf 69' lang='lat' dir='ltr'><strong>consul-tum</strong></span> <span class='ocrx_word' id='word_1_294' title='bbox 2318 3462 2548 3511; x_wconf 82' lang='lat' dir='ltr'><strong>obtinue-</strong></span> 
     </span>
     <span class='ocr_line' id='line_1_47' title="bbox 1527 3542 2552 3608; baseline -0.001 -16"><span class='ocrx_word' id='word_1_295' title='bbox 1527 3554 1602 3592; x_wconf 85' lang='lat' dir='ltr'><strong>rat</strong></span> <span class='ocrx_word' id='word_1_296' title='bbox 1616 3576 1632 3605; x_wconf 87' lang='lat'>‚</span> <span class='ocrx_word' id='word_1_297' title='bbox 1661 3558 1815 3608; x_wconf 80' lang='lat' dir='ltr'><strong>quum</strong></span> <span class='ocrx_word' id='word_1_298' title='bbox 1834 3543 2219 3605; x_wconf 80' lang='lat' dir='ltr'><strong>coniurationem</strong></span> <span class='ocrx_word' id='word_1_299' title='bbox 2244 3542 2391 3591; x_wconf 79' lang='lat' dir='ltr'><strong>iniret</strong></span> <span class='ocrx_word' id='word_1_300' title='bbox 2414 3542 2521 3591; x_wconf 89' lang='lat' dir='ltr'><strong>Cati</strong></span> <span class='ocrx_word' id='word_1_301' title='bbox 2527 3568 2552 3581; x_wconf 90' lang='lat'>-</span> 
     </span>
     <span class='ocr_line' id='line_1_48' title="bbox 1527 3620 2549 3685; baseline -0.004 -14"><span class='ocrx_word' id='word_1_302' title='bbox 1527 3622 1643 3671; x_wconf 81' lang='lat' dir='ltr'><strong>lina.</strong></span> <span class='ocrx_word' id='word_1_303' title='bbox 1664 3624 1741 3671; x_wconf 77' lang='lat' dir='ltr'><strong>M.</strong></span> <span class='ocrx_word' id='word_1_304' title='bbox 1766 3621 2021 3680; x_wconf 79' lang='lat' dir='ltr'><strong>Lucullus,</strong></span> <span class='ocrx_word' id='word_1_305' title='bbox 2044 3622 2159 3669; x_wconf 85' lang='lat' dir='ltr'><strong>satis</strong></span> <span class='ocrx_word' id='word_1_306' title='bbox 2176 3632 2327 3669; x_wconf 84' lang='lat' dir='ltr'><strong>notus</strong></span> <span class='ocrx_word' id='word_1_307' title='bbox 2344 3620 2549 3685; x_wconf 66' lang='lat' dir='ltr'><strong>egregiis</strong></span> 
     </span>
     <span class='ocr_line' id='line_1_49' title="bbox 1527 3698 2543 3750; baseline -0.003 0"><span class='ocrx_word' id='word_1_308' title='bbox 1527 3700 1827 3750; x_wconf 69' lang='lat' dir='ltr'><strong>facinoribus</strong></span> <span class='ocrx_word' id='word_1_309' title='bbox 1856 3702 1910 3749; x_wconf 88' lang='lat' dir='ltr'><strong>in</strong></span> <span class='ocrx_word' id='word_1_310' title='bbox 1942 3698 2075 3749; x_wconf 79' lang='lat' dir='ltr'><strong>beno</strong></span> <span class='ocrx_word' id='word_1_311' title='bbox 2097 3701 2327 3749; x_wconf 80' lang='lat' dir='ltr'><strong>adversus</strong></span> <span class='ocrx_word' id='word_1_312' title='bbox 2352 3700 2543 3747; x_wconf 80' lang='lat' dir='ltr'><strong>Mithri-</strong></span> 
     </span>
     <span class='ocr_line' id='line_1_50' title="bbox 1528 3779 1865 3829; baseline -0.012 0"><span class='ocrx_word' id='word_1_313' title='bbox 1528 3780 1689 3829; x_wconf 77' lang='lat' dir='ltr'><strong>datem</strong></span> <span class='ocrx_word' id='word_1_314' title='bbox 1708 3779 1865 3827; x_wconf 79' lang='lat' dir='ltr'><strong>editis.</strong></span> 
     </span>
    </p>

    <p class='ocr_par' dir='ltr' id='par_1_9' title="bbox 1530 3857 2553 4157">
     <span class='ocr_line' id='line_1_51' title="bbox 1601 3857 2551 3908; baseline -0.004 -2"><span class='ocrx_word' id='word_1_315' title='bbox 1601 3861 1653 3908; x_wconf 81' lang='lat'><strong>8.</strong></span> <span class='ocrx_word' id='word_1_316' title='bbox 1676 3862 1737 3907; x_wconf 78' lang='lat' dir='ltr'><strong>In</strong></span> <span class='ocrx_word' id='word_1_317' title='bbox 1760 3858 2023 3908; x_wconf 76' lang='lat' dir='ltr'><strong>Albanum.</strong></span> <span class='ocrx_word' id='word_1_318' title='bbox 2050 3857 2269 3906; x_wconf 73' lang='lat' dir='ltr'><strong>Fundam</strong></span> <span class='ocrx_word' id='word_1_319' title='bbox 2288 3857 2381 3906; x_wconf 88' lang='lat' dir='ltr'><strong>Cn.</strong></span> <span class='ocrx_word' id='word_1_320' title='bbox 2400 3858 2551 3904; x_wconf 78' lang='lat' dir='ltr'><strong>Pom·</strong></span> 
     </span>
     <span class='ocr_line' id='line_1_52' title="bbox 1530 3934 2549 4003; baseline -0.004 -18"><span class='ocrx_word' id='word_1_321' title='bbox 1530 3938 1629 4003; x_wconf 81' lang='lat' dir='ltr'><strong>peii</strong></span> <span class='ocrx_word' id='word_1_322' title='bbox 1646 3952 1658 3984; x_wconf 75' lang='grc' dir='ltr'>ε</span> <span class='ocrx_word' id='word_1_323' title='bbox 1679 3936 1920 3985; x_wconf 65' lang='lat' dir='ltr'><strong>Plutarch.</strong></span> <span class='ocrx_word' id='word_1_324' title='bbox 1936 3934 2106 3984; x_wconf 78' lang='lat' dir='ltr'><strong>scribit</strong></span> <span class='ocrx_word' id='word_1_325' title='bbox 2116 3970 2132 3991; x_wconf 81' lang='grc'>,</span> <span class='ocrx_word' id='word_1_326' title='bbox 2146 3952 2257 3984; x_wconf 81' lang='lat' dir='ltr'><strong>enm</strong></span> <span class='ocrx_word' id='word_1_327' title='bbox 2274 3935 2382 3982; x_wconf 83' lang='lat' dir='ltr'><strong>data</strong></span> <span class='ocrx_word' id='word_1_328' title='bbox 2402 3950 2549 3997; x_wconf 82' lang='lat' dir='ltr'><strong>opera</strong></span> 
     </span>
     <span class='ocr_line' id='line_1_53' title="bbox 1532 4014 2553 4078; baseline -0.003 -13"><span class='ocrx_word' id='word_1_329' title='bbox 1532 4034 1593 4065; x_wconf 87' lang='lat' dir='ltr'><strong>eo</strong></span> <span class='ocrx_word' id='word_1_330' title='bbox 1613 4016 1859 4064; x_wconf 73' lang='lat' dir='ltr'><strong>accessisse</strong></span> <span class='ocrx_word' id='word_1_331' title='bbox 1874 4049 1888 4073; x_wconf 92' lang='lat'><strong>,</strong></span> <span class='ocrx_word' id='word_1_332' title='bbox 1912 4028 1963 4063; x_wconf 86' lang='lat' dir='ltr'><strong>et</strong></span> <span class='ocrx_word' id='word_1_333' title='bbox 1988 4030 2139 4078; x_wconf 82' lang='lat' dir='ltr'><strong>quum</strong></span> <span class='ocrx_word' id='word_1_334' title='bbox 2162 4015 2225 4061; x_wconf 86' lang='lat' dir='ltr'><strong>ad</strong></span> <span class='ocrx_word' id='word_1_335' title='bbox 2248 4029 2359 4062; x_wconf 85' lang='lat' dir='ltr'><strong>eum</strong></span> <span class='ocrx_word' id='word_1_336' title='bbox 2379 4014 2553 4062; x_wconf 73' lang='lat' dir='ltr'><strong>cicero</strong></span> 
     </span>
     <span class='ocr_line' id='line_1_54' title="bbox 1532 4092 2528 4157; baseline -0.003 -13"><span class='ocrx_word' id='word_1_337' title='bbox 1532 4094 1738 4144; x_wconf 72' lang='lat' dir='ltr'><strong>venisset</strong></span> <span class='ocrx_word' id='word_1_338' title='bbox 1756 4129 1770 4154; x_wconf 90' lang='lat'>,</span> <span class='ocrx_word' id='word_1_339' title='bbox 1794 4109 1881 4157; x_wconf 83' lang='lat' dir='ltr'><strong>per</strong></span> <span class='ocrx_word' id='word_1_340' title='bbox 1894 4093 2139 4156; x_wconf 78' lang='lat' dir='ltr'><strong>posticum</strong></span> <span class='ocrx_word' id='word_1_341' title='bbox 2156 4108 2209 4139; x_wconf 81' lang='lat' dir='ltr'><strong>se</strong></span> <span class='ocrx_word' id='word_1_342' title='bbox 2226 4092 2528 4141; x_wconf 72' lang='lat' dir='ltr'><strong>subduxisse.</strong></span> 
     </span>
    </p>
   </div>
  </div>
 </body>
</html>
