2996 4694
505 395 596 440 αα
1141 375 1240 444 Μ.
1291 375 1369 444 Τ.
1422 374 1991 446 CICERONIS

501 515 711 590 agam
763 490 1128 565 moderate
1147 546 1168 580 ,
1223 507 1296 566 et
1354 494 1530 568 huic
1578 496 1818 593 potius
1872 490 2233 591 tempor-1⁶
2284 495 2581 566 serviam
2602 551 2625 584 ,

503 626 726 700 quam
761 601 996 674 dolori
1029 627 1193 678 meo
1222 632 1240 674 z
1287 605 1346 676 si
1379 608 1507 703 qui
1544 605 1829 678 occulte
1860 629 1903 676 a
1938 603 2166 680 salute
2202 617 2449 676 nostra
2484 604 2627 678 ‹lis-

502 716 862 799 sentiunt‚
899 713 1199 803 lateant;
1242 717 1304 790 si
1339 719 1468 814 qui
1504 714 1835 789 fecerunt
1879 713 2151 812 aliquid
2194 713 2585 812 aliquando
2608 769 2629 802 ‚

499 837 720 920 atque
753 822 974 902 iidem
1019 849 1216 896 nunc
1265 839 1507 898 tacent
1556 841 1631 898 et
1678 827 2101 923 quiescunt,
2144 849 2283 896 nos
2329 848 2627 921 quoque

499 935 721 1004 simus
763 931 1004 1023 obliti3
1035 935 1096 1004 si
1125 935 1256 1031 qui
1285 959 1362 1008 se
1395 933 1711 1010 offerunt
1746 935 2143 1010 insolenter
2178 948 2253 1006 et
2282 934 2629 1006 insectan-

495 1059 620 1114 tur
631 1056 684 1133 ⁷,
708 1041 957 1140 quoad
984 1042 1158 1120 ferri
1183 1060 1533 1141 poterunt
1554 1099 1576 1136 ,
1606 1043 2088 1143 perferemus3
2117 1067 2357 1140 neque
2382 1065 2630 1139 quem·

495 1179 716 1251 quam
754 1152 1082 1226 offendet
1117 1159 1350 1226 oratio
1384 1178 1583 1244 mea,
1637 1156 1773 1226 nisi
1818 1156 1946 1252 qui
1986 1179 2065 1226 se
2098 1155 2198 1224 ita
2238 1151 2629 1242 obtulerit,

493 1278 579 1335 ut
618 1266 694 1334 in
735 1288 906 1336 eum
940 1288 1094 1336 non
1129 1265 1504 1352 invasisse,
1544 1261 1671 1338 sed
1704 1263 2091 1336 incurrisse
2118 1260 2510 1334 videamur.

589 1373 734 1445 Sed
782 1398 1075 1446 necesse
1117 1389 1228 1446 est
1243 1429 1264 1462 ‚
1311 1389 1699 1473 antequam
1746 1375 1839 1446 de
1883 1372 2263 1446 tribunatu
2305 1376 2375 1444 P.
2407 1370 2629 1443 Sextii

493 1484 736 1555 dicere
781 1485 1162 1582 incipiam,
1199 1509 1318 1557 me
1359 1499 1636 1572 totum,
1674 1485 2063 1584 superioris
2106 1485 2281 1562 anni
2295 1480 2351 1572 ⁸,
2392 1484 2627 1580 reipu-

492 1594 702 1672 blicae
751 1593 1204 1692 naufragium
1257 1619 1673 1696 exponere:
1718 1597 1793 1667 in
1850 1621 2001 1694 quo
2056 1591 2460 1690 colligendo
2482 1647 2503 1680 ,
2545 1616 2629 1667 ac

492 1701 890 1776 reficienda
917 1705 1144 1777 salute
1173 1708 1580 1795 communi,
1610 1707 1857 1780 omnia
1880 1695 2339 1804 reperientur
2362 1706 2433 1772 P.
2460 1707 2629 1776 Sex-

493 1816 578 1886 tii
612 1813 803 1886 dicta
821 1826 880 1902 ⁹,
919 1813 1137 1904 facta,
1175 1817 1474 1890 consilia
1504 1831 1801 1888 versata.

592 1929 752 1997 VII.
787 1929 1048 1998 Fuerat
1075 1925 1197 1999 ille
1227 1936 1501 2000 annus¹
1543 1930 1622 1998 in
1650 1923 2061 2025 reipublioec
2092 1945 2359 2020 magno
2386 1936 2627 2010 motu,

497 2049 572 2108 et
608 2035 1006 2106 multorum
1049 2037 1306 2110 timore
1325 2091 1348 2124 ,
1381 2052 1751 2136 tamquam
1796 2037 2121 2110 intentus
2152 2057 2359 2107 arcus
2398 2033 2477 2102 in
2512 2055 2628 2104 me

494 2168 766 2234 unum,
783 2148 970 2218 sicut
1004 2146 1218 2246 vulgo
1255 2151 1484 2246 ignari
1518 2171 1764 2221 rerum
1790 2144 2319 2244 loquebantur3
2348 2167 2429 2216 re
2462 2147 2627 2239 qui-

497 2253 664 2327 dem
699 2279 868 2328 vera
903 2259 981 2328 in
1016 2261 1423 2334 universam
1459 2257 2019 2358 rempublicam,
2055 2255 2510 2328 traductione
2534 2249 2627 2324 ad

495 2364 786 2463 plebem
811 2368 1188 2443 furibundi
1214 2369 1533 2443 hominis
1562 2394 1647 2443 ac
1682 2369 1987 2467 perditi,
2022 2366 2205 2439 mihi
2236 2366 2465 2452 irati²,
2500 2361 2625 2437 sed

495 2478 728 2551 multo
769 2482 1004 2551 acrius
1029 2481 1176 2566 ,otii
1223 2495 1296 2551 et
1341 2481 1751 2553 communis
1791 2477 2041 2551 salutis
2079 2478 2371 2548 inimici.
2414 2480 2629 2545 Hunc

497 2587 607 2659 vir
674 2586 1108 2659 clarissimus
1137 2640 1158 2677 ,
1231 2588 1562 2687 mihique
1588 2642 1607 2677 ,
1668 2588 1913 2661 multis
1940 2584 1969 2631 ³
2032 2582 2629 2684 repugnantibuS,

567 2834 620 2881 6.
656 2830 823 2881 Potius
847 2830 1070 2895 tempori.
1097 2832 1248 2897 Quod
1273 2833 1523 2897 poetulnre

495 2913 711 2974 videtur,
729 2923 786 2962 ut
808 2928 864 2962 οι
883 2912 1226 2966 tantummodo
1242 2947 1257 2972 ,
1279 2928 1388 2977 (με
1409 2928 1525 2961 cnm

496 2992 650 3043 Sextii
672 3007 816 3051 cauea
837 2992 1101 3053 conjuncta
1124 3001 1263 3051 aunt,
1291 3002 1521 3055 exponat.

569 3088 616 3133 7.
635 3074 695 3120 Se
713 3068 930 3137 ‹ffirune
941 3069 1208 3120 insolenter
1220 3082 1271 3118 ee
1285 3057 1523 3120 insectaein-

498 3162 594 3199 eur.
624 3152 740 3201 Duo
774 3150 1020 3217 significat
1044 3150 1298 3200 hominum
1324 3167 1517 3215 genera,

499 3230 562 3279 de
574 3229 753 3294 quibus
765 3230 992 3295 proxime
1007 3228 1159 3287 dixin
1173 3244 1322 3277 unum
1336 3245 1518 3291 eorum,

499 3324 627 3374 qno·
651 3308 801 3357 htere
827 3308 1006 3369 vellet3
1037 3306 1236 3356 alterum
1251 3343 1266 3368 ,
1293 3326 1420 3373 quot
1447 3320 1518 3360 ta-

499 3402 638 3448 cere,
654 3398 706 3436 et
723 3388 1000 3451 qnieocere:
1023 3387 1108 3449 qui
1127 3386 1192 3446 ti,
1213 3386 1395 3452 inquit,
1415 3404 1517 3439 non

497 3464 746 3525 latebunt,
781 3464 870 3513 sed
903 3480 956 3512 ee
995 3464 1199 3515 offerent
1227 3466 1517 3529 insolenter,

497 3560 604 3595 non
638 3543 898 3601 tacebunt,
935 3552 984 3591 et
1013 3544 1287 3610 qnieqcent,
1325 3547 1411 3595 sed
1435 3549 1517 3596 in-

499 3622 819 3673 sectabantur
834 3638 849 3683 ;
865 3636 978 3681 eoo,
1003 3622 1168 3687 quoad
1189 3624 1382 3685 licebit,
1407 3642 1517 3691 per-

499 3705 727 3752 feremus.

574 3782 624 3829 8.
647 3778 914 3843 Superioris
928 3778 1067 3829 anni.
1091 3782 1204 3844 Quo
1223 3783 1396 3833 Cicero
1411 3782 1519 3847 lege

503 3858 680 3911 Clodi·
700 3857 868 3923 pulsus
890 3868 978 3907 est.

576 3955 627 4001 9.
653 3937 795 3987 Dicta
809 3970 825 3993 ‚
839 3936 990 4002 sacta
1009 3972 1026 3999 ,
1056 3939 1266 3989 consilia
1290 3950 1516 3990 versata.

504 4024 626 4068 Hac
649 4014 862 4075 addidit,
890 4032 952 4065 ne
977 4029 1112 4068 extra
1137 4036 1328 4069 canum
1357 4020 1518 4067 futura

503 4097 716 4149 narratio
735 4094 970 4145 videatur.

1677 2836 1787 2885 vn.
1816 2852 1861 2884 ι.
1878 2837 2057 2885 Fuerat
2080 2833 2165 2885 ille
2188 2850 2349 2884 annm
2384 2832 2435 2881 in
2464 2830 2629 2896 νεῖραν

1608 2912 1749 2962 blica
1766 2930 1949 2980 magno
1976 2924 2125 2962 motu.
2158 2916 2233 2973 1⁸,
2264 2928 2365 2977 quo
2394 2914 2451 2962 C.
2470 2911 2631 2959 Cesar

1608 2993 1780 3043 consul
1805 2996 1863 3044 P.
1887 2993 2117 3045 Clodium
2141 2992 2403 3041 Pulchrum
2429 2990 2493 3038 nd
2521 2989 2627 3053 ple-

1606 3070 1718 3121 bem
1754 3073 2001 3132 traduxit,
2035 3074 2186 3121 iratus
2216 3071 2443 3121 Ciceroni
2461 3103 2476 3128 ,
2516 3068 2629 3131 quin

1606 3162 1782 3201 statum
1812 3150 2095 3217 reipublice
2121 3150 2334 3215 quodam
2362 3150 2416 3195 in
2436 3146 2628 3208 jndicio

1603 3230 1771 3297 paullo
1807 3231 2011 3280 liberino
2058 3230 2411 3295 deploraverat.
2460 3226 2631 3274 Sueto-

1604 3311 1748 3374 nius,
1784 3310 2013 3374 idemque
2046 3310 2153 3374 ipse
2188 3308 2364 3357 Cicero
2390 3304 2629 3371 significat

1604 3388 1658 3439 in
1677 3391 1899 3438 oratione
1920 3404 2014 3453 pro
2037 3388 2200 3435 Domo
2222 3401 2325 3435 eun.

1678 3486 1730 3519 2.
1761 3468 1891 3517 Mihi
1918 3466 2051 3515 irati.
2087 3465 2239 3530 Quod
2264 3466 2318 3513 in
2348 3466 2535 3531 ipsum,
2566 3466 2629 3515 de

1604 3550 1793 3597 incestu
1830 3556 2111 3595 accusatum
2124 3579 2140 3605 ,
2185 3546 2511 3595 testimoninm
2552 3545 2629 3594 di·

1606 3636 1761 3675 xerat.

1678 3706 1728 3755 3.
1770 3707 1949 3765 Hune,
1989 3702 2075 3751 vir
2112 3704 2406 3754 clarissimus
2428 3738 2445 3765 ‚
2487 3701 2631 3750 mihi-

1607 3801 1701 3850 que
1720 3820 1737 3845 ,
1774 3782 1937 3834 multis
1972 3786 2365 3851 repugnantibus.
2404 3782 2629 3847 Pompeii

1606 3864 1809 3931 gratiam
1825 3874 2093 3930 aucupatur
2111 3879 2125 3914 :
2146 3868 2283 3933 cupit
2300 3864 2433 3914 enim
2453 3858 2499 3909 ὀί
2518 3876 2629 3926 per-

1606 3959 1801 3991 tunsum
1824 3958 1925 3991 ene
1938 3980 1953 4006 ,
1977 3942 2159 3993 nullam
2182 3942 2316 4009 apud
2343 3958 2395 3991 ee
2416 3950 2627 4003 acceptae

1604 4021 1673 4082 ini
1680 4022 1793 4070 uriae
1805 4024 2081 4077 mernon'un
2092 4036 2517 4088 supernumqumn
2531 4019 2626 4068 sibi

1606 4110 1771 4150 contra
1793 4102 2019 4154 Clodium
2038 4102 2223 4153 auxilio
2246 4116 2350 4150 nou
2366 4099 2478 4149 suit.
