2996 4694
840 399 1229 468 ORATIO
1276 397 1389 467 IN
1438 394 1986 466 VATINIUM.
2351 393 2484 492 159

353 521 825 620 sperabasne‘*
854 519 963 605 id,
994 534 1079 590 ut
1104 531 1345 617 patres
1380 517 1768 615 conscripti
1803 540 1894 586 ex
1913 513 2284 613 republica
2317 515 2483 590 fun-

353 635 547 705 ditus
580 629 1056 703 tollerentur?
1082 653 1175 700 ne
1199 627 1341 699 hoc
1366 627 1662 724 quidem
1688 628 1972 698 senatui
1995 624 2484 725 relinquebaS,

352 743 557 842 quod
584 765 803 813 nemo
826 761 1177 838 umquam
1214 737 1518 823 ademit,
1555 749 1640 806 ut
1661 735 1876 832 legati
1911 759 1998 806 ex
2027 736 2184 831 ejus
2214 736 2484 812 ordinis

353 855 775 925 auctoritate
834 847 1293 946 legarentur?
1352 845 1634 917 adeone
1674 844 1807 915 tibi
1846 844 2218 916 sordidum
2256 851 2487 920 consi·
2559 887 2564 890 ·

353 963 529 1033 lium
558 961 931 1060 publicum
963 961 1200 1031 visum
1232 970 1377 1044 est,
1402 954 1586 1027 adeo
1611 954 1918 1027 afflictus
1946 971 2274 1052 senatuS,
2302 957 2484 1030 adeo

356 1076 611 1144 misera
660 1086 733 1143 et
772 1083 1125 1171 prostrata
1160 1065 1602 1166 respublica,
1639 1079 1720 1136 ut
1763 1090 1914 1136 non
1957 1067 2256 1138 nuntios
2293 1071 2486 1166 pacis

352 1206 435 1254 ac
461 1180 637 1254 belli
658 1179 714 1271 ³,
736 1207 889 1252 non
918 1194 1289 1252 curatores
1304 1176 1361 1266 4,
1390 1203 1542 1248 non
1569 1178 2002 1274 interpretes
2021 1232 2040 1260 ,
2070 1201 2222 1248 non
2245 1175 2484 1250 bellici

350 1293 633 1364 consilii
659 1306 991 1366 auctores
1004 1286 1056 1380 ⁵,
1086 1315 1239 1361 non
1274 1289 1644 1359 ministros
1674 1289 1996 1358 muneris
2030 1288 2484 1386 provincialis

350 1417 641 1474 senatus
674 1427 879 1474 more
908 1402 1261 1498 majorum
1300 1398 1610 1496 deligere
1647 1398 1938 1496 posset?
1961 1400 2342 1495 Eripueras
2377 1423 2486 1470 se·

350 1513 551 1584 natui
583 1513 967 1611 provinciae
998 1509 1471 1583 decernendae
1500 1522 1934 1606 potestatem
1957 1505 2012 1596 ⁶,
2033 1509 2484 1606 imperatoris

346 1621 710 1719 deligendi
725 1621 1104 1716 judicium,
1129 1620 1357 1692 aerarii
1374 1617 1983 1717 dispensationem
2001 1631 2064 1689 ⁷:
2091 1643 2252 1715 quae
2279 1643 2484 1730 num·

348 1754 570 1827 quam
643 1729 782 1802 sibi
852 1729 1173 1829 populus
1230 1753 1577 1800 romanus
1633 1728 2021 1827 appetivit,
2089 1730 2218 1824 qui
2279 1754 2486 1832 num—

350 1863 568 1936 quam
612 1840 763 1913 haec
798 1865 841 1912 a
881 1839 1146 1912 summi
1182 1838 1459 1910 consilii
1485 1836 2010 1936 gubernatione
2045 1835 2326 1909 auferre
2361 1863 2483 1909 oo-

351 1965 564 2022 natus
621 1967 749 2022 est.
800 1955 949 2048 Age
988 1977 1005 2019 :
1074 1946 1345 2020 factum
1398 1963 1506 2020 est
1547 1949 1811 2018 horum
1863 1945 2132 2044 aliquid
2179 1949 2252 2018 in
2297 1947 2484 2038 aliis3

348 2081 549 2132 raro:
590 2058 713 2130 sed
754 2075 995 2131 tamen
1026 2058 1297 2130 sactum
1322 2073 1466 2145 est,
1503 2071 1586 2130 ut
1615 2057 1936 2156 populus
1973 2056 2316 2155 deligeret
2343 2053 2481 2130 im-

352 2183 759 2266 peratorem
780 2163 834 2237 ⁸.
876 2171 1058 2260 Quis
1104 2167 1371 2264 legatos
1405 2192 1752 2266 umquam
1783 2167 2058 2238 audivit
2095 2171 2248 2240 sine
2285 2193 2485 2241 sena-

350 2277 848 2351 tusconsulto?
884 2292 1051 2350 ante
1074 2291 1147 2350 te
1173 2301 1393 2349 nemo
1420 2305 1438 2349 ε
1472 2291 1640 2376 post
1665 2279 2015 2350 continuo
2032 2289 2065 2336 9
2093 2276 2262 2350 fecit
2288 2278 2481 2352 idem

352 2390 429 2460 in
463 2388 753 2461 duobus
784 2388 1207 2505 prodigiisflj
1240 2389 1654 2488 reipublicae
1690 2386 1992 2461 Clodius
2023 2414 2040 2457 ε
2083 2413 2234 2485 quo
2266 2391 2480 2461 etiam

1452 2550 1787 2615 «eripuerisne
1815 2550 2045 2615 pecunias
2084 2566 2146 2597 ex
2185 2551 2356 2600 oerario
2381 2554 2482 2602 tuis

1450 2624 1672 2695 legibus?
1701 2650 1726 2671 a·
1754 2630 1872 2677 Bam
1905 2627 2162 2693 pecuniam
2189 2630 2243 2677 in
2271 2632 2480 2696 emptio·

1450 2724 1564 2757 nem
1584 2709 1686 2773 agri
1710 2707 1972 2773 Campani,
1997 2706 2102 2771 lege
2122 2708 2348 2770 Coesaria,
2371 2728 2482 2759 ero-

1451 2788 1555 2853 gari
1578 2787 1872 2853 oportebat:
1909 2787 1961 2835 id
1987 2788 2263 2853 pertinebat
2295 2790 2359 2838 ad
2399 2806 2478 2839 se-

1448 2876 1657 2916 natum:
1687 2866 1774 2915 sed
1809 2866 2066 2930 Vatinius,
2099 2866 2235 2916 nulla
2280 2880 2477 2917 senatus
2513 2876 2523 2881 '

348 2943 529 2993 bellum
552 2958 601 2995 et
625 2962 793 3011 pacem
826 2948 1073 2997 nuntiasse
1106 2964 1171 2997 ex
1198 2949 1367 2997 multis
1452 2948 1640 2995 ratione
1673 2945 1867 3008 habita,
1907 2960 2012 2995 eam
2039 2945 2146 3010 ipse
2163 2980 2178 3003 ‚
2211 2962 2276 2995 ex
2307 2949 2478 2996 erario

347 3033 421 3071 est
440 3035 758 3089 compertum.
782 3024 878 3074 Sed
904 3038 1028 3091 puto
1058 3027 1140 3087 ius
1170 3042 1367 3092 quoque
1456 3024 1968 3089 sumptam,arbitratu
1993 3038 2082 3072 suo
2102 3023 2478 3076 administravit.

347 3100 577 3151 setialium
599 3120 685 3152 eos
706 3104 945 3153 habuisse.
1531 3106 1577 3152 8.
1609 3106 1674 3151 Ut
1697 3102 1909 3169 populus
1947 3100 2182 3165 deligeret
2215 3102 2479 3167 imperato-

420 3178 474 3241 4.
506 3182 737 3231 Gulielm.
762 3185 899 3245 conj.
928 3195 1160 3233 oratores.
1456 3198 1574 3233 rem.
1617 3182 1814 3245 Delegit
1861 3180 2080 3245 populus
2121 3179 2330 3230 Gabinia
2369 3182 2477 3245 lege

350 2548 448 2609 nii,
466 2566 586 2614 quas
608 2550 765 2601 invito
791 2561 959 2599 senatu
984 2550 1128 2611 tulit,
1151 2566 1207 2599 ea
1240 2551 1363 2611 suit,

348 2638 407 2676 ut
444 2628 627 2692 legatos
674 2644 777 2679 non
820 2640 1011 2678 senatu
1026 2662 1046 2692 ,
1104 2640 1163 2679 ut
1196 2642 1362 2691 antea,

349 2705 435 2754 sed
456 2708 671 2772 populus
694 2709 909 2774 eligeret.

422 2800 473 2834 s.
490 2787 615 2845 Alii,
644 2804 949 2853 sper-arame-

423 2866 471 2913 3,
496 2866 640 2914 Pacis
674 2884 736 2915 ae
776 2866 906 2916 belli.
948 2868 1155 2932 Legatos
1191 2867 1368 2934 saepius

343 3302 351 3310 .
423 3258 470 3307 5.
482 3260 542 3306 B.
552 3276 597 3307 e.
609 3271 845 3309 auctores.
855 3261 937 3310 Ad
951 3262 1003 3310 id
1015 3261 1145 3309 enim
1158 3277 1186 3308 a
1199 3270 1371 3312 senatu

350 3335 679 3397 mittebantur,
689 3351 745 3388 ut
757 3356 927 3389 eorum
941 3340 1159 3389 consiliis
1170 3340 1371 3405 impera-

348 3425 479 3464 tores
496 3424 763 3481 uterentur,
778 3436 932 3483 quum
946 3418 1365 3469 bella‘tractarent.

420 3493 472 3543 6.
500 3494 769 3543 Provincia
804 3496 1123 3547 decernam
1152 3510 1369 3564 potesta·

350 3584 462 3622 tem.
494 3573 697 3619 Senatus
719 3590 869 3637 quum
894 3588 1189 3639 grassantem
1218 3578 1369 3626 latius

346 3652 549 3700 Caeaaris
578 3650 891 3701 ambitionem
926 3665 1188 3716 metueret,
1225 3656 1273 3704 ei
1294 3656 1369 3703 in-

347 3730 503 3778 cultas
516 3740 666 3779 terras
678 3742 727 3779 et
736 3732 837 3779 vias
850 3732 1241 3783 conficiendasin
1254 3751 1370 3801 pro-

348 3810 555 3858 vinciam
566 3810 785 3870 dederat3
804 3811 891 3859 sed
902 3828 989 3861 sua
1002 3822 1247 3862 senatores
1258 3830 1369 3879 spes

342 3884 546 3951 fefellit3
563 3906 676 3937 nam
684 3890 915 3939 Vatinius
930 3890 1084 3954 legem
1100 3892 1209 3941 tulit
1222 3926 1239 3953 ,
1271 3908 1367 3957 qua

346 3968 527 4015 Caesari
558 3968 727 4033 Illyria
760 3984 873 4017 cum
900 3970 1148 4035 Cisalpina
1177 3971 1336 4021 Gallia
1349 4005 1366 4032 ,

350 4054 399 4093 et
433 4046 590 4095 tribm
615 4048 887 4112 legionibus
920 4048 1275 4098 decerneretur.

420 4140 473 4183 ς.
500 4126 693 4175 AEran's'
717 4127 1135 4193 dispensationem.
1170 4129 1325 4194 Supra
1353 4147 1366 4179 :

1456 3261 1742 3327 Pompeium
1783 3259 2134 3323 imperatorem·
2170 3257 2302 3309 bello
2345 3262 2474 3325 pira·

1456 3340 1585 3399 tieo,
1609 3337 2001 3388 dissuadentibus
2032 3337 2347 3399 optimatibus
2369 3374 2386 3401 ,
2421 3351 2479 3389 ut

1455 3420 1524 3468 ait
1542 3418 1782 3468 Velleius:
1803 3431 1956 3481 quum
1983 3415 2254 3466 Trebellius
2274 3432 2476 3487 quoque

1454 3498 1681 3549 tribuum
1729 3496 1887 3561 plebis
1937 3494 2238 3545 intercedere
2275 3512 2475 3549 conam-

1456 3590 1574 3627 tur:
1601 3593 1712 3625 nam
1753 3576 1943 3625 senatui
1982 3568 2300 3641 promiserat}
2341 3578 2476 3626 utin

1454 3656 1672 3705 Pediano
1697 3654 1902 3719 legimus
1920 3689 1937 3714 ,
1963 3655 2252 3703 moriturum
2287 3672 2339 3704 se
2363 3668 2478 3707 ante

1454 3752 1600 3803 qis-am
1637 3734 1718 3783 lex
1757 3734 1841 3783 illa
1867 3735 2160 3799 perferretur
2191 3747 2207 3783 ε
2248 3734 2472 3783 eumdem

1456 3814 1586 3865 hello
1635 3813 1974 3864 Mithridatico
1997 3849 2012 3874 ,
2083 3814 2284 3863 Manilla
2331 3814 2436 3879 lege
2452 3850 2470 3875 ,

1454 3906 1628 3943 contra
1640 3895 1941 3943 voluntatem·
1951 3895 2242 3959 optimatum
2259 3895 2477 3958 populns

1418 3960 1431 3977 ⁸
1456 3974 1650 4037 delegit.
1671 3975 1959 4024 Plutarchus
1973 4008 1990 4035 ,
2003 3974 2283 4039 Appianua,
2302 3974 2418 4024 Dio.

1526 4068 1577 4115 9.
1595 4057 1712 4103 Post
1724 4052 1975 4130 continuo.
1997 4055 2145 4101 Anno
2167 4052 2403 4115 sequeuti-

1531 4144 1612 4182 ιο.
1640 4133 1836 4181 Duobus
1848 4128 2107 4197 prodigiis.
2143 4132 2200 4179 Iu
2223 4130 2398 4181 Pisone
2424 4143 2473 4181 et
