2996 4694
810 341 1200 413 ORATIO
1250 348 1360 417 IN
1409 350 1488 417 L.
1536 351 1615 419 C.
1668 353 2167 428 PISONEM.
2416 361 2556 459 397

421 485 554 532 cua
596 462 657 532 si
704 485 858 532 non
889 461 1172 551 fuisset,
1209 470 1284 536 in
1333 493 1593 568 campo
1628 475 1972 545 Martio¹⁴
2009 477 2187 549 mihi
2229 479 2557 556 taberna-

419 574 668 645 culum
735 573 1218 648 collocassem.
1281 583 1639 656 Nummus
1702 588 1978 660 interea
2031 592 2247 679 mihi,
2304 599 2557 684 Caesar,

423 683 764 779 neglectis
805 683 1150 757 vehiculis
1191 691 1791 789 triumphalibus»,
1834 698 2033 770 domi
2073 701 2439 794 manet1⁵‚
2483 725 2556 782 et

403 793 762 877 manebit.
789 797 1130 870 Rationes
1155 799 1244 870 ad
1273 805 1601 876 aerarium
1616 803 1685 852 ¹⁶
1709 810 1927 881 retuli
1952 813 2339 903 continue,
2370 819 2555 892 sicut

421 917 546 974 tua
582 906 696 976 lex
721 904 1028 1000 jubebat
1059 935 1076 978 τ
1105 933 1346 1007 neque
1382 914 1519 986 alia
1554 916 1702 989 ulla
1738 921 1815 988 in
1848 945 1932 992 re
1972 921 2112 1019 legi
2150 938 2287 995 tuae
2320 930 2548 1023 parui.

421 1016 618 1103 Quas
674 1017 990 1087 rationes
1041 1020 1101 1088 si
1153 1025 1523 1118 cognoriS,
1580 1027 1965 1124 intelliges,
2020 1033 2293 1104 nemini
2352 1037 2517 1133 plus
2536 1092 2556 1121 ,

421 1148 640 1221 quam
697 1123 916 1213 mihi,
970 1127 1205 1202 literas
1263 1131 1619 1229 profuisse
1676 1163 1693 1207 ε
1757 1139 1855 1209 ita
1906 1142 2099 1210 enim
2152 1159 2325 1216 sunt
2386 1171 2551 1243 per-

419 1235 698 1330 scriptae
738 1235 914 1304 scite
957 1250 1030 1307 et
1059 1238 1442 1331 literate¹7‚
1472 1260 1561 1316 ut
1604 1245 1874 1332 scriba,
1911 1249 2002 1319 ad
2048 1257 2377 1324 aerarium
2424 1260 2553 1354 qui

419 1365 536 1413 eas
562 1341 844 1428 retulit,
887 1351 1302 1446 perscriptis
1339 1355 1779 1444 rationibus,
1822 1382 2067 1430 secum
2100 1363 2253 1458 ipse
2275 1416 2296 1451 ,
2330 1383 2551 1464 caput

417 1451 696 1523 sinistra
721 1476 942 1528 manu
973 1456 1374 1555 perfricans
1393 1515 1412 1548 ,
1451 1483 2109 1540 commurmuratus
2134 1472 2257 1558 sit,
2290 1479 2550 1550 «Ratio

417 1565 714 1661 quidem
765 1565 1008 1638 hercle
1054 1582 1390 1664 apparet,
1433 1588 1815 1667 argentum
1860 1575 2095 1670 οἴχεται
2114 1569 2174 1621 ¹3
2192 1608 2236 1647 ».
2275 1583 2425 1652 Hac
2466 1596 2551 1652 tu

413 1683 784 1768 oratione,
821 1705 974 1752 non
1012 1679 1310 1769 dubito,
1350 1685 1533 1780 quin
1565 1685 1771 1756 illum
1806 1687 1957 1781 jam
1988 1687 2549 1767 adscendentem

417 1791 494 1860 in
539 1813 834 1862 currum
871 1791 1101 1888 possis
1135 1815 1496 1864 revocare.

508 1905 761 1971 XXVI.
817 1906 880 1972 Ο
941 1899 1296 1989 tenebrae,
1347 1927 1394 1973 0
1436 1903 1669 1974 lutum
1688 1960 1709 1992 ‚
1752 1931 1805 1978 o
1842 1907 2129 1998 sordes,
2176 1937 2223 1982 o
2268 1921 2551 2010 paterni

416 2012 692 2106 generis
711 2021 734 2052 ¹
775 2009 1034 2093 oblite,
1073 2014 1378 2083 materni
1412 2013 1534 2081 vix
1560 2035 1843 2086 memor
1862 2014 1926 2086 Ἰ
1964 2019 2063 2088 ita
2093 2023 2337 2100 nescio
2367 2025 2545 2120 quid

413 2119 598 2190 istuc
627 2116 972 2206 fractum,
1008 2118 1283 2191 humile
1303 2175 1324 2206 ,
1355 2117 1745 2194 demissum
1768 2176 1789 2211 ,
1811 2123 2185 2198 sordidum
2205 2181 2224 2215 ‚
2250 2128 2547 2204 inferius

415 2230 632 2300 etiam
672 2243 816 2316 est,
841 2252 1061 2325 quam
1104 2243 1188 2299 ut
1227 2229 2161 2332 Mediolanensipraecone,
2196 2261 2331 2308 avo
2374 2255 2547 2332 tuo,

413 2333 706 2434 dignum
746 2361 898 2411 esse
930 2336 1278 2411 videatur;
1329 2343 1409 2411 L.
1459 2346 1791 2433 Crassus,
1840 2341 2064 2415 homo
2085 2341 2115 2389 3
2153 2351 2545 2447 ‘sapientis-

411 2568 520 2617 dus.
557 2568 772 2617 Notatur
804 2578 968 2617 sutem
1003 2569 1230 2627 avaritia,
1269 2571 1426 2621 biduo

411 2658 594 2695 tantum
623 2658 734 2695 ante
761 2646 892 2695 diem
921 2648 1160 2697 adventus
1185 2651 1429 2700 conducta

410 2726 576 2776 domo.
1282 2719 1286 2723 ’

485 2816 564 2863 ¹4-
605 2808 668 2855 In
710 2820 881 2869 campo
923 2805 1124 2855 Martio.
1171 2807 1426 2859 Nemitsem

407 2884 644 2949 significat
663 2902 764 2933 esse
782 2886 834 2934 in
851 2885 988 2945 urbe,
1007 2884 1092 2949 qui
1110 2885 1246 2933 illum
1267 2886 1428 2953 hospi-

410 2967 480 3013 tio
499 2966 780 3029 accepisset.

484 3046 564 3093 15.
591 3045 742 3093 Domi
759 3054 943 3093 manee.
977 3044 1096 3093 Non
1122 3044 1429 3095 distribuitur

408 3125 574 3173 amicis
585 3159 600 3183 ‚
613 3124 780 3171 nonin
791 3134 1016 3188 sumptus
1025 3123 1252 3187 publicos
1267 3139 1429 3188 eroga·

409 3215 504 3263 tur,
541 3219 643 3251 uon
679 3204 732 3249 in
769 3202 978 3251 lautitias
1014 3203 1297 3262 effunditur,
1339 3204 1426 3253 sed

407 3283 542 3331 domi
563 3294 723 3331 manet
739 3282 958 3331 defossus
975 3294 1024 3330 et
1040 3283 1369 3331 absconditus.

484 3364 561 3409 16.
602 3362 830 3410 Rationes
869 3362 941 3409 ad
967 3361 1209 3411 amrium.
1253 3363 1424 3410 Statim

404 3452 548 3504 atque
585 3443 637 3489 iu
671 3442 837 3489 urbem
879 3458 956 3488 me
991 3444 1186 3506 recepi,
1216 3442 1424 3490 admini-

404 3530 564 3567 stratae
581 3520 872 3583 provinciae,
891 3532 940 3568 et
951 3534 1162 3585 accepta
1181 3538 1208 3569 e
1225 3520 1424 3585 publico

403 3599 621 3663 pecuniae
631 3598 822 3647 reddidi
835 3601 1069 3649 rationem
1078 3637 1090 3649 .
1103 3602 1202 3663 Qui
1215 3601 1426 3665 aliquam

401 3678 789 3725 administrarant
816 3679 1115 3743 provinciam
1133 3714 1147 3737 ,
1173 3679 1422 3729 sationem

403 3756 554 3813 datae,
581 3768 628 3805 et
655 3773 882 3821 expensas
908 3759 1129 3820 pecuniae
1145 3792 1160 3817 ‚
1183 3761 1282 3819 jam
1307 3770 1422 3807 ante

399 3834 554 3898 legem
570 3839 602 3885 J
605 3836 752 3883 uliam
773 3836 1059 3885 referebant.

481 3932 498 3961 1
511 3930 561 3973 7.
584 3914 710 3963 Scito
732 3926 779 3962 et
799 3914 1002 3964 liter-aee.
1028 3916 1153 3963 Tum
1171 3914 1342 3961 callide
1360 3916 1424 3963 ad

404 3994 608 4057 tegenda
629 4011 734 4043 mca
761 3995 884 4040 furta
901 4027 915 4051 ,
938 4006 988 4041 et
1013 3994 1229 4058 rapinas,
1247 3992 1426 4058 spolia-

402 4074 657 4135 tionesque
684 4070 994 4136 oppidorum.

1594 2574 1679 2623 18.
1713 2573 1855 2623 Ratio
1888 2575 2083 2641 quidem
2110 2578 2269 2628 hercle
2298 2595 2509 2646 apparet
2525 2618 2543 2643 ,

1515 2665 1773 2717 argentum
1805 2652 2018 2719 οἴχεται·
2038 2658 2134 2705 Hic
2162 2674 2329 2707 versus
2356 2662 2543 2711 Plauti-

1516 2748 1607 2781 nus
1626 2734 2014 2794 exTrinummo,
2036 2739 2107 2786 sic
2122 2738 2174 2785 in
2192 2742 2395 2805 antiquo
2414 2743 2543 2793 libro

1516 2824 1591 2861 est
1604 2846 1621 2873 ,
1639 2824 1695 2861 ut
1716 2822 1767 2862 et
1786 2816 1925 2880 apud
1939 2816 2163 2866 Plautum
2175 2852 2191 2877 ,
2206 2833 2359 2883 greca
2382 2832 2543 2873 tamen

1516 2908 1640 2941 voco
1663 2893 1827 2942 latinis
1848 2894 2003 2945 literis
2028 2898 2208 2961 scripta
2234 2898 2331 2946 hoc
2356 2903 2505 2951 modo
2526 2917 2541 2951 :

1518 2994 1543 3013 ι
1562 2974 1709 3022 Ratio
1741 2975 1939 3037 quidem
1969 2976 2168 3025 hercule
2199 2990 2431 3041 apparet,
2464 2996 2542 3029 sr-

1517 3062 1712 3114 gentum
1746 3052 1933 3101 oeehete
1960 3068 2017 3102 n:
2059 3055 2195 3119 quod
2230 3072 2349 3105 vero
2390 3058 2543 3124 aliqui

1517 3138 1810 3191 putaverunt
1852 3131 2111 3195 legendnm
2162 3150 2275 3183 cum
2323 3134 2541 3189 dictione

1515 3205 1766 3253 decocmm
1784 3240 1799 3265 ‚
1826 3219 1880 3255 tu
1904 3225 2073 3257 eorum
2096 3215 2346 3263 sententias
2372 3232 2435 3265 ne
2460 3234 2542 3267 ac·

1514 3284 1685 3342 ced-u
1730 3302 1889 3349 neque
1932 3288 2060 3335 enim
2098 3289 2221 3339 fides
2261 3292 2535 3357 librorum,

1513 3380 1671 3429 neque
1690 3364 1817 3413 ratio
1835 3382 2001 3415 versus
2018 3384 2127 3417 cum
2146 3370 2243 3419 illis
2264 3372 2395 3422 facit.

1584 3444 1773 3493 xxvl.
1812 3460 1852 3499 r.
1882 3448 2079 3495 Peseerm'
2098 3451 2307 3512 generis.
2338 3452 2542 3518 Calpur-

1512 3523 1609 3581 nii,
1626 3522 1936 3573 nobilissimi.

1584 3618 1631 3649 a.
1664 3606 1709 3647 V
1710 3602 1765 3649 ix
1790 3620 1986 3652 memor.
2016 3604 2134 3655 Non
2160 3608 2317 3656 solum
2338 3626 2367 3658 a
2392 3612 2541 3660 nobi-

1511 3681 1696 3729 lissimo
1726 3693 1932 3747 paterno
1958 3700 2131 3747 genere
2163 3702 2363 3750 prorsus
2390 3688 2538 3753 dege·

1510 3775 1649 3807 netas
1680 3776 1692 3806 ε
1732 3776 1899 3809 verum
1938 3778 1999 3811 ne
2042 3775 2261 3813 materno
2304 3767 2501 3831 quidem
2520 3804 2536 3828 ,

1510 3838 1624 3887 licet
1644 3840 1875 3903 ignobili,
1898 3842 2043 3907 plane
2067 3844 2349 3907 respondes.

1584 3920 1632 3966 3.
1654 3921 1813 3966 Homo
1834 3920 2234 3985 sapieau'ssc'mus.
2253 3924 2353 3986 Qui
2370 3924 2539 3971 trium-

1512 3998 1599 4061 phi
1638 4010 1797 4047 tamen
1840 3999 2079 4049 honorem
2126 4001 2533 4053 contemnendum

1516 4091 1619 4123 non
1644 4076 1834 4141 putavit
1856 4092 1869 4124 z
1903 4092 2053 4140 quum
2081 4090 2163 4135 tn,
2190 4078 2329 4142 quasi
2353 4078 2441 4129 ino
2466 4097 2543 4131 ss-
