2996 4694
739 393 1127 464 ORATIO
1176 396 1378 470 PRO
1427 405 1523 473 M.
1573 407 2161 489 MARCELLO.
2379 424 2508 500 561

476 516 564 582 Et
614 515 895 592 ceteros
942 516 1241 614 quidem
1292 547 1548 598 omnes
1587 532 1896 606 victores
1942 537 2302 618 bellorum
2348 557 2518 626 civi-

384 621 561 693 lium
601 625 751 720 jam
789 642 956 697 ante
992 631 1330 726 aequitate
1369 651 1441 707 et
1478 641 1970 719 misericordia*
2004 655 2273 728 viceras
2324 688 2342 731 :
2381 661 2518 736 ho-

382 729 639 806 dierno
676 761 851 807 vero
899 737 1017 809 die
1069 753 1140 810 te
1197 742 1434 839 ipsum
1487 751 1718 822 vicisti
1739 765 1788 823 7.
1835 761 2142 851 Vereor,
2197 781 2278 837 ut
2331 769 2516 860 hoc,

380 843 583 940 quod
605 843 839 916 dicam
860 902 879 936 ,
913 849 1217 945 perinde
1239 853 1541 955 intelligi
1567 861 1818 936 auditu
1839 875 2064 965 possit
2080 928 2101 961 ,
2125 889 2344 974 atque
2362 885 2518 982 ipse

380 958 703 1051 cogitans
732 961 1004 1030 sentio:
1034 962 1261 1060 ipsam
1288 966 1658 1042 victoriam
1687 978 1938 1049 vicisse
1967 982 2228 1056 videris
2241 1041 2271 1076 ,¹
2289 1014 2519 1087 quum

380 1087 498 1150 ea,
540 1089 701 1162 quae
737 1065 861 1138 ina
905 1085 1059 1142 erat
1095 1072 1387 1172 adepta,
1424 1079 1630 1152 victis
1670 1087 2026 1162 remisisti.
2065 1097 2248 1166 Nam
2285 1121 2517 1196 quum

378 1175 603 1270 ipsius
634 1176 949 1248 victoriae
973 1180 1393 1258 conditione
1412 1181 1447 1232 ⁸
1468 1188 1635 1284 jure
1669 1218 1924 1270 omnes
1949 1202 2118 1274 victi
2144 1210 2520 1286 occidisse·

380 1305 575 1369 mm,
610 1283 1007 1358 clementiae
1048 1304 1190 1362 tuae
1225 1292 1505 1387 judicio
1547 1312 1946 1379 conservati
1983 1337 2256 1388 sumus.
2299 1323 2520 1397 Recte

372 1395 594 1489 igitur
632 1419 817 1467 unus
869 1401 1177 1472 invictus
1228 1429 1337 1492 οε,
1387 1431 1427 1477 a
1480 1435 1633 1508 quo
1672 1419 1888 1487 etiam
1925 1421 2152 1518 ipsius
2201 1429 2518 1505 victoriae

373 1503 696 1578 conditio
730 1508 991 1605 visque
1026 1510 1306 1586 devicta
1345 1532 1475 1589 est.

467 1620 553 1686 V.
606 1621 844 1714 Atque
899 1618 1044 1691 hoc
1098 1627 1175 1694 C.
1239 1629 1532 1700 Caesaris
1581 1632 1976 1731 judicium,
2043 1657 2282 1739 patres
2342 1675 2520 1725 con-

373 1726 659 1821 scripti,
713 1750 935 1821 quam
989 1728 1133 1801 late
1176 1747 1463 1829 pateat,
1517 1745 1865 1816 attendite
1915 1777 1933 1817 :
1981 1775 2235 1828 omnes
2283 1764 2513 1853 enim,

372 1834 499 1929 qui
535 1834 625 1904 ad
658 1834 795 1906 illa
836 1861 1032 1908 arma
1079 1838 1230 1912 fato
1262 1854 1283 1886 ¹
1326 1869 1578 1920 sumus
1612 1857 1860 1925 nescio
1907 1883 2057 1954 quo
2101 1869 2518 1964 reipublicae

369 1966 635 2013 misero
694 1943 1137 2046 funestoque
1184 1956 1576 2051 compulsi,
1618 1967 1749 2032 etsi
1787 1963 2026 2062 ahqua
2062 1974 2276 2072 culpa
2312 1994 2516 2064 tene..

294 2161 305 2170 ‘
368 2165 549 2232 Nam
580 2186 812 2260 quum
853 2171 949 2238 M.
990 2171 1449 2264 Marcellum,
1491 2177 2052 2276 deprecantibus
2085 2194 2327 2286 vobis,
2369 2207 2516 2274 rei-

366 2271 673 2369 publicae
730 2279 963 2349 Caesar
1020 2287 1513 2377 conservavit3
1575 2309 1845 2366 memet
1897 2298 2110 2390 mihi,
2169 2321 2243 2378 et
2290 2310 2508 2384 item²

362 2384 815 2484 reipublicae,
854 2389 1059 2461 nullo
1102 2392 1623 2491 deprecante33
1665 2402 1986 2502 reliquos
2028 2416 2509 2513 amplissimos

360 2496 553 2567 viros
599 2512 673 2587 et
716 2497 858 2570 sibi
897 2501 1103 2598 ipsis,
1135 2519 1208 2575 et
1242 2510 1486 2604 patriae
1518 2512 1869 2606 reddidit,
1909 2545 2222 2617 quorum
2255 2544 2328 2600 et
2358 2532 2507 2607 fre-

362 2611 735 2703 quentiam
757 2664 775 2699 ,
812 2624 887 2681 et
934 2610 1355 2710 dignitatem
1397 2617 1542 2693 hoc
1581 2623 1742 2720 ipso
1789 2627 1864 2699 in
1916 2654 2258 2708 consessu
2311 2644 2504 2718 vide-

434 2806 482 2851 7.
512 2790 578 2839 Te
609 2789 764 2855 ipsum
796 2791 974 2842 vicisti.
999 2794 1163 2855 Maior
1195 2807 1245 2844 te
1278 2798 1385 2862 ipse

359 2869 643 2933 apparuisti.
666 2872 929 2933 Ignoverat
954 2872 1143 2931 multis,
1174 2874 1260 2922 sed
1280 2892 1385 2924 non

357 2946 426 2994 ita
442 2946 670 3008 infensis3
687 2948 838 2997 hodie
852 2951 1139 2998 acerrimum
1156 2952 1385 3003 adversa-

358 3026 483 3073 rium
507 3042 617 3075 cum
639 3044 811 3093 magna
836 3028 967 3076 illius
985 3028 1222 3093 dignitate
1240 3034 1381 3081 resti·

357 3104 468 3152 tuit.
490 3132 554 3143 -
580 3109 767 3154 Vereor
788 3118 861 3157 ue.
891 3112 1081 3157 Auctor
1116 3120 1382 3176 postquam

358 3182 607 3232 cumulum
629 3185 772 3234 dictis
788 3187 889 3235 suis
911 3186 1089 3236 addere
1115 3188 1223 3238 vult
1239 3224 1256 3250 ,
1284 3206 1383 3239 me-

357 3272 493 3309 tuere
515 3278 565 3310 se
587 3262 731 3329 fingit
766 3282 828 3314 ne
849 3268 1012 3317 verbis
1038 3267 1188 3316 animi
1211 3287 1379 3321 sensus

356 3342 561 3405 exprimi
580 3360 682 3403 non
708 3345 901 3409 possint
915 3382 933 3409 ,
956 3358 1006 3396 et
1032 3347 1248 3397 eamdem
1274 3350 1378 3399 Cae-

356 3420 473 3467 saris
499 3421 798 3471 clementiam
830 3424 1011 3489 insigni
1047 3426 1257 3491 quadam
1295 3446 1375 3477 ra-

354 3498 487 3547 tione
526 3500 747 3563 extollit,
785 3516 840 3553 ut
881 3506 1044 3554 verbis
1080 3523 1134 3555 ea
1177 3510 1376 3559 nocedst

354 3578 427 3625 vis
451 3594 595 3641 quam
622 3580 718 3628 illis
742 3582 1025 3647 impressam
1050 3588 1207 3651 cupit.

426 3656 475 3703 8.
515 3656 705 3707 Weisk.
738 3660 1030 3727 interposuit
1069 3676 1149 3725 ee,
1192 3665 1377 3718 scilicet

352 3745 407 3781 ut
445 3744 737 3800 temperaret
786 3738 1036 3789 duriorem
1072 3748 1375 3795 seutentiam.

419 3814 483 3861 V.
525 3832 567 3863 1.
607 3816 749 3867 Fato.
778 3820 966 3869 Civiles'
982 3821 1249 3874 discordias
1270 3844 1371 3875 non

348 3890 447 3937 suis
470 3892 714 3957 consiliis,
742 3896 829 3943 sed
850 3898 953 3945 sato
975 3900 1263 3967 plerumque
1286 3907 1374 3953 tri-

347 3968 579 4019 buebant.
602 3974 681 4020 Sic
708 3976 879 4025 Horat.
904 3978 1065 4043 Epod.
1093 3996 1187 4041 7:‹e
1199 3984 1371 4032 acerba

348 4048 444 4094 fata
474 4050 725 4101 Romanos
750 4068 954 4119 agunt».
987 4060 1115 4122 Quia
1140 4064 1371 4112 nimirum

346 4126 421 4171 sel
450 4129 499 4175 in
528 4132 621 4179 fata
641 4168 653 4191 ,
678 4134 754 4181 vel
780 4136 831 4183 iu
856 4136 933 4185 dei
957 4140 1231 4191 vindictam·
1245 4144 1371 4194 heila

498 4219 560 4286 Ns
572 4274 583 4285 .
641 4238 729 4283 Cic.
753 4256 863 4300 pars
896 4245 1112 4294 sci-nacla.

1473 2802 1633 2851 civilia
1652 2806 1948 2869 referebant,
1967 2815 2106 2877 quod
2131 2828 2318 2870 tanum
2340 2826 2500 2879 scelus

1472 2881 1798 2933 inhominum
1816 2902 2026 2939 mentem
2043 2895 2214 2947 cadere
2232 2916 2336 2950 non
2351 2922 2498 2970 posse

1470 2961 1827 3013 existimabant.
1853 2968 1916 3015 Et
1927 2971 2052 3019 sacri
2069 2987 2288 3027 oratores
2301 2984 2503 3035 Bossuee

1471 3050 1524 3087 et
1547 3040 1766 3089 Flechier
1789 3046 2007 3095 eamdem
2041 3054 2320 3107 cautionem
2357 3063 2494 3114 adhi-

1470 3114 1649 3177 buere,
1667 3136 1818 3183 quum
1847 3124 1914 3171 eis
1941 3124 2002 3175 de
2025 3129 2260 3182 Tun-ennii
2284 3155 2343 3186 ae
2360 3141 2494 3193 Con-

1470 3194 1565 3243 daei
1609 3198 1835 3249 civilibus
1881 3202 2138 3257 discordiis
2185 3212 2282 3261 snit
2343 3218 2494 3271 disse-

1466 3274 1695 3324 rendum.

1537 3368 1589 3403 α.
1615 3355 1758 3403 Item.
1779 3360 1972 3410 Emest.
1995 3378 2023 3410 e
2043 3366 2135 3413 MS
2153 3368 2258 3419 Etf.
2291 3374 2488 3429 Graevio

1464 3430 1616 3497 duee,
1644 3434 1831 3487 iterum.

1538 3508 1588 3561 3.
1626 3514 1775 3563 Nullo
1815 3515 2128 3581 deprecante.
2173 3528 2364 3599 Nempe
2403 3538 2488 3587 de-

1464 3602 1602 3639 creto
1619 3592 1842 3641 Marcelli
1861 3596 2022 3647 reditu
2034 3633 2051 3660 ‚
2079 3604 2242 3655 Caesar
2258 3616 2486 3665 ostende·

1463 3668 1549 3718 bat
1574 3687 1625 3719 se
1650 3671 1710 3719 de
1741 3675 2048 3739 Pompeianis
2071 3684 2245 3735 melius
2266 3695 2452 3749 ,sentire
2467 3733 2482 3755 ,

1464 3760 1514 3797 et
1539 3750 1708 3801 Cicero
1729 3770 1786 3801 ac
1811 3758 1960 3803 ceteri
1984 3774 2170 3811 novum
2192 3771 2407 3821 animum
2429 3790 2484 3825 et

1463 3840 1640 3877 certam
1681 3832 1964 3897 dignitatem
1997 3844 2128 3890 nacti
2160 3847 2450 3901 videbantur
2465 3890 2480 3909 ,

1460 3906 1554 3955 sibi
1590 3920 1638 3956 et
1674 3912 1795 3976 reip.
1841 3926 1978 3963 erant
2017 3918 2220 3983 redditi,
2261 3933 2482 3990 quamvis

1460 4002 1605 4035 nemo
1633 3988 1730 4037 hoc
1769 3993 1848 4041 die
1889 4012 1984 4058 pro
2019 3997 2116 4045 inis
2151 4017 2274 4053 esset
2306 4007 2480 4073 depre-

1460 4079 1595 4116 catus
1609 4102 1625 4129 ,
1645 4082 1695 4117 et
1717 4072 1874 4119 Caesm·
1896 4077 2056 4123 omnia
2087 4094 2147 4126 ne
2175 4090 2480 4147 sperantibus

1460 4146 1662 4209 quidem
1690 4150 2030 4202 condonasset.

2106 4242 2196 4313 36

2773 4152 2988 4643 A
