2996 4694
493 398 584 468 92
1135 374 1234 443 M.
1279 375 1360 441 T.
1408 371 1983 443 clcERoNIs

489 510 564 567 et
603 494 717 565 vel
754 494 1005 593 capitis
1048 494 1372 593 periculo
1413 492 1871 567 defendenda
1911 507 2129 565 sunt:
2172 492 2559 591 religiones
2578 504 2634 583 ¹,

493 606 808 702 auspicia
825 617 880 695 ²,
927 620 1322 706 potestates
1372 606 1919 703 magistratuum
1940 600 2001 691 ³,
2040 618 2333 677 senatus
2382 620 2631 677 aucto-

496 718 707 804 ritaS,
732 716 960 814 leges,
991 740 1148 789 mos
1175 717 1529 812 majorum
1552 772 1571 803 ,
1592 714 1899 810 judicia,
1930 713 2364 809 jurisdictio,
2392 713 2633 803 fides4,

489 829 872 925 provinciae
887 883 908 916 ,
933 828 1110 899 socii
1131 823 1186 915 ⁵,
1217 828 1504 926 imperii
1529 826 1715 913 laus,
1738 850 1859 897 res
1884 824 2213 895 militaris
2233 879 2253 910 ,
2278 826 2629 896 aerarium.

486 944 760 1011 Harum
793 962 1038 1009 rerum
1067 952 1177 1009 tot
1207 952 1434 1035 atque
1469 950 1839 1009 tantarum
1882 958 2037 1007 esse
2068 932 2523 1007 defensorem
2558 948 2633 1007 et

495 1063 923 1147 patronum,
967 1049 1210 1145 magni
1248 1048 1466 1119 animi
1504 1060 1613 1119 est
1634 1099 1655 1133 ,
1696 1045 1939 1143 magni
1972 1045 2281 1141 ingenii,
2322 1069 2630 1142 magnae-

494 1183 642 1256 que
676 1162 1114 1231 constantiae.
1149 1160 1432 1229 Etenim
1467 1157 1547 1229 in
1580 1170 1785 1228 tanto
1833 1157 2099 1227 civium
2139 1178 2447 1227 numero
2477 1179 2629 1227 ma·

493 1293 632 1367 gna
671 1268 1066 1341 multitudo
1103 1283 1210 1341 est
1255 1291 1509 1339 eorum
1531 1321 1552 1355 ,
1593 1268 1723 1364 qui
1758 1263 1933 1337 aut⁶
1972 1278 2275 1363 propter
2304 1279 2626 1337 metum⁷

491 1402 754 1475 poeuae,
785 1394 1246 1476 peccatorum
1279 1400 1579 1449 suorum
1603 1377 1903 1465 conscii,
1935 1399 2167 1447 novos
2188 1390 2427 1449 motus
2454 1401 2630 1451 con-

490 1489 1002 1584 versionesque
1051 1486 1466 1587 reipublicae
1522 1500 1883 1586 quaerant3
1936 1501 2062 1558 aut
2110 1488 2277 1583 qui,
2328 1502 2631 1585 propter

489 1596 780 1667 insitum
820 1596 1214 1694 quemdam
1251 1598 1470 1669 animi
1490 1594 1523 1645 ⁸
1560 1596 1919 1685 furorem,
1948 1597 2327 1670 discordiis
2361 1599 2627 1669 civium

487 1730 572 1777 ac
607 1704 960 1779 seditione
1001 1722 1425 1806 pascantur:
1473 1723 1599 1781 aut
1636 1709 1767 1805 qui
1786 1762 1806 1795 ,
1854 1722 2157 1805 propter
2196 1707 2627 1807 implicatio·-

487 1842 657 1889 nem
693 1819 800 1888 rei
842 1815 1242 1907 familiaris,
1287 1822 1657 1891 communi
1702 1817 2043 1889 incendio
2080 1817 2363 1905 malint,
2402 1842 2627 1916 quam

491 1950 624 1999 suo
642 1936 676 1983 9
735 1926 1149 2025 deflagrare.
1211 1932 1358 2019 Qui
1412 1952 1643 2027 quum
1688 1943 2020 2001 auctores
2076 1943 2245 1999 sunt
2286 1944 2359 2000 et
2404 1927 2627 2004 duces

491 2060 794 2109 suorum
852 2038 1260 2111 studiorum
1313 2040 1803 2137 vitiorumque
1854 2041 2091 2128 nacti,
2138 2041 2213 2110 in
2256 2038 2626 2137 republica

481 2146 755 2221 fluctus
796 2150 1243 2239 excitantur3
1282 2164 1366 2222 ut
1395 2148 1841 2247 vigilandum
1878 2153 1967 2223 sit
2012 2150 2134 2238 iis,
2174 2150 2303 2247 qui
2332 2149 2471 2224 sibi
2500 2176 2627 2248 gu·

487 2256 884 2370 liet-nacula
907 2262 1150 2362 patriae
1176 2261 1795 2362 depoposcerunt,
1826 2260 2397 2359 enitendumque
2424 2267 2623 2335 omui

487 2374 784 2444 scientia
829 2396 912 2444 ac
966 2371 1333 2471 diligentia
1354 2429 1374 2463 ,
1427 2387 1549 2462 ut,
1598 2374 2035 2446 conservatis
2082 2371 2232 2456 his,
2278 2396 2441 2468 quae
2488 2395 2623 2470 ego

486 2482 732 2580 paullo
771 2497 938 2555 ante
979 2481 1451 2558 fundamenta
1485 2508 1569 2556 ac
1612 2483 1937 2556 membra
1968 2507 2123 2556 esse
2158 2481 2353 2566 dixi,
2375 2496 2621 2554 tenere

545 2680 725 2728 XLVI.
757 2693 802 2726 1.
840 2677 1123 2744 Religiones.
1165 2681 1236 2728 Ut
1275 2696 1357 2739 eu,
1388 2697 1501 2745 quae
1590 2692 1752 2730 centes
1770 2679 2037 2746 significet,
2057 2681 2205 2729 alters
2224 2679 2451 2737 furiosos,
2476 2681 2619 2730 tertia

475 2757 540 2806 nd
557 2757 676 2806 deos
695 2758 967 2822 pertinent,
988 2759 1206 2808 studiose
1225 2771 1495 2810 servemur.
1588 2761 1727 2809 melis
1754 2761 2034 2808 domesticis
2064 2759 2327 2823 impeditos
2351 2775 2365 2809 :
2392 2774 2500 2824 quae
2524 2761 2621 2810 ho-

547 2853 596 2886 2.
626 2837 882 2901 Auspicia.
925 2841 1077 2887 Recte
1105 2851 1218 2904 post
1242 2840 1501 2904 religiones
1588 2842 1774 2890 minum
1792 2857 1963 2906 genera
1987 2839 2049 2888 ab
2076 2840 2387 2904 optimatium
2412 2856 2618 2892 numero

470 2917 685 2981 auspicis
715 2917 911 2980 posuit3
937 2933 1050 2966 nam
1080 2929 1131 2968 et
1157 2920 1263 2984 ipss
1297 2919 1501 2969 deorum
1583 2924 1685 2983 jein
1702 2919 1922 2970 exclusit.

472 3014 501 3045 ι
537 2995 788 3044 voluntate
821 2997 1038 3060 pendent
1067 3007 1092 3046 τ’
1121 3015 1214 3048 nec
1253 2999 1414 3048 omitti
1452 3009 1504 3048 et
1663 3002 1717 3052 8.
1742 2999 1913 3048 Iamb.
1939 2996 2141 3048 ωιὺηίε.
2166 2999 2201 3046 J
2204 3034 2218 3049 .
2234 2999 2300 3047 V.
2322 3001 2379 3048 1..

473 3073 658 3138 negligi
701 3085 938 3138 possunt,
982 3076 1104 3140 quin
1143 3077 1286 3126 simul
1329 3074 1501 3142 religio
1658 3095 1709 3142 9.
1768 3081 1929 3143 Quam
1978 3093 2084 3126 suo.
2138 3080 2280 3126 Hane
2328 3079 2615 3131 santonum

476 3153 742 3204 deseratur.

540 3235 592 3281 3.
609 3235 876 3282 Potestates
893 3233 1280 3300 megrim-acuum.
1299 3235 1498 3286 Servan-

467 3311 530 3359 ds
559 3313 688 3359 enim
718 3322 832 3360 sunt
858 3313 970 3374 jura
1009 3315 1412 3379 magistratuum:
1441 3325 1496 3362 ut

469 3401 658 3440 tantum
677 3393 894 3455 possint,
920 3404 1158 3457 quantum
1173 3396 1244 3442 eis
1262 3410 1292 3443 ι
1307 3394 1495 3459 legibus

470 3469 715 3518 tribuitur.

537 3555 590 3605 4.
629 3548 788 3598 Fides.
824 3551 902 3602 Ne
934 3549 1060 3614 quid
1093 3551 1316 3602 utilitatis
1349 3567 1494 3603 cnm

462 3639 639 3695 preter
656 3627 803 3678 fidem
821 3633 1198 3682 committamus.

533 3710 585 3760 5.
625 3708 767 3758 Socii.
807 3711 906 3774 Qui
947 3711 1090 3760 uobis
1132 3708 1302 3760 tuendi
1336 3719 1487 3760 sunt:

457 3787 550 3836 etsi
565 3803 668 3836 non
688 3805 716 3836 a
735 3788 1094 3852 magistratibus
1113 3789 1317 3848 nostris,
1341 3787 1488 3838 sicuti

461 3867 734 3930 provincio
749 3902 766 3927 ‚
789 3877 1036 3931 regantur.

530 3947 580 3994 6.
606 3947 775 3995 Lemb-
798 3957 890 3995 ουτ
905 3945 1005 4009 qui.
1027 3947 1078 3995 J.
1097 3948 1164 3994 V.
1189 3948 1245 3994 1..

535 4043 582 4086 7.
615 4026 716 4090 Qui
741 4037 828 4074 aue
848 4035 1054 4090 propter
1079 4036 1272 4076 metunt.
1309 4028 1366 4074 In
1395 4037 1490 4078 tres

463 4115 622 4168 partes
648 4103 804 4152 divise
829 4103 1069 4154 sententis
1089 4116 1198 4156 est:
1221 4105 1374 4170 prima
1399 4123 1490 4157 uo·

1586 3157 1809 3224 pluribus
1838 3158 2072 3223 exemplis
2102 3167 2153 3209 et
2180 3157 2531 3219 eruditissime,
2558 3171 2615 3211 ut

1585 3237 1739 3294 solet,
1768 3237 1931 3286 omnis
1946 3270 1961 3295 ,
1988 3237 2246 3288 illustravit
2278 3237 2355 3288 cl.
2379 3236 2617 3288 nnnhke-

1584 3317 1696 3366 nius
1728 3317 1793 3364 ad
1813 3316 1993 3366 Velleii
2023 3317 2188 3366 locum
2206 3353 2223 3379 ,
2258 3332 2407 3380 quem
2436 3317 2613 3369 referre

1583 3411 1687 3445 non
1726 3397 1863 3460 piget
1894 3412 1909 3445 ε
1955 3413 2151 3460 equum
2190 3407 2315 3444 esset
2343 3396 2613 3461 (Egnatius

1581 3473 1779 3536 Rufus)
1800 3476 1937 3524 omni
1963 3475 2255 3540 flagitiorum
2282 3475 2613 3540 scelerumque

1582 3554 1879 3604 conscientia
1894 3571 2080 3604 mersus
2098 3590 2115 3617 ,
2138 3571 2231 3606 nec
2248 3556 2425 3604 melior
2444 3555 2520 3604 illi
2538 3571 2613 3604 res

1582 3633 1853 3693 familiaris,
1867 3649 2011 3698 quem
2026 3649 2163 3682 mens
2176 3634 2321 3696 font,
2336 3634 2611 3684 interimere

1576 3712 1815 3760 Cesarem
1834 3715 2004 3762 statuit
2018 3749 2035 3774 ,
2058 3724 2143 3775 ut,
2162 3729 2265 3777 quo
2284 3714 2427 3764 selvo
2444 3712 2609 3762 salvus

1576 3807 1679 3841 esse
1704 3807 1809 3840 nou
1835 3802 2057 3856 poteret,
2086 3808 2147 3842 eo
2174 3793 2371 3842 subluto
2396 3805 2613 3840 monse-

1578 3880 1676 3920 tur.
1702 3871 1901 3936 Quippe
1930 3873 1999 3921 its
2034 3889 2087 3922 se
2118 3889 2279 3922 mores
2308 3871 2527 3930 habent,
2551 3881 2608 3922 ut

1575 3949 1772 4015 publice
1796 3951 2004 4030 quisque
2026 3952 2165 4000 ruine
2192 3951 2329 4000 malit
2350 3949 2605 4009 occidere,

1578 4045 1721 4093 quem
1761 4046 1847 4078 sus
1886 4031 2103 4094 proteri,
2130 4042 2183 4080 et
2214 4031 2345 4080 idem
2378 4045 2609 4154 passurus

1578 4110 1737 4160 minus
1760 4111 2039 4176 conspici.
