2996 4694
491 371 634 451 224
939 416 944 421 -
1143 368 1240 435 M.
1292 368 1370 435 Τ.
1423 366 1979 436 CICERONIS

489 492 726 564 vitatis
761 514 998 562 -causa
1047 488 1386 586 relinquo
1431 490 1697 561 omnia.
1745 487 1998 560 Habeo
2041 490 2272 576 enim,
2312 488 2633 585 judices,

490 626 712 701 quern
748 626 878 673 vos
923 602 1200 671 socium
1254 614 1507 671 vestrae
1554 598 1921 697 religionis
1964 600 2297 697 jurisque
2340 601 2633 696 jurandi

487 710 690 785 facile
732 736 878 783 esse
921 711 1326 809 patiamini,
1363 715 1443 781 L.
1484 712 1911 797 Lucceium,
1945 709 2470 781 sanctissimum
2508 710 2635 782 ho·

485 827 792 909 minem,
842 836 916 893 et
963 822 1464 921 gravissimum
1512 835 1815 892 testem:
1856 820 1986 917 qui
2032 832 2311 890 tantum
2350 818 2633 895 facinus

489 934 566 1004 in
606 931 866 1005 famam
907 945 1128 1028 atque
1164 928 1490 1003 fortunas
1534 954 1697 1002 suas
1729 952 1971 1027 neque
2004 955 2153 1001 non
2193 929 2508 1003 audisset
2542 932 2631 1003 il-

489 1042 720 1113 latum
785 1067 826 1114 a
890 1040 1160 1129 Coelio,
1223 1066 1466 1140 neque
1528 1039 1983 1138 neglexisset,
2037 1064 2281 1139 neque
2328 1042 2631 1114 tulisseh

492 1156 602 1225 An
636 1152 758 1224 ille
790 1153 923 1239 vir,
953 1151 1071 1221 illa
1107 1148 1558 1223 humanitate
1591 1148 1965 1251 praedituS,
2010 1151 2147 1223 illis
2182 1150 2435 1223 studiis
2462 1206 2482 1240 ,
2516 1176 2630 1223 ara

489 1262 688 1335 tibus
727 1278 944 1359 atque
981 1261 1311 1333 doctrina
1334 1274 1419 1350 ¹⁰,
1454 1262 1648 1333 illius
1676 1263 1901 1360 ipsius
1933 1261 2373 1360 periculum,
2406 1272 2633 1361 quem'

491 1389 796 1473 propter
823 1372 976 1446 haec
1005 1378 1156 1471 ipsa
1183 1373 1421 1445 studia
1452 1372 1828 1470 diligebat,
1850 1371 2211 1469 negligere
2236 1374 2635 1471 potuisset?

492 1500 604 1571 et,
651 1482 854 1581 quod
911 1481 1227 1569 facinuS,
1281 1484 1358 1554 in
1411 1484 1731 1555 alienum
1780 1482 2153 1554 hominem
2199 1481 2473 1555 illatum
2524 1508 2635 1555 se·

489 1617 659 1666 vere
707 1594 1097 1689 acciperet,
1149 1593 1224 1665 id
1261 1596 1609 1665 omisisset
1644 1618 1899 1667 curare
1935 1598 2015 1664 in
2054 1592 2393 1692 hospite?
2426 1594 2633 1692 quod

489 1728 624 1803 per
669 1705 958 1800 ignotos
1001 1718 1243 1775 actum
1291 1730 1524 1801 quum
1570 1707 2150 1803 comperisse-tn,
2198 1703 2520 1794 doleret,
2557 1704 2633 1776 id

493 1842 533 1889 a
569 1816 718 1886 suis
754 1826 1110 1885 tentatum
1149 1838 1304 1887 esse
1335 1814 1772 1912 negligeret?
1800 1813 2003 1911 quod
2034 1815 2111 1884 in
2150 1816 2337 1911 agris
2365 1815 2633 1887 locisve

493 1924 802 2025 publicis
865 1921 1130 1995 factum
1193 1924 1800 2023 reprehenderet,
1854 1922 1926 1996 id
1983 1925 2062 1995 in
2118 1924 2301 1995 urbe
2349 1949 2433 1998 ac
2482 1950 2633 1997 suae

489 2035 688 2107 domi
743 2048 1061 2133 coeptum
1120 2059 1311 2122 esse,
1355 2034 1611 2106 leviter
1666 2031 1934 2106 ferret?
1967 2034 2171 2131 quod
2215 2037 2293 2105 in
2326 2034 2631 2131 alicujus

490 2146 786 2247 agrestis
833 2146 1159 2243 periculo
1205 2170 1360 2215 non
1409 2145 2025 2244 praetermitteret,
2071 2142 2147 2215 id
2194 2142 2417 2214 homo
2456 2168 2627 2215 eru-

492 2258 685 2331 ditus
735 2258 812 2327 in
873 2256 1151 2328 insidiis
1205 2256 1605 2329 doctissimi
1658 2255 1973 2329 hominis
2024 2254 2629 2330 dissimulandum

490 2370 820 2469 putaret?
863 2366 1006 2440 Sed
1049 2391 1181 2438 cur
1219 2366 1494 2439 diutius
1530 2391 1701 2456 vos,
1732 2363 2045 2463 judices,
2088 2367 2359 2437 teneo?
2390 2367 2629 2464 Ipsius

483 2478 703 2573 jurati
765 2477 1185 2574 religionem
1244 2480 1893 2575 auctoritatemque
1958 2477 2342 2574 percipite,
2408 2490 2629 2576 atque

487 2589 733 2659 omnia
777 2585 1159 2681 diligenter
1203 2588 1595 2658 testimonii
1643 2585 1865 2658 verba
1902 2589 2333 2684 cognoscite.
2380 2589 2631 2659 Recita

487 2697 982 2770 testimonium
1043 2697 1355 2767 Lucceii.
1409 2701 1917 2769 Testimonium
1971 2704 2261 2770 Lucem
2268 2753 2383 2770 .....
2429 2697 2627 2790 Quid

489 2805 914 2905 exspectatis
946 2805 1302 2903 amplius?
1339 2831 1430 2878 an
1465 2806 1777 2904 aliquam
1809 2831 2059 2880 vocem
2093 2811 2361 2906 putatis
2398 2812 2627 2906 ipsam

489 2941 625 3015 pro
665 2939 742 2986 se
789 2937 1074 2985 causam
1125 2929 1202 2986 et
1249 2919 1623 2988 veritatem
1671 2941 1883 3015 posse
1932 2918 2273 2988 mittere?
2318 2923 2481 2989 Haec
2518 2934 2629 2990 est

487 3024 917 3097 innocentiae
973 3021 1340 3114 defensi0,
1391 3025 1561 3097 haec·
1599 3027 1825 3124 ipsius
1884 3051 2111 3098 causae
2159 3027 2423 3118 oratio,
2473 3027 2629 3100 haec

485 3163 634 3210 una
668 3162 812 3207 vox
847 3136 1182 3208 veritatis.
1219 3140 1300 3208 In
1341 3137 1645 3208 crimine
1688 3141 1851 3234 ipso
1886 3137 2083 3208 nulla
2120 3140 2437 3236 suspicio
2478 3154 2624 3224 est,
2712 3164 2719 3172 ·

485 3261 560 3320 et
593 3251 672 3318 in
706 3271 786 3316 re
823 3244 1005 3316 nihil
1043 3261 1152 3318 est
1187 3249 1632 3343 argumenti3
1673 3248 1747 3317 in
1783 3249 2114 3344 negoti0,
2146 3247 2348 3346 quod
2382 3263 2625 3318 actum

485 3382 641 3430 esse
698 3355 982 3444 dicitur,
1035 3354 1320 3427 nullum
1365 3357 1741 3454 vestigium
1787 3357 2173 3441 sermonis,
2216 3355 2399 3444 loci,
2448 3373 2629 3430 tem-

486 3618 708 3668 cubratas
769 3619 1087 3670 afferebamus
1127 3641 1174 3668 a.
1234 3618 1513 3668 Tullianum
1600 3635 1703 3668 ene
1728 3619 1783 3666 L.
1808 3619 2069 3668 Lucceium
2089 3619 2227 3669 illum
2243 3655 2259 3680 ,
2280 3637 2307 3668 a
2328 3637 2431 3685 quo
2452 3621 2629 3672 Cicero

488 3709 562 3746 est
599 3713 676 3744 res
713 3695 992 3756 elaborari,
1039 3714 1140 3745 non
1176 3696 1415 3757 laborari,
1456 3707 1515 3745 ut
1601 3697 1905 3748 ornatissima
1923 3699 2127 3762 epistola
2174 3700 2277 3762 (ad
2294 3701 2415 3752 niv.
2432 3704 2497 3760 V,
2524 3705 2627 3762 η)

485 3777 723 3844 perfectio
741 3778 962 3842 quedam
983 3775 1299 3841 significetur,
1318 3777 1513 3840 qualem
1601 3777 1723 3842 petit
1738 3808 1755 3836 ‚
1783 3787 1839 3824 ut
1862 3793 1972 3824 sua·
2003 3795 2079 3828 rec
2106 3781 2352 3828 memoria
2379 3780 2631 3845 literisque

393 3873 396 3876 ’
485 3856 700 3905 hominis
727 3855 942 3904 studium
969 3869 1112 3902 omne
1139 3853 1414 3904 adhibentis
1433 3855 1513 3903 fa·
1601 3855 1813 3906 mandet.

486 3935 638 3984 culm
665 3935 802 3984 serat.
1678 3951 1756 3983 11.
1780 3937 1875 3983 Per
1904 3936 2101 4000 ignota
2124 3949 2287 3986 actum
2314 3953 2468 4002 quam
2494 3955 2627 3988 oont-

563 4031 640 4064 ιο.
667 4012 846 4062 Studiis
859 4047 875 4073 ,
901 4009 1084 4060 arcibus
1103 4022 1250 4076 atque
1266 4013 1509 4064 doctrina.
1590 4011 1813 4080 perisset.
1846 4015 1947 4064 Alii
1963 4051 1979 4076 ,
2004 4033 2101 4080 per
2140 4017 2335 4082 ignum
2374 4029 2543 4068 acuam
2582 4021 2631 4066 si

483 4092 646 4142 Exhis
660 4091 776 4156 ipsis
790 4089 952 4140 verbis
969 4089 1212 4152 conjicere
1225 4091 1354 4154 licet,
1371 4094 1507 4142 hunc
1596 4095 1919 4160 comperisset.
