2996 4694
773 427 1157 495 ORATIO
1209 429 1317 498 IN
1368 431 1448 498 L.
1498 430 1580 496 c.
1635 429 2110 500 PisoNEM.
2291 417 2298 424 '
2361 428 2502 526 359
2560 494 2562 498 ,

378 547 707 622 cionibus
728 546 1249 645 rempublicam
1273 564 1482 624 vexet
1501 605 1521 638 ‚
1543 575 1636 620 an
1663 549 1838 620 alios
1869 575 2126 622 vexare
2160 554 2492 648 patiatur.

376 665 485 730 An
504 672 748 757 potest
766 656 911 728 ulla
932 681 1083 728 esse
1100 661 1485 746 excusatiO,
1509 685 1660 730 non
1689 661 1917 731 dicam
1939 662 2122 733 male
2141 667 2501 748 sentienti,

378 768 503 840 sed
544 767 892 856 sedenti²‚
932 772 1337 854 cunctanti,
1364 769 1755 841 dormienti
1787 770 1866 840 in
1911 774 2222 842 maximo
2259 777 2502 869 reipu-

374 879 577 952 blicae
636 893 841 949 motu
888 878 1205 949 consuli?
1266 883 1578 950 Centum
1645 904 1874 977 prope
1937 877 2216 950 annos-3
2272 879 2502 978 legem

374 991 629 1062 AEliam
652 1004 727 1061 et
744 987 1019 1076 Fufiam
1038 1003 1500 1060 tenueramus
1519 1017 1537 1077 3
1556 988 2124 1087 quadringentos
2148 990 2502 1088 judicium

374 1102 894 1196 notionemque
913 1101 1451 1189 censoriam.Qu
1460 1123 1535 1171 as
1557 1099 1750 1196 leges
1765 1123 1979 1170 ausus
1997 1113 2104 1170 est
2123 1125 2268 1170 non
2288 1125 2506 1172 nemo

376 1211 751 1309 improbus
776 1265 796 1298 ‚
851 1212 1088 1308 potuit
1138 1208 1429 1306 quidem
1484 1235 1704 1282 nemo
1768 1210 2168 1280 convellere
2220 1238 2234 1280 :
2284 1235 2502 1308 quam

374 1335 803 1418 potestatem
852 1321 1175 1389 minuere
1191 1323 1245 1406 4,
1282 1345 1434 1417 quo
1468 1325 1708 1392 minus
1739 1319 1830 1392 de
1872 1318 2198 1392 moribus
2241 1325 2504 1395 nostris

376 1431 635 1526 quinto
663 1454 963 1527 quoque
990 1453 1181 1500 anno
1206 1430 1682 1522 judicaretur,
1719 1453 1934 1499 nemo
1967 1445 2111 1500 tam
2131 1428 2357 1501 effuse
2385 1455 2504 1528 pe·

378 1540 615 1612 tulans
657 1554 956 1610 conatus
990 1553 1117 1610 est.
1159 1543 1325 1609 Haec
1357 1555 1567 1626 sunt,
1610 1565 1656 1611 o
1711 1537 2058 1623 carnifex,
2113 1541 2184 1609 in
2231 1542 2506 1637 gremio

376 1650 653 1747 sepulta
705 1649 1123 1720 consulatus
1162 1651 1289 1718 tui.
1348 1654 1782 1747 Perse-quere
1831 1673 2198 1720 connexos
2240 1648 2350 1720 his
2397 1648 2504 1720 fu-

378 1759 670 1832 neribus
720 1759 894 1832 dies.
950 1763 1091 1830 Pro
1136 1758 1431 1833 Aurelio
1484 1759 1828 1830 tribunali
1848 1749 1917 1843 5‚‘
1946 1783 2037 1830 ne
2077 1761 2505 1832 connivente

374 1869 670 1967 quidem
706 1885 814 1957 te,
853 1869 1051 1965 quod
1092 1871 1331 1966 ipsum
1372 1883 1559 1940 esset
1601 1863 1868 1955 sceluS,
1897 1869 2018 1940 sed
2067 1874 2276 1939 etiam
2323 1870 2506 1940 hila-

376 1983 689 2056 rioribus
722 1984 981 2070 oculiS‚
1017 2006 1238 2079 quam
1280 1981 1534 2054 solitus
1575 2007 1762 2070 eras,
1803 1985 2157 2069 intuente,
2186 1983 2504 2056 delectus

376 2115 747 2164 servorum
799 2089 1201 2162 habebatur
1254 2091 1346 2163 ab
1387 2117 1506 2178 eo,
1555 2093 1682 2188 qui
1727 2090 1908 2162 nihil
1962 2091 2097 2163 sibi
2157 2116 2502 2191 umquam

378 2225 511 2272 nec
546 2199 779 2272 facere
801 2255 821 2288 ‚
852 2225 989 2272 nec
1027 2202 1175 2297 pati
1208 2215 1419 2298 turpe
1447 2200 1674 2271 duxit.
1699 2193 1930 2272 'Arma
1967 2203 2040 2270 iu
2071 2202 2344 2299 templo
2373 2207 2504 2274 Ca·-

374 2312 587 2385 storis
620 2315 707 2409 (o
746 2311 1077 2410 proditor
1111 2309 1948 2409 templommffiomnium
1973 2309 2036 2407 !)
2071 2313 2362 2385 vidente
2399 2329 2504 2400 te,

376 2420 1003 2495 constituebantur
1016 2420 1108 2492 ab
1130 2438 1217 2492 eo
1235 2420 1668 2511 latrone,cui
1683 2420 2038 2521 ternplum
2057 2421 2234 2516 illud
2253 2421 2413 2509 fuit,
2431 2437 2502 2494 te

372 2536 707 2619 consule,
742 2524 875 2605 'arx
902 2534 1163 2604 civium
1194 2533 1684 2631 perditorum,
1726 2532 2268 2631 receptaculum
2305 2547 2499 2604 vete-

372 2669 531 2714 rum
585 2643 905 2714 Catilinae
945 2642 1285 2731 militum,
1338 2642 1710 2745 castellum
1762 2640 2066 2715 forensis
2108 2636 2500 2731 latrocinii,

374 2751 665 2823 bustum
704 2750 991 2850 legum⁷
1032 2741 1355 2829 oxnnium
1378 2776 1476 2833 ‚ac
1514 2751 1963 2849 religionum.
2001 2756 2170 2823 Erat
2203 2778 2350 2825 non
2393 2779 2508 2825 so-

448 2982 497 3016 2.
534 2964 747 3016 Sodomi.
792 2966 1060 3027 Oscitanti,
1106 2982 1210 3014 non
1255 2966 1395 3015 auxi-

372 3046 527 3097 lianti.
1190 3050 1199 3057 ·

447 3128 498 3175 3.
516 3126 712 3174 Centum
731 3140 881 3190 prope
896 3140 1075 3174 annos.
1093 3122 1223 3173 Bene
1238 3124 1393 3189 legem

375 3204 681 3253 commendat
723 3220 749 3252 a
794 3214 1061 3253 vetustate:
1104 3202 1225 3251 nihil
1262 3204 1391 3251 enim

374 3282 695 3347 periculosius
711 3316 726 3341 ,
742 3296 889 3347 quem
916 3285 959 3330 si
982 3282 1104 3347 quid
1128 3268 1181 3329 i'n
1205 3282 1395 3346 legibus

374 3363 649 3411 innovetur.
674 3362 753 3410 Sic
783 3378 877 3411 nou
902 3364 955 3410 in
985 3362 1289 3411 dedicatione
1306 3361 1397 3409 hu·

367 3443 451 3503 jus
468 3442 782 3491 collectionis
802 3442 1025 3505 (Cauris
1048 3443 1149 3490 vol.
1182 3444 1233 3504 1)
1270 3441 1395 3488 rela-

374 3532 480 3569 tum
530 3520 867 3585 sapientissimi
932 3522 1171 3569 Ludovici
1225 3522 1394 3567 xvm

371 3600 577 3649 verbum
622 3600 721 3663 ipsi
763 3601 1147 3649 consecravimus
1174 3615 1187 3649 ε
1244 3620 1271 3641 α
1296 3598 1395 3661 Qui

372 3678 572 3727 meliora
618 3678 747 3743 petit
766 3715 781 3738 ,
841 3690 1009 3728 caveat
1057 3692 1258 3743 peccare
1304 3692 1395 3725 no-

374 3758 535 3806 vando
559 3778 599 3806 ι.
628 3758 722 3805 En.

445 3844 491 3892 4.
523 3840 685 3901 Quam
704 3846 983 3899 potestatem
1010 3835 1243 3883 minuere.
1278 3838 1392 3883 Stu-

374 3915 485 3963 duit
510 3926 671 3963 tamen
704 3924 993 3978 potetatem
1029 3914 1155 3960 hanc
1180 3914 1397 3961 minuere

373 3995 645 4044 Mamm-us
658 3991 879 4039 AEmilius
898 3992 1121 4049 dictator,
1141 3992 1227 4053 qui
1242 3991 1395 4054 legem

378 4072 519 4129 tulit,
534 4082 593 4119 ut
612 4084 813 4119 cenam
828 4102 844 4128 ,
871 4086 983 4133 (χω
1006 4079 1119 4115 ante
1139 4084 1227 4131 per
1252 4069 1397 4131 qu'in·
1448 4127 1455 4139 ι

374 4151 637 4213 quennium
661 4146 935 4209 gerebatur,
962 4148 1075 4195 anni
1094 4157 1141 4195 et
1162 4162 1243 4193 sex
1264 4162 1399 4193 men-

1482 2968 1606 3016 tium
1649 2968 1808 3033 spatio
1847 2966 2072 3015 finiretur
2106 2966 2246 3032 (vide
2279 2969 2382 3017 Liv.
2411 2970 2502 3029 tv,

1483 3048 1597 3111 πως
1623 3047 1782 3097 donec
1807 3046 1860 3094 id
1887 3046 2048 3095 denno
2081 3048 2132 3095 vi
2167 3048 2375 3111 quadam
2411 3050 2502 3097 im·

1480 3138 1722 3176 mutatum
1737 3126 1830 3173 suit
1843 3126 1904 3173 ab
1921 3127 2088 3190 Appio
2107 3124 2315 3174 Claudio
2340 3128 2500 3177 Coeco.

1555 3208 1603 3254 5.
1635 3206 1726 3252 Pro
1752 3203 1955 3251 Aurelio
1978 3204 2225 3251 tribunali.
2259 3208 2316 3251 In
2349 3205 2504 3255 tribn-

1480 3284 1604 3345 nali,
1645 3281 1783 3347 quod
1821 3282 1883 3330 ab
1918 3282 2119 3330 Aurelio
2153 3282 2298 3331 Cotta
2326 3298 2506 3333 nomen

1480 3373 1752 3427 acceperat.
1772 3366 1882 3410 Hoc
1914 3372 2015 3409 erat
2045 3361 2096 3408 in
2129 3362 2240 3410 foro
2267 3364 2504 3412 constitn-

1482 3452 1586 3489 tnm
1601 3476 1614 3499 ,
1645 3454 1738 3503 qna
1778 3450 1914 3504 parte
1955 3440 2205 3504 plebecula
2241 3442 2503 3491 convenire

1482 3515 1706 3580 solebam
1728 3518 1844 3565 inde
1863 3518 2053 3582 populo
2070 3518 2217 3566 verba
2237 3518 2503 3580 faciebant,

1482 3600 1570 3663 qui
1609 3597 1872 3645 seditiones
1907 3598 2092 3660 aliquas
2131 3598 2296 3645 fovere
2329 3610 2379 3646 et
2403 3616 2509 3647 sns-

1484 3678 1633 3724 citare
1659 3676 1712 3722 in
1739 3686 1950 3723 mentem
1975 3674 2237 3723 habebant.

1555 3758 1604 3803 6.
1637 3756 1682 3801 Ο
1694 3754 1918 3818 proditor
1941 3755 2230 3818 templorum
2255 3758 2472 3805 omnium
2488 3764 2509 3804 .'

1484 3834 1586 3898 Qui
1603 3834 1836 3898 templum
1855 3834 2069 3882 Castoris
2083 3866 2097 3891 ‚
2121 3844 2171 3881 et
2187 3834 2341 3881 edem
2357 3836 2508 3900 Nym·

1483 3914 1718 3977 pharum,
1749 3922 1804 3959 ut
1833 3927 1858 3957 a
1885 3912 2062 3959 Clodio
2105 3913 2509 3972 incenderentur,

1486 3991 1763 4055 prodidisti.

1561 4086 1609 4128 7.
1639 4074 1832 4117 Busmm
1864 4068 2028 4131 legum
2063 4068 2276 4115 omnium
2303 4084 2366 4115 ae
2391 4069 2512 4117 reli.

1486 4148 1710 4211 giveium.
1741 4148 1856 4207 Quo
1883 4144 2066 4208 templo
2091 4160 2116 4189 a
2147 4144 2388 4192 seditiosis
2426 4162 2510 4194 oc-
