2996 4694
592 395 874 465 ORAT.
925 395 1052 465 DE
1101 396 1392 465 PROV.
1442 395 2279 470 CONSULARIBUS.
2382 390 2523 463 265

399 518 942 588 taminatissimo
959 570 978 604 ‚
1015 516 1196 587 nihil
1230 542 1379 591 esse
1413 518 1895 604 credendum3
1938 514 2203 587 deinde
2220 570 2241 603 ‚
2280 539 2325 587 a
2358 540 2526 613 pro-

401 626 632 699 ditore
649 680 670 715 ‚
703 641 921 725 atque
944 652 1069 715 eo,
1099 652 1320 727 quem
1347 644 1773 729 praesentem
1799 628 2089 699 hostem
2112 624 2525 723 reipublicae

401 752 776 834 cognosset
794 791 815 824 ‚
852 735 1040 808 bene
1070 762 1224 809 rem
1257 741 1406 836 geri
1436 763 1585 810 non
1617 738 1973 837 potuisse3
2004 750 2406 834 postremo,
2434 759 2526 805 ne

401 846 576 919 deos
621 846 916 945 quidem
957 850 1398 921 immortales
1432 848 1619 921 velle
1648 849 1905 948 aperiri
1946 870 2069 917 sua
2106 843 2412 943 templa,
2456 858 2529 915 et

401 957 538 1029 sibi
589 957 974 1056 supplicari
1017 958 1334 1031 hominis
1382 959 1851 1058 impurissimi
1898 971 1970 1029 et
2008 954 2529 1027 sceleratissimi

403 1066 699 1139 nomine
719 1079 772 1137 ⁷.
808 1069 1058 1163 Itaque
1093 1069 1214 1140 ille
1247 1070 1447 1158 alter,
1481 1084 1607 1141 aut
1642 1070 1796 1167 ipse
1832 1082 1940 1139 est
1978 1067 2199 1145 homo
2230 1062 2487 1135 doctus
2508 1116 2528 1147 ‚

403 1191 477 1248 et
511 1201 554 1248 a
589 1179 736 1249 suis
777 1174 1087 1249 Graecis⁸
1131 1177 1464 1251 subtilius
1514 1178 1873 1261 erudituS‚
1910 1174 2349 1272 quibuscum
2379 1174 2527 1268 jam

400 1286 478 1356 in
525 1300 804 1357 exostra
822 1298 855 1345 9
894 1286 1260 1359 helluatur
1282 1299 1369 1374 ¹⁰,
1415 1304 1623 1361 antea
1666 1301 1831 1387 post
1874 1287 2217 1384 siparium
2236 1294 2293 1327 ¹¹
2336 1282 2529 1353 sole-

399 1395 530 1469 bat
548 1450 568 1484 ,
618 1411 743 1469 aut
793 1400 1062 1469 amicos
1109 1398 1330 1472 habet
1383 1400 1885 1497 prudentiores
1902 1406 1993 1482 ¹²,
2046 1417 2264 1493 quam
2308 1390 2530 1463 Gabi-

401 1508 598 1593 nius,
641 1510 846 1602 cujus
880 1508 1098 1579 nullae
1141 1510 1362 1581 literae
1405 1508 1893 1609 perferuntur.

403 1672 410 1679 .
499 1621 656 1689 VII.
693 1624 924 1691 Hosce
947 1608 1182 1715 'igitur
1209 1620 1683 1718 imperatores
1708 1613 2183 1689 habebimus?
2214 1634 2530 1709 quorum

401 1727 582 1799 alter
611 1752 764 1799 non
812 1726 1032 1801 audet
1083 1754 1218 1803 nos
1253 1731 1593 1803 certiores
1626 1728 1859 1801 facere
1876 1780 1897 1812 ‚
1951 1748 2046 1796 ne
2070 1734 2090 1767 ¹
2139 1728 2532 1821 imperator

476 1944 524 1989 7.
568 1926 792 1993 Nomine.
839 1933 1078 1993 Frequens
1123 1928 1311 1978 locutio
1364 1930 1418 1977 in

401 2004 597 2054 Catilin.
620 2006 692 2053 1v
713 2022 728 2052 ε
760 2028 786 2047 κ
805 2008 923 2055 Meo
950 2008 1146 2056 nomine
1173 2006 1418 2071 supplica-

401 2085 560 2131 tiones
583 2083 866 2133 decrevistis
884 2106 930 2134 a.
957 2085 1124 2133 Livius
1141 2085 1271 2134 libro
1287 2085 1420 2133 deei-

401 2178 488 2209 mo
515 2177 530 2211 :
567 2182 590 2206 α
614 2162 1004 2226 supplicationes
1043 2164 1109 2213 ob
1155 2180 1254 2212 rem
1294 2164 1419 2211 bene

403 2252 583 2304 gestam
611 2241 824 2290 consuli·
851 2243 1048 2291 nomine
1081 2242 1350 2292 decernunt
1369 2265 1416 2293 a.

403 2320 465 2368 Et
479 2320 596 2369 alibi
613 2320 808 2385 panim.

474 2400 525 2448 8.
546 2405 594 2448 A
617 2400 717 2448 suis
740 2401 942 2450 Groeeis.
968 2401 1197 2450 Pisonem
1221 2403 1421 2451 Graecos

399 2478 618 2528 eruditos
651 2479 872 2526 homiues
905 2479 1094 2544 aliquot
1129 2497 1292 2529 secum
1326 2481 1418 2529 ha-

397 2555 586 2616 buisse,
622 2569 672 2607 et
699 2555 852 2606 literis
887 2561 1056 2622 grecis
1091 2559 1419 2619 delectatum,

398 2647 563 2702 aperte
586 2653 648 2684 ex
673 2637 839 2686 Piuon.
865 2637 1170 2702 intelligitur.

469 2731 523 2778 9.
555 2714 681 2764 Edd.
707 2725 825 2764 vett.
853 2716 1040 2763 exedra
1053 2750 1072 2778 ,
1095 2715 1228 2764 unde
1255 2732 1420 2765 emen-

400 2793 636 2843 daverunt
677 2795 934 2844 erchem-a.
980 2795 1078 2844 Sed
1123 2811 1234 2844 vera
1271 2795 1418 2846 lectio

399 2883 474 2921 est
489 2885 706 2930 exostra,
727 2874 929 2922 testibus
945 2876 1083 2924 MSS.
1104 2879 1154 2926 J.
1168 2878 1229 2924 V.
1253 2877 1309 2923 L.

477 2965 558 3001 10.
608 2953 831 3002 Ετοεενα
873 2953 1136 3004 bellantur.
1187 2953 1418 3014 Machina

400 3047 523 3095 qua,
560 3047 670 3094 qua
712 3033 844 3080 intus
875 3045 1127 3096 geruntur,
1167 3035 1289 3081 rotis
1323 3035 1418 3082 cir-

397 3111 632 3170 cumactis
651 3112 1008 3176 spectatoribus
1027 3109 1282 3177 patefiunt.

477 3201 498 3233 ι
513 3203 558 3236 ι.
576 3187 834 3253 Super-ium.
855 3191 1032 3239 Velnm
1050 3191 1188 3255 quod
1205 3203 1418 3240 extrema

401 3277 540 3330 parte
592 3283 750 3316 aceuae
797 3269 1087 3318 tendebatur
1103 3304 1119 3330 ,
1156 3281 1418 3334 postquam

400 3344 660 3394 histriones
711 3348 955 3396 interdum
1011 3349 1416 3398 comitabantur.

403 3424 532 3488 Ergo
555 3439 722 3473 seusus
744 3437 842 3486 eat,
869 3429 956 3490 qui
984 3430 1121 3493 prius
1147 3429 1280 3478 velut
1306 3445 1420 3477 cum

403 3503 718 3552 histrionibus
735 3515 786 3553 et
805 3507 964 3554 mimis
985 3517 1117 3556 retro
1137 3509 1294 3556 velum
1315 3508 1420 3558 hel-

401 3581 650 3640 luabatur‚
671 3581 726 3629 id
737 3583 836 3641 jam
854 3585 1108 3649 propalam
1125 3587 1326 3636 factitat.

479 3677 561 3710 ω.
589 3660 782 3708 Amicos
796 3660 944 3710 babet
951 3665 1304 3728 prudentiores.
1321 3668 1422 3730 Qui

399 3742 561 3789 literas
582 3740 648 3788 ad
671 3752 886 3789 senatum
911 3760 940 3792 e
963 3744 1230 3807 provinciis
1255 3747 1420 3794 mitte·

401 3820 520 3869 hant
533 3854 550 3879 ‚
587 3837 668 3868 eas
702 3820 841 3884 priua
875 3821 940 3868 ad
975 3822 1158 3870 amicos
1193 3824 1422 3888 legendas

403 3899 842 3962 examinandasque
872 3899 1212 3960 destinabant,
1246 3915 1304 3952 ut
1342 3919 1422 3951 eas

408 3978 482 4024 vel
515 3978 826 4036 exhiberent,
856 3978 934 4026 vel
958 3979 1239 4029 retinerent.
1275 3982 1422 4030 Deci-

409 4071 516 4106 mus
539 4059 746 4116 Brutus,
779 4073 858 4123 ep.
893 4057 957 4105 ad
983 4057 1266 4106 Ciceronem
1297 4059 1424 4109 libro

407 4135 666 4185 undecimo
697 4135 764 4185 ad
791 4137 905 4186 Div.
940 4149 1040 4199 19:
1071 4157 1097 4179 α
1121 4136 1184 4186 ad
1207 4147 1424 4186 senatum

1504 1943 1625 1993 quas
1642 1927 1803 1976 literas
1822 1927 1949 1987 misi,
1971 1926 2112 1997 velim
2131 1923 2266 1989 prius
2286 1923 2530 1988 perlega33

1504 2018 1571 2065 et,
1589 2008 1744 2073 siqua
1762 2006 1855 2052 tibi
1874 2005 2188 2063 videbuntur,
2207 2012 2473 2051 commutes
2484 2021 2527 2054 a.

1504 2085 1633 2133 Vide
1659 2085 1981 2142 Pisonianam,
2010 2098 2069 2144 1¹7
2092 2096 2108 2131 ε
2128 2102 2151 2126 α
2174 2082 2335 2129 Amici
2358 2082 2435 2129 tui
2456 2090 2530 2127 ta·-

1504 2162 1656 2213 bellas
1691 2162 1967 2211 abdiderint
1983 2184 2025 2212 υ.
2048 2161 2275 2211 Ceterum
2304 2171 2360 2207 ut
2383 2160 2529 2207 amici

1506 2242 1567 2291 de
1587 2242 1740 2291 literis
1757 2243 1810 2289 in
1836 2254 2007 2291 senatu
2022 2279 2037 2303 ,
2059 2242 2128 2288 ita
2152 2251 2347 2288 senatus
2366 2239 2426 2286 de
2443 2240 2527 2287 iis·

1507 2322 1619 2371 dem
1657 2322 1711 2370 in
1746 2321 1987 2370 concione
2002 2316 2261 2369 nde-ndis
2277 2318 2529 2368 statuebat.

1505 2402 1673 2450 Livius
1690 2402 1923 2450 xxxm
1944 2407 1961 2450 ξ
1992 2421 2017 2444 ι
2042 2401 2132 2448 11ae
2148 2400 2301 2448 literae
2321 2399 2457 2464 prius
2472 2399 2525 2446 iu

1506 2493 1677 2530 senatu
1710 2498 1737 2529 a
1774 2481 1944 2547 Sergio
1980 2491 2190 2545 pretore
2205 2515 2221 2540 ,
2260 2479 2436 2528 deinde
2465 2493 2529 2526 ex

1506 2563 1795 2610 auctoritate
1826 2574 2021 2626 patrum
2056 2563 2110 2608 in
2144 2559 2383 2609 concione
2412 2568 2529 2606 suut

1506 2641 1720 2690 recitata
1739 2662 1781 2688 n.

1578 2721 1691 2768 vn.
1737 2737 1780 2770 ι.
1824 2721 1900 2768 Ne
1938 2718 2207 2784 imperator
2244 2717 2529 2782 appelletur.

1506 2799 1728 2848 Gravius
1748 2799 1864 2864 legit
1882 2799 2222 2864 imperatorne.
2240 2796 2397 2858 Male;
2416 2812 2527 2842 nam

1503 2878 1677 2927 irridet
1697 2879 1923 2927 Pisonem
1947 2879 2121 2929 Cicero
2139 2875 2277 2941 quasi
2294 2877 2396 2938 jam
2416 2874 2527 2940 phi-

1504 2957 1756 3022 loaophari
1775 2969 1824 3006 et
1847 2957 2048 3022 gloriam
2072 2965 2379 3004 contemnere
2402 2953 2529 3000 didi-

1505 3037 1641 3084 cerit.
1674 3035 1987 3100 Appellatum
2014 3045 2174 3082 autem
2196 3034 2253 3079 in
2278 3032 2529 3096 provincia

1505 3115 1731 3162 Pisonem
1774 3116 2117 3178 imperatorem
2162 3111 2303 3158 locus
2348 3110 2431 3158 hic
2474 3111 2527 3159 in

1504 3192 1763 3240 Pisoniana
1788 3193 1894 3256 ipse
1920 3192 2129 3240 declarat
2150 3205 2165 3238 t
2196 3211 2221 3230 ιι
2239 3189 2527 3254 Appellatus

1504 3281 1578 3320 eat
1625 3270 1707 3318 hio
1754 3270 1999 3318 vulturius
2052 3269 2182 3316 illius
2230 3269 2528 3332 provincioe,

1504 3350 1547 3398 si
1598 3349 1693 3398 diis
1735 3349 1896 3414 placet
1922 3382 1940 3410 ,
1979 3349 2243 3412 imperator
2264 3367 2306 3393 n.
2348 3349 2404 3396 Si
2436 3348 2529 3397 diis

1500 3430 1678 3494 placet.
1707 3429 1799 3477 111⁸
1830 3427 1991 3476 verbis
2026 3427 2217 3491 antiqui
2247 3426 2317 3474 rei
2342 3427 2405 3476 de
2431 3445 2528 3492 qua

1504 3507 1836 3573 loquebantur
1886 3505 2227 3571 indignitatem
2282 3509 2529 3572 exprime-

1491 3587 1639 3636 -bant.
1663 3587 1829 3635 Livius
1846 3621 1863 3646 ‚
1908 3584 1999 3635 lib.
2026 3589 2304 3636 xxxvm
2332 3588 2383 3635 in
2406 3600 2529 3636 orat.

1505 3667 1713 3730 Manlii3
1764 3666 1850 3715 lib.
1890 3667 1962 3716 Π
2006 3668 2061 3714 in
2113 3677 2236 3714 orat.
2294 3666 2532 3716 Canuleii.

1510 3747 1679 3794 Florus
1694 3780 1709 3805 ,
1729 3745 1817 3794 lib.
1836 3747 1907 3794 1v
1926 3760 1942 3796 ε
1968 3767 1995 3789 ι
2008 3755 2122 3810 post
2138 3745 2433 3794 Macedone·
2448 3776 2463 3800 ‚
2490 3747 2533 3793 si

1508 3824 1603 3873 dlis
1626 3825 1801 3889 placet,
1809 3825 2019 3873 Thraces
2046 3824 2345 3874 rebellabant
2362 3846 2402 3871 n.
2416 3825 2530 3872 Piso

1508 3915 1715 3968 propter
1742 3901 1937 3951 relatam
1960 3920 1988 3952 a
2018 3905 2082 3966 Q.
2109 3904 2292 3952 Martio
2328 3913 2377 3950 et
2407 3905 2529 3951 Luc.
2556 3931 2561 3938 -

1508 3981 1684 4030 Flaeeo
1720 3981 1891 4046 legatis
1924 3982 2137 4046 quodam
2170 3981 2341 4045 prelio
2378 3983 2529 4028 victo-

1512 4062 1629 4110 riam
1644 4095 1661 4120 ,
1704 4061 2041 4125 imperatorem
2084 4077 2137 4108 se
2174 4058 2405 4123 appellari
2442 4074 2531 4106 vo·

1512 4139 1663 4190 luerat
1680 4173 1694 4197 ,
1732 4149 1781 4186 et
1810 4140 1979 4212 amicis
2014 4138 2177 4187 litem
2216 4136 2281 4184 ad
2318 4147 2537 4187 senatum
