2996 4694
791 378 1190 449 ORATIO
1237 381 1345 450 m
1394 379 1474 450 L.
1522 383 1602 451 c.
1656 381 2155 451 PISONEM.
2406 380 2536 479 391

419 519 558 588 tor,
587 500 715 574 sed
753 515 838 572 ut
861 515 1194 572 mortuus
1223 499 1507 574 infamis
1533 500 1789 574 referri
1814 500 2199 575 videretur.
2244 507 2563 576 Romam·

419 637 594 684 vero
633 613 862 708 ipsam
908 607 1280 682 foedavit¹²
1329 611 1685 684 adventus
1724 628 1915 684 tuus·

515 725 774 794 XXIII.
815 724 880 791 Ο
921 718 1266 808 familiae¹‚
1301 747 1456 794 non
1489 721 1721 794 dicam
1766 721 2208 820 Calpurniae,
2242 723 2365 794 sed
2394 723 2550 794 Cal-

419 832 712 918 ventiae3
751 855 990 927 neque
1023 830 1244 926 hujus
1271 830 1472 906 urbis
1495 888 1517 918 ,
1554 831 1683 906 sed
1715 832 2111 906 Placentini
2138 834 2550 928 municipii;

419 961 662 1036 neque
699 941 979 1037 paterni
1017 941 1301 1037 generis
1321 993 1340 1026 ‚
1371 941 1498 1012 sed
1522 940 1869 1014 braccatae
1894 943 2383 1040 cognationis²
2430 940 2551 1014 de-

419 1047 679 1122 decus!
721 1047 1336 1147 quemadmodum
1375 1052 1675 1124 venisti?
1710 1053 1875 1148 quis
1910 1051 2043 1124 tibi
2062 1105 2083 1138 ‚
2121 1077 2273 1122 non
2319 1050 2549 1123 dicam

419 1158 684 1230 horum
702 1213 724 1248 ‚
751 1173 876 1232 aut
901 1160 1164 1232 civium
1193 1175 1601 1233 ceterorum
1620 1215 1641 1244 ,
1666 1163 1793 1235 sed
1820 1177 2117 1234 tuorum
2152 1162 2552 1260 legatorum

419 1267 708 1342 obviam
743 1268 986 1341 venit?
1015 1273 1306 1344 Mecum
1331 1275 1531 1344 enim
1566 1275 1645 1342 L.
1682 1274 1971 1344 Flaccus
1984 1269 2037 1358 ³,
2070 1275 2183 1343 vir
2213 1287 2339 1344 tua
2369 1273 2552 1368 lega-

417 1378 618 1450 tione
666 1378 1274 1476 indignissimus&
1317 1396 1537 1479 atque
1574 1383 1661 1454 iis
1700 1383 2013 1454 consiliis
2032 1435 2052 1470 ‚
2094 1382 2363 1480 quibus
2398 1407 2551 1454 me-

417 1511 586 1559 cum
613 1489 690 1558 in
733 1487 1118 1562 consulatu
1149 1513 1316 1560 meo
1347 1493 1787 1587 conjunctus
1817 1490 1959 1566 fuit
1992 1491 2083 1564 ad
2116 1517 2549 1566 conservan-

417 1597 582 1670 dam
627 1597 1189 1696 rempublicam,
1235 1599 1544 1698 dignior,
1588 1627 1873 1674 mecum
1910 1601 2051 1674 fuit
2088 1617 2279 1690 tum,
2324 1628 2553 1700 quum

414 1724 488 1778 te
523 1707 818 1804 quidam
855 1733 1008 1781 non
1057 1709 1270 1808 longe
1319 1735 1362 1782 a
1412 1727 1621 1809 porta
1660 1737 1825 1783 cum
1868 1712 2249 1784 lictoribus
2300 1738 2548 1784 erran-

417 1814 609 1888 tem⁵
643 1819 879 1890 visum
904 1841 1057 1890 esse
1081 1819 1451 1892 narraret⁶
1481 1847 1500 1889 ε
1536 1821 1684 1893 scio
1712 1825 1889 1893 item
1912 1824 2143 1892 virum
2182 1820 2439 1894 fortem
2476 1825 2549 1892 in

417 1928 702 2022 primis,
757 1926 932 2000 belli
992 1953 1076 2000 ac
1140 1930 1249 2000 rei
1313 1930 1641 2002 militaris
1706 1933 2023 2030 peritum
2049 1985 2069 2018 ‚
2130 1930 2549 2003 familiarem

415 2059 694 2124 meum,
742 2038 832 2128 Q.
879 2039 1264 2110 Marcium
1283 2093 1303 2128 ,
1349 2064 1663 2137 quorum
1718 2054 1802 2112 tu
1855 2038 2253 2136 legatorum
2309 2040 2553 2138 praelio

415 2147 809 2244 imperator
831 2147 1232 2245 appellatus
1255 2173 1432 2238 eras,
1451 2173 1685 2247 quum
1704 2174 1857 2220 nou
1879 2149 2097 2244 longe
2122 2147 2466 2220 abfuisses
2480 2144 2513 2194 ⁸
2532 2203 2551 2234 ‚

415 2257 734 2330 adventu
768 2259 907 2330 isto
941 2273 1072 2330 tuo
1112 2259 1314 2332 domi
1353 2257 1577 2332 fuisse
1622 2262 1959 2332 otiosum.
2004 2257 2139 2330 Sed
2192 2259 2371 2356 quid
2418 2283 2553 2357 ego

415 2456 553 2523 quod
582 2456 698 2506 licet
735 2456 974 2505 laureatos
1014 2458 1165 2507 fasces
1205 2459 1404 2508 haberet
1418 2494 1435 2517 ‚

415 2551 562 2585 nemo
583 2546 742 2584 tamen
761 2552 874 2584 enm
891 2535 1050 2585 redire
1067 2539 1369 2602 cognoverit.

1524 2471 1601 2508 rat
1630 2460 1868 2509 Cicerone
1894 2458 2093 2507 consule
2112 2494 2129 2521 ‚
2166 2468 2215 2506 et
2242 2474 2335 2522 pro
2370 2474 2431 2506 eo
2466 2473 2556 2506 ex-

1528 2550 1625 2589 stat
1646 2536 1830 2587 ontio.

491 2632 572 2664 η.
597 2614 830 2679 Eordaei&
857 2616 1014 2678 Quasi
1032 2617 1236 2665 cadaver
1251 2618 1442 2667 illatum

415 2694 695 2743 funestavit.
731 2693 918 2742 Urbem
945 2694 1092 2743 illatis
1123 2694 1440 2747 cadaveribus

415 2774 645 2822 funestari
665 2772 962 2826 credebant:
997 2790 1100 2837 qno
1128 2791 1272 2822 sensu
1299 2776 1440 2839 capio

415 2852 542 2901 illud
569 2852 696 2901 sexti
720 2851 978 2912 AEneidos,
1003 2853 1100 2903 150
1121 2863 1441 2918 :notamque

414 2932 621 2981 incestat
636 2930 806 2979 funere
823 2930 1026 2981 classem
1041 2953 1086 2981 ιο.

482 3010 680 3059 xxm.
721 3027 769 3059 ι.
807 3014 852 3061 0
869 3010 1092 3075 santilioe
1109 3045 1125 3070 ,
1151 3028 1251 3060 non
1277 3012 1440 3061 dicam

415 3089 721 3155 Calpurnia,
749 3088 840 3137 sed
865 3091 1142 3141 Calvenu'oe.
1179 3092 1332 3141 Gravi
1355 3108 1440 3141 ex-

413 3168 700 3217 clamatione
717 3168 907 3217 Pieonis
921 3168 1264 3234 indignitatem
1280 3182 1439 3221 oeten·

413 3248 515 3309 diu
550 3248 736 3313 qnippe
769 3249 856 3313 qui
886 3246 1116 3297 dedecori
1153 3250 1298 3299 fuerit
1333 3266 1436 3300 non

411 3326 569 3373 solum
601 3326 914 3375 nobili-nime
949 3328 1324 3393 Calpurniorum
1361 3330 1439 3378 fn-

413 3403 559 3453 mili-e
575 3436 592 3465 ‚
611 3403 698 3452 aed
723 3404 876 3452 etiam.
894 3404 1117 3455 obncnrae
1142 3408 1434 3472 Calventiae,

410 3498 439 3530 a
459 3480 612 3531 Gallie
626 3492 678 3531 et
695 3482 912 3533 barb-ria
929 3486 1172 3536 oriunda.

483 3576 532 3609 α.
576 3564 829 3611 Braeeatoe
879 3565 1214 3629 cognationi-u
1265 3566 1436 3615 Galliae

410 3642 778 3707 Transalpina:
815 3642 951 3691 unde
983 3644 1176 3693 Pisonis
1195 3656 1436 3693 maternus

410 3738 530 3771 avus
559 3724 614 3771 in
639 3723 832 3772 ltaliam
856 3724 1106 3789 profectus
1123 3760 1138 3783 ,
1178 3724 1436 3773 Placentia

411 3804 713 3852 consederet.
753 3804 996 3851 Braccuoe
1029 3818 1302 3867 cognomen
1334 3812 1436 3852 erat

411 3882 742 3946 Transalpina
751 3880 942 3939 Gallie,
951 3883 1151 3945 Togatae
1159 3882 1437 3945 cisalpino,

413 3960 606 4025 utrique
625 3977 652 4009 a
671 3974 848 4024 genere
868 3962 1032 4009 vestis.

485 4039 534 4087 3.
577 4042 768 4087 Mecum
807 4038 938 4085 enim
979 4040 1033 4088 1..
1072 4038 1278 4085 Flaccus
1292 4072 1307 4095 ,
1343 4049 1438 4087 ete.

415 4116 518 4163 Alii
542 4116 732 4165 addunt
758 4126 876 4163 curn.
900 4144 970 4154 —
996 4117 1098 4179 Qui
1128 4126 1310 4181 pretor
1341 4116 1442 4164 sue-

1600 2628 1651 2675 4.
1684 2618 1775 2667 Vir
1790 2628 1879 2667 tua
1900 2616 2149 2682 legatione
2170 2616 2554 2681 indignissimus.

1526 2699 1627 2763 Qui
1640 2708 1841 2764 propter
1858 2696 2141 2761 dignitatem
2150 2695 2555 2761 splendoremque

1528 2778 1763 2825 virtutum
1780 2812 1795 2834 ‚
1815 2776 2066 2839 indignam
2086 2787 2134 2824 te
2154 2776 2449 2841 proconsule
2466 2775 2555 2824 ob·

1528 2856 1589 2904 iit
1608 2855 1899 2919 legationem
1914 2890 1930 2916 ‚
1967 2866 2018 2902 et
2044 2854 2119 2901 vir
2147 2855 2437 2902 fortissimus
2462 2854 2551 2902 sub

1528 2936 1823 3001 imperatore
1854 2934 2149 2983 inertiuimo
2180 2933 2425 2981 militavit.
2456 2934 2553 2981 Hic

1528 3030 1681 3079 porro
1704 3023 1775 3061 est
1797 3016 1851 3061 L.
1872 3014 2095 3060 Valerius
2120 3012 2342 3068 Flaccus,
2374 3012 2459 3075 qni
2484 3012 2555 3058 le·

1528 3104 1665 3157 gatos
1682 3081 2007 3155 Allobrogum
2024 3106 2135 3139 enm
2156 3090 2307 3138 literis
2326 3091 2555 3150 eonjn'n-

1524 3182 1689 3221 torum
1718 3170 1771 3217 in
1802 3180 1955 3234 ponte
1985 3170 2163 3217 Milvio
2199 3168 2521 3233 deprehendit
2538 3204 2554 3229 ,

1525 3266 1673 3314 quere
1682 3248 1900 3298 consiliis
1907 3264 2071 3297 seeum
2080 3250 2397 3309 conjunctum
2408 3248 2555 3297 fuisse

1527 3328 1649 3377 dicit
1686 3339 1855 3377 orator
1889 3330 1941 3375 in
1981 3344 2070 3375 suo
2107 3328 2395 3387 consulatum
2440 3329 2553 3377 vide

1523 3406 1855 3458 catilinarium
1898 3407 2085 3455 tertiam
2104 3443 2122 3470 ,
2164 3416 2214 3455 et
2248 3406 2401 3470 ipsam
2444 3423 2554 3471 que

1522 3504 1617 3553 pro
1638 3486 1813 3537 eodem
1836 3485 2008 3534 Flacco
2025 3496 2185 3535 exstat
2203 3486 2497 3535 orationem.

1596 3569 1646 3617 5.
1663 3569 1936 3615 Errantem.
1950 3568 2133 3614 Omnes
2146 3566 2437 3614 solitudines
2448 3582 2555 3630 per-

1524 3658 1822 3712 sequentem,
1840 3656 1891 3693 et
1915 3644 2207 3693 diverticula
2234 3655 2553 3708 quaerentem.

1595 3726 1646 3774 6.
1672 3727 1934 3773 Nan-aret.
1960 3724 2041 3772 Al.
2062 3724 2317 3771 narrabat.
2341 3726 2389 3773 J.
2410 3726 2473 3769 V.
2502 3726 2554 3770 L.

1600 3822 1645 3865 ¹7.
1675 3808 1737 3868 Q.
1766 3803 2026 3852 Mat-cium.
2048 3802 2195 3850 Multi
2221 3803 2276 3850 in
2294 3802 2393 3849 hoc
2422 3816 2551 3848 erra-

1524 3901 1654 3933 vere.
1703 3883 1976 3932 Putandum
2022 3891 2094 3930 eet
2127 3882 2259 3929 hunc
2296 3880 2443 3927 suine
2483 3882 2554 3943 Q.

1526 3964 1701 4013 Marcii
1738 3964 1863 4026 regis
1895 3960 2049 4009 filium
2066 3996 2079 4017 ‚
2122 3960 2207 4023 qui
2245 3957 2549 4005 consulatum

1530 4058 1641 4091 cum
1658 4044 1717 4089 1..
1738 4040 1937 4089 Caeeilio
1956 4038 2159 4087 Metello
2176 4038 2337 4099 gessit.

1605 4122 1658 4169 8.
1686 4122 1877 4167 Ernest.
1907 4117 2043 4165 malit
2064 4116 2269 4163 abesses.
2293 4118 2419 4165 LV.
2442 4116 2501 4163 1..
