2996 4694
489 361 631 433 266
1114 362 1211 430 M.
1265 366 1342 432 T.
1395 361 1982 433 CICERONIS

487 484 922 583 appelletur3
967 484 1309 570 alterum,
1341 484 1400 555 si
1439 482 1793 555 tabellarii
1824 501 1979 552 non
2011 482 2359 553 cessarint
2374 491 2431 561 ²,
2486 504 2615 552 ne-

486 618 682 669 cesse
719 608 828 667 est
863 594 1108 692 paucis
1141 593 1400 666 diebus
1439 596 1789 689 poeniteat
1822 590 2125 662 audere:
2164 591 2371 685 cujus
2404 591 2611 660 amici

487 708 545 777 si
583 710 706 803 qui
745 720 951 794 sunt,
991 720 1116 777 aut
1149 706 1212 777 si
1240 703 1501 775 belluae
1530 718 1673 774 tam
1700 702 1999 772 immani
2018 696 2046 743 3
2084 714 2378 797 tamque
2412 712 2615 770 tetrae

487 830 792 915 possunt
845 815 976 886 ulli
1015 838 1170 887 esse
1216 817 1426 887 amici
1454 870 1474 904 ,
1518 812 1651 885 hac
1690 811 2185 884 consolatione
2204 811 2229 861 ⁴
2278 824 2610 895 utuntur,

487 928 702 999 etiam
736 930 815 995 T.
859 924 1162 997 Albucio
1191 922 1220 969 ⁵
1255 925 1855 1024 supplicationem
1897 920 2095 992 hunc
2128 919 2456 992 ordinem
2488 919 2615 990 de-

484 1057 806 1135 negasse.
847 1036 1066 1128 Quod
1100 1052 1210 1109 est
1240 1041 1557 1136 primum
1595 1032 1934 1106 dissimile
1965 1062 1981 1101 :
2026 1056 2143 1103 res
2176 1032 2251 1102 in
2290 1030 2613 1101 Sardinia

487 1172 654 1220 cum
712 1147 1163 1218 mastrucatis
1214 1140 1683 1218 latrunculis⁶
1734 1168 1775 1215 a
1820 1155 2262 1242 propraetore
2302 1164 2449 1211 una
2488 1160 2614 1210 co-

486 1258 698 1328 horte
738 1254 1106 1327 auxiliaria
1140 1271 1372 1354 gesta,
1417 1270 1492 1327 et
1526 1254 1796 1326 bellum
1832 1276 1999 1325 cum
2038 1252 2365 1323 maximis
2394 1253 2613 1346 Syriae

488 1362 828 1465 gentibus
853 1418 872 1453 ‚
927 1368 1252 1462 tyrannis
1274 1419 1295 1452 ‚
1353 1365 1713 1437 consulari
1766 1368 2084 1435 exercitu
2105 1415 2125 1450 ,
2164 1362 2617 1459 imperioque

487 1474 920 1547 confectum.
969 1474 1247 1546 Deinde
1281 1474 1663 1563 AlbuciuS‚
1702 1473 1901 1571 quod
1938 1496 1980 1543 a
2012 1488 2267 1545 senatu
2298 1470 2615 1568 petebat,

487 1588 642 1683 ipse
676 1583 812 1655 sibi
841 1585 918 1654 in
949 1582 1273 1657 Sardinia
1299 1600 1469 1657 ante
1504 1584 1939 1656 decreverat.
1966 1568 2363 1654 Constabat
2394 1581 2617 1663 enim,

490 1718 799 1794 graecum
838 1694 1204 1769 hominem
1227 1707 1254 1752 ⁷
1299 1718 1380 1781 ac
1413 1696 1640 1767 levem
1664 1743 1687 1782 ,
1710 1696 1788 1767 in
1820 1696 1975 1792 ipsa
2010 1694 2383 1790 provincia
2412 1691 2617 1787 quasi

487 1800 1029 1901 triumphassess.
1078 1810 1334 1902 Itaque
1383 1805 1570 1875 hauc
1612 1804 1767 1898 ejus
1808 1806 2287 1875 temeritatem
2328 1813 2619 1872 senatus

489 1912 1008 2012 supplicatione
1049 1914 1395 2013 denegata
1431 1918 1726 1985 notavit.
1768 1912 1904 1985 Sed
1942 1910 2224 1983 fruatur
2261 1936 2433 1983 sane
2478 1910 2618 1981 hoc

489 2024 783 2111 solatio,
827 2042 1046 2123 atque
1098 2026 1284 2097 hanc
1331 2026 1687 2122 insignem
1722 2024 2229 2120 ignominiam,
2272 2023 2616 2119 quoniam

493 2138 656 2222 uni,
711 2150 970 2235 praeter
1031 2160 1106 2207 se
1133 2148 1190 2221 9,
1259 2138 1498 2206 inusta
1560 2146 1706 2223 est,
1759 2146 1967 2233 putet
2023 2156 2175 2204 esse
2230 2130 2615 2217 leviorem3

487 2344 682 2394 miserat
702 2379 718 2404 ,
756 2357 812 2394 ut
841 2355 976 2410 patet
1000 2344 1089 2392 lib.
1115 2346 1263 2394 xvn
1291 2344 1346 2392 in
1373 2344 1509 2394 Piso-

490 2440 600 2472 nem
617 2441 632 2470 ε
661 2445 684 2464 ··
707 2423 844 2472 Nihil
871 2439 981 2472 mea
1007 2423 1178 2471 refert.
1199 2455 1214 2470 .
1233 2457 1245 2468 .
1275 2439 1339 2471 an
1365 2423 1509 2472 amici

488 2503 562 2551 tui
580 2501 765 2550 tabulas
785 2502 1082 2562 abdiderint,
1104 2502 1348 2567 iidemque
1365 2503 1510 2552 ailen-

489 2583 560 2629 tio
583 2599 675 2629 suo
703 2583 1050 2641 temeritatem,
1083 2593 1229 2645 atque
1259 2581 1510 2630 audaciam

490 2671 622 2708 tuam
643 2659 1011 2707 condemnarint
1027 2682 1072 2708 a.

562 2753 612 2784 a.
649 2737 706 2784 Sa·
728 2737 972 2784 tabellarii
995 2755 1095 2789 nou
1123 2737 1374 2787 cessarint.
1409 2740 1511 2804 Qui

458 2803 680 2865 'tabulas
707 2833 735 2863 e
773 2817 1038 2880 provinciis
1078 2816 1140 2864 ad
1177 2827 1425 2876 senatum,
1460 2829 1511 2866 et

491 2906 682 2946 senatus
707 2896 760 2942 iu
779 2896 1054 2959 provincias
1073 2895 1366 2946 deferebant.

566 2975 618 3022 3.
640 2974 824 3038 βεΙΙιιω
841 2985 942 3022 tam
961 2973 1180 3025 lmntam‘.
1204 2977 1308 3026 Cic.
1327 2976 1511 3025 Sextia·

491 3069 556 3102 na
577 3067 592 3102 z
621 3075 647 3096 α
666 3056 806 3102 Hanc
832 3065 1000 3104 tetram
1028 3056 1379 3120 immanemque
1405 3057 1508 3105 bel-

495 3133 624 3182 luam
642 3155 686 3182 n.
727 3133 974 3184 Pisonian.
1006 3151 1024 3182 ι
1051 3150 1066 3183 ;
1094 3157 1120 3176 α
1138 3137 1313 3186 Jamne
1341 3136 1510 3200 vides,
1534 3152 1539 3154 ·

492 3212 674 3270 bellua,
693 3212 858 3273 jamne
874 3209 1056 3260 sentis?
1075 3235 1096 3256 ι

493 3297 500 3304 ’
565 3301 612 3348 4.
639 3293 826 3342 Ernest.
855 3293 1164 3344 scribendum
1179 3307 1320 3360 putat
1335 3329 1352 3356 ,
1377 3307 1512 3344 uten-

491 3384 587 3420 tur.
607 3374 658 3421 J.
677 3374 738 3418 V.
767 3375 821 3421 1..

566 3451 618 3498 5.
655 3453 707 3500 T.
729 3451 952 3500 Albucio.
976 3453 1076 3514 Qui
1099 3453 1368 3500 Sardiniam
1393 3470 1512 3518 pro-

495 3531 701 3578 vinciam
719 3542 993 3594 proproetor
1009 3532 1240 3580 obtinuit.

564 3610 616 3656 6.
643 3609 951 3658 Moser-acatis
975 3610 1279 3657 latrunculis.
1302 3611 1512 3660 Musti-u·

492 3703 546 3734 ca
575 3704 726 3750 genus
751 3699 822 3736 est
848 3689 1024 3746 vestis,
1052 3705 1116 3734 ex
1140 3689 1336 3752 caprina
1361 3689 1509 3752 pelle.

492 3768 706 3816 Tur-neb.
735 3768 820 3814 lib.
849 3767 978 3825 XX,
1004 3782 1112 3829 cap.
1144 3779 1209 3828 9:
1238 3789 1262 3808 κ
1291 3769 1514 3816 Montani

491 3845 544 3890 in
567 3845 786 3892 Sardinia
804 3845 941 3908 quod
957 3860 1125 3907 agrum
1149 3845 1511 3894 frumentarium

491 3940 594 3970 non
611 3925 854 3972 habebant
868 3957 884 3981 ,
901 3923 1177 3970 latrocinari
1197 3925 1443 3985 solebant,
1463 3937 1513 3975 et

492 4017 690 4066 campos
715 4000 1058 4050 frumentarios
1080 4002 1306 4065 populari
1327 4025 1368 4048 a.

567 4097 618 4140 7.
666 4081 890 4128 Groecum
941 4078 1198 4128 homnem.
1235 4083 1413 4130 Orator
1456 4085 1509 4132 iu

1593 2344 1748 2393 Bruto
1773 2359 1787 2393 :
1826 2365 1852 2387 α
1878 2346 2066 2392 Doctus
2110 2342 2255 2392 etiam
2295 2343 2476 2392 Graecis
2519 2344 2621 2396 Tit.

1594 2423 1860 2482 Albucius,
1896 2423 1970 2470 vel
1998 2423 2337 2488 potius'poene
2372 2439 2557 2487 graecus
2574 2446 2617 2474 a.

1596 2503 1657 2551 de
1686 2505 1789 2552 Fin.
1814 2503 1931 2552 bon.
1957 2514 2008 2552 et
2038 2503 2152 2552 mal.
2170 2507 2195 2552 1
2217 2517 2231 2550 ε
2270 2525 2295 2544 ιι
2318 2503 2425 2550 Nisi
2452 2504 2541 2567 qui
2566 2519 2621 2554 se

1594 2584 1735 2648 plane
1754 2599 1963 2646 gracum
1992 2582 2091 2630 dici
2112 2582 2227 2630 velit
2242 2617 2258 2640 ,
2282 2593 2338 2631 ut
2357 2599 2385 2629 a
2402 2583 2619 2632 Scaevola

1594 2673 1669 2710 est
1684 2673 1864 2726 praetor
1876 2662 2109 2710 salutatus
2124 2661 2333 2710 Athenis
2349 2661 2611 2721 Albucium

1595 2757 1739 2805 quem
1767 2740 1965 2804 quidem
2000 2739 2165 2788 locum
2206 2755 2319 2788 eum
2355 2740 2507 2788 multa
2532 2757 2619 2789 ve-

1594 2833 1783 2870 nustate
1799 2853 1815 2876 ‚
1840 2831 1891 2868 et
1920 2820 2057 2868 omni
2090 2819 2190 2868 sale
2214 2819 2345 2867 idem
2374 2819 2618 2880 Lucilius,

1594 2899 1729 2964 apud
1748 2916 1893 2964 quem
1916 2897 2144 2963 preclare
2162 2898 2377 2947 Scaevola
2400 2913 2413 2946 ε
2438 2921 2463 2940 σι
2488 2901 2625 2946 Grn-

1596 2996 1709 3028 cum
1724 2989 1773 3026 te
1794 2978 2001 3041 Albuci,
2018 2994 2163 3042 quam
2182 2979 2457 3026 Romanum
2472 2989 2621 3040 atque

1596 3057 1856 3107 Sabinum.
1870 3094 1883 3106 .
1896 3095 1908 3108 .
1938 3057 2157 3106 Maluisti
2176 3056 2293 3106 dici.
2317 3058 2485 3104 Graece
2502 3072 2621 3122 ergo

1594 3148 1779 3202 pretor
1804 3135 2012 3186 Athenis
2036 3136 2093 3184 Id
2118 3134 2256 3199 quod
2280 3135 2493 3183 maluisti
2508 3170 2521 3192 ,
2547 3146 2622 3194 te,

1596 3234 1747 3282 quum
1772 3218 1837 3266 ad
1860 3233 1936 3263 me
1960 3215 2173 3274 accedi’,
2200 3215 2395 3264 saluto:
2434 3213 2621 3281 Χαῖρε,

1594 3299 1818 3360 inquam,
1844 3295 1954 3345 Tite
1985 3309 1999 3342 :
2041 3293 2261 3352 lictores,
2290 3304 2448 3342 turma
2470 3293 2621 3342 omni·

1596 3375 1869 3438 cohorsque
1908 3371 2105 3440 Χαῖρις
2149 3371 2265 3420 hinc
2297 3372 2455 3422 hostis
2490 3374 2625 3422 Muti

1597 3453 1833 3504 Albucius
1848 3488 1863 3510 ,
1881 3453 1995 3500 hinc
2018 3453 2242 3502 inimicus
2260 3475 2299 3499 υ.

1671 3535 1722 3584 8.
1746 3531 1907 3596 Quasi
1924 3531 2255 3596 triumphasse.
2270 3530 2625 3596 Triumphaudi

1592 3614 1675 3674 J’ns
1697 3628 1801 3659 uon
1830 3622 1959 3670 erat,
2008 3611 2099 3658 nisi
2134 3620 2302 3674 pacata
2336 3611 2589 3675 provincia
2610 3645 2625 3671 ,

1599 3702 1648 3740 et
1676 3690 1936 3754 deportato
1964 3689 2207 3748 exercitu3
2236 3691 2407 3738 Romae
2435 3700 2624 3738 tantum

1602 3768 1989 3832 triumphabatnr
2008 3805 2023 3828 ,
2062 3780 2118 3826 ut
2152 3785 2214 3816 ex
2251 3767 2477 3816 omuibus
2503 3769 2628 3816 aeri-

1600 3848 1825 3912 ptoribus
1863 3847 2045 3912 liquet3
2087 3857 2171 3895 aut
2197 3847 2343 3894 etiam
2376 3847 2427 3894 in
2458 3857 2627 3898 monte

1600 3927 1792 3974 Albano
1804 3961 1821 3988 ,
1834 3926 1921 3974 sed
1932 3925 1987 3972 id
2004 3927 2160 3974 rarius
2172 3937 2222 3973 et
2234 3937 2369 3974 extra
2382 3926 2624 3974 ordinem.

1668 4023 1721 4068 9.
1758 4005 1881 4062 Uni,
1896 4016 2073 4070 pen-ter
2097 4021 2167 4053 se.
2194 4006 2374 4054 Nescio
2400 4023 2461 4054 an
2494 4021 2627 4054 vere.

1598 4085 1724 4132 vide
1751 4086 1939 4132 livium
1978 4083 2065 4131 lib.
2099 4085 2238 4132 xL11
2257 4117 2274 4144 ,
2312 4101 2421 4149 cap.
2465 4087 2493 4132 8
2514 4119 2531 4144 ,
2562 4083 2627 4132 de
