2996 4694
1119 376 1216 445 M.
1260 380 1338 446 T.
1391 378 1960 449 CICERONIS

457 518 624 565 curn
681 493 814 567 hac
865 497 924 565 si
981 498 1144 593 quis
1192 496 1609 570 adolescens
1659 497 1844 570 forte
1898 496 2151 587 fuerit,
2194 512 2435 569 utrum
2474 499 2597 571 hic

457 603 634 691 tibi,
663 610 766 702 L.
823 603 1247 695 Herenniffl,
1305 607 1627 695 adulter,
1682 633 1775 679 an
1824 622 2131 697 amator,
2184 631 2597 706 expugnare

462 714 874 814 pudicitiam
897 770 915 801 ‚
947 742 1038 789 an
1074 719 1368 817 explere
1403 718 1781 791 libidinem
1813 718 2127 789 voluisse
2157 717 2529 789 videatur?

559 824 969 898 Obliviscor
1025 828 1172 924 jam
1233 831 1572 925 injurias,
1628 827 1919 917 Clodia3
1976 828 2271 926 depono
2320 853 2597 899 memo-

458 935 638 1007 riam
679 936 952 1009 doloris
1003 940 1186 1026 mei3
1247 965 1410 1038 quae
1459 940 1587 1013 abs
1628 954 1700 1011 te
1746 937 2201 1011 crudelioer¹⁹
2245 940 2321 1009 in
2362 954 2597 1026 meoS‚

457 1070 578 1119 me
629 1046 970 1135 absente,
1025 1047 1213 1123 facta
1259 1065 1463 1138 sunt,
1503 1050 1809 1149 negligo.
1863 1054 1969 1123 Ne
2022 1052 2165 1121 sint
2207 1049 2363 1121 haec
2402 1054 2481 1121 in
2524 1066 2599 1122 te

463 1155 688 1245 dicta,
737 1181 898 1255 quae
953 1156 1123 1229 dixi.
1167 1158 1308 1231 Sed
1345 1188 1430 1232 ex
1471 1175 1544 1233 te
1580 1164 1735 1259 ipsa
1770 1163 2103 1258 requiro,
2142 1162 2487 1258 quoniam
2524 1174 2599 1232 et

462 1268 738 1338 crimen
777 1284 1226 1343 accusatores
1263 1269 1391 1343 abs
1427 1286 1500 1343 te
1521 1326 1541 1359 ‚
1583 1286 1656 1346 et
1694 1284 1947 1343 testem
1985 1270 2141 1365 ejus
2180 1272 2498 1343 criminis
2526 1287 2599 1343 te

461 1376 694 1473 ipsam
763 1376 1016 1450 dicunt
1076 1404 1152 1453 se
1219 1379 1535 1453 habere:
1578 1382 1637 1453 si
1688 1406 1834 1479 qua
1882 1381 2143 1453 mulier
2198 1383 2289 1453 sit
2338 1381 2597 1477 hujus-

363 1546 369 1559 .
465 1487 710 1576 modi,
778 1489 1064 1586 qualem
1117 1517 1254 1591 ego
1301 1492 1547 1591 paullo
1596 1506 1763 1563 ante
1814 1492 2195 1590 descripsi,
2236 1492 2344 1563 tui
2390 1492 2601 1563 dissi-

463 1595 691 1686 milis,
741 1598 886 1668 vita
931 1600 1411 1699 institutoque
1463 1603 1911 1691 meren-inim
1956 1626 2121 1674 cum
2156 1602 2289 1673 hac
2328 1601 2600 1699 aliquid

465 1702 992 1780 adolescentem
1057 1710 1426 1783 hominem
1477 1710 1817 1785 habuisse
1864 1714 2163 1783 rationis
2187 1766 2207 1801 ,
2250 1736 2430 1784 num
2470 1712 2603 1783 tibi

469 1829 812 1915 perturpe
860 1832 984 1890 aut
1043 1821 1607 1921 perflagitiosum
1659 1848 1814 1896 esse
1864 1822 2243 1895 videatur?
2278 1826 2373 1893 Ea
2419 1826 2601 1894 si'tu

469 1950 620 1995 non
683 1952 794 2016 es,
851 1930 1037 2001 sicut
1099 1957 1236 2031 ego
1303 1934 1536 2022 malo,
1602 1932 1779 2032 quid
1824 1950 1969 2021 est,
2019 1934 2221 2031 quod
2258 1932 2603 2027 objiciant

469 2037 744 2109 Coelio?
795 2040 906 2110 sin
959 2040 1114 2113 eam
1172 2058 1246 2135 te
1303 2044 1561 2116 volunt
1616 2044 2043 2142 esse,·quid
2098 2058 2244 2130 est,
2290 2067 2419 2114 cur
2468 2068 2603 2113 nos

467 2149 740 2221 crimen
777 2150 958 2241 hoe,
995 2156 1052 2225 si
1089 2170 1170 2227 tu
1203 2158 1608 2231 contemnis
1630 2212 1649 2244 ,
1690 2157 2321 2255 pertimescamus?
2362 2158 2605 2245 Quare

467 2258 681 2334 nobis
730 2261 822 2334 da
865 2266 1050 2336 viam
1070 2276 1138 2311 ²⁰
1183 2269 1689 2366 rationemque
1744 2265 2199 2339 defensionis.
2246 2270 2429 2339 Nam
2479 2280 2605 2343 aut.

470 2371 713 2468 pudor
765 2389 936 2447 tuus
990 2376 1372 2468 defendet,
1432 2379 1613 2450 nihil
1658 2403 1699 2450 a
1740 2381 1839 2450 M.
1882 2378 2109 2450 Coelio
2160 2377 2604 2475 petulantius

467 2507 619 2554 esse
673 2481 984 2575 factum;
1026 2503 1152 2558 aut
1197 2488 1651 2587 impudentia
1691 2502 1763 2560 et
1804 2487 2012 2576 huic,
2053 2501 2127 2559 et
2168 2489 2426 2559 ceteris
2462 2511 2603 2557 rna·

465 2615 681 2690 gnam
714 2594 804 2665 ad
837 2619 914 2666 se
944 2593 1488 2670 defendendum
1529 2597 1937 2671 facultatem
1968 2597 2187 2670 dabit.

565 2706 752 2771 XXI.
793 2703 931 2774 Sed
978 2710 1368 2803 quoniam1
1403 2713 1771 2782 emersisse
1792 2711 1940 2804 jam
1970 2734 2010 2781 e
2039 2707 2307 2796 vadis2,
2337 2723 2411 2780 et
2445 2732 2602 2780 sco-

467 2811 680 2909 pulos
716 2829 1178 2924 praetervecta
1204 2817 1493 2892 videtur
1526 2821 1758 2892 oratio
1790 2843 1985 2906 mea,
2034 2816 2389 2916 perfacilis
2426 2816 2603 2888 mihi

463 2919 788 3032 reliquus
831 2949 1081 2998 cursus
1125 2927 1553 3002 ostenditur.
1602 2934 1768 3002 Duo
1814 2942 1985 3000 sunt
2026 2928 2220 2999 enim
2263 2930 2603 3014 crimina,

463 3057 610 3106 una
653 3035 729 3106 in
772 3036 1114 3126 muliere,
1164 3065 1615 3114 summorum
1666 3039 2105 3126 facinorum3
2154 3038 2355 3124 auri,
2404 3033 2603 3134 quod

469 3161 842 3245 sumptum
879 3174 918 3220 a
959 3149 1208 3222 Clodia
1249 3149 1553 3243 dicitur;
1596 3165 1668 3224 et
1703 3155 2005 3236 veneni,
2044 3147 2244 3247 quod
2278 3145 2604 3244 ejusdem

465 396 606 443 220

1652 3347 1735 3382 ao.
1778 3333 1942 3395 Quare
1979 3327 2112 3378 nous
2146 3328 2217 3377 da
2256 3327 2418 3378 viam,
2446 3326 2607 3375 Nobis

1577 3410 1869 3478 praescribe,
1904 3425 1969 3458 au
1994 3407 2290 3474 impudicam
2314 3407 2449 3456 illem
2471 3418 2523 3454 et
2546 3406 2608 3454 li-

543 3329 624 3376 18.
655 3331 711 3377 L.
741 3330 964 3380 Herenni.
994 3333 1134 3381 Unus
1165 3343 1269 3382 eret
1295 3349 1360 3381 ex
1377 3349 1492 3398 qm-

465 3419 582 3456 tnor
597 3409 742 3459 colit
769 3411 1158 3474 accusatorum-3
1173 3413 1310 3460 eolus
1328 3423 1490 3459 eutem

468 3475 775 3550 nominetur,
797 3489 912 3552 quia
931 3489 1068 3538 solue
1091 3490 1152 3539 de
1181 3491 1400 3551 luxuria,
1427 3491 1490 3540 de

464 3566 670 3615 libidine
688 3601 705 3628 ‚
747 3568 812 3616 de
853 3569 982 3617 vitiis
1025 3571 1299 3630 juventutis
1335 3571 1490 3620 multa

467 3647 700 3697 dixerat.-

544 3740 626 3790 19.
653 3725 917 3775 Crudelim
931 3727 985 3776 in
1011 3745 1161 3779 meos.
1185 3733 1260 3778 De
1275 3729 1490 3792 crudeli-

467 3817 566 3856 tate
589 3822 737 3870 quem
760 3810 817 3857 P.
843 3807 1072 3868 Clodius,
1095 3809 1284 3859 clodiae
1321 3810 1485 3871 freter,

463 3889 518 3937 iu
541 3889 802 3952 conjugem
827 3887 1105 3953 liberosque
1131 3891 1383 3940 Ciceronis
1405 3907 1486 3939 ex-

463 3965 665 4016 sulantis
685 3968 900 4016 exercuit
915 4003 929 4028 ‚
961 3968 1074 4018 vide
1096 3971 1368 4018 orationem
1395 3985 1488 4034 pro

468 4048 660 4103 Domo,
699 4065 809 4112 cap.
845 4051 940 4110 23,
987 4060 1036 4096 et
1073 4049 1218 4115 epist.
1266 4065 1326 4098 n
1347 4083 1362 4110 ,
1396 4048 1485 4100 lib.

467 4127 616 4188 xlv,
641 4128 704 4176 ad
731 4129 844 4176 niv.

1579 3491 1855 3540 hidiuoum
1892 3488 2266 3537 familiaritatem
2305 3501 2451 3551 quem
2492 3486 2605 3534 Coe·

1578 3571 1675 3619 line
1702 3581 1863 3618 tecum
1902 3568 2128 3616 habuisse
2160 3569 2401 3629 jactatur,
2428 3579 2605 3629 negare

1578 3650 1780 3707 debeat,
1808 3663 1870 3696 an
1890 3645 2139 3696 confiteri.

1646 3729 1793 3778 xxl.
1842 3741 1887 3777 ε.
1928 3726 2030 3776 Sed
2064 3726 2316 3792 quoniam.
2358 3723 2605 3772 Tremitio

1577 3820 1649 3859 eet
1676 3808 1933 3873 allegorica
1950 3843 1966 3868 ,
1995 3823 2022 3854 a
2048 3806 2261 3856 navibus
2298 3813 2492 3869 sumpta
2528 3801 2605 3850 di·

1576 3889 1719 3938 cendi
1738 3889 1945 3938 ratione.

1648 3985 1699 4018 a.
1726 3971 1841 4016 lam
1866 3983 1895 4016 e
1916 3967 2087 4016 vadis.
2112 3966 2315 4016 Hieron.
2344 3963 2407 4012 ad
2434 3962 2603 4012 Helio-

1578 4050 1778 4111 dorum,
1805 4047 1941 4096 mm·
1965 4047 2026 4094 de
2049 4045 2193 4095 lande
2214 4045 2327 4092 vine
2352 4043 2605 4102 solitarie,

1576 4130 1707 4176 hunc
1730 4127 1894 4176 iocum
1916 4124 2123 4174 feliciter
2142 4122 2401 4190 expremit.
