2996 4694
805 384 1188 458 ORATIO
1236 388 1446 459 PRO
1495 388 1584 478 Q.
1636 388 2103 458 LIGARIO.
2378 385 2511 485 591

379 532 510 581 vos
548 523 704 579 tum
758 509 1096 606 paruistis
1111 506 1164 596 ⁵,
1209 532 1440 605 quum
1490 509 1737 606 paruit
1778 532 2037 595 nemo,
2084 508 2215 607 qui
2258 508 2516 582 noluit.

381 618 872 717 Reprehendo
905 618 1165 716 igitur?
1215 618 1517 690 Minime
1552 641 1748 691 vero.
1788 620 2041 714 Neque
2077 620 2271 690 enim
2316 618 2523 692 licuit

381 730 588 801 aliter
611 743 854 801 vestro
881 730 1162 827 generi,
1195 730 1515 816 nomini,
1541 728 1859 817 familiae,
1888 726 2348 827 disciplinae⁶.
2378 731 2520 805 Sed

381 837 526 911 hoc
565 863 717 910 non
770 836 1136 923 concede,
1195 852 1316 927 ut,
1373 837 1647 936 quibus
1702 837 1925 911 rebus
1978 840 2387 937 gloriemini
2439 846 2518 912 in

381 949 624 1032 vobis,
663 946 948 1021 easdem
989 950 1067 1019 in
1097 948 1254 1021 aliis
1289 949 1859 1048 reprehendatis

477 1058 884 1132 Tuberonis
941 1072 1138 1131 sors⁷
1197 1062 1525 1155 conjecta
1574 1075 1685 1133 est
1732 1085 1819 1133 ex
1860 1060 2525 1146 senatusconsult0‚

381 1194 613 1267 quum
654 1172 804 1267 ipse
847 1194 1000 1239 non
1043 1169 1366 1258 adesset,
1419 1170 1683 1241 morbo
1738 1173 1951 1241 etiam
2006 1171 2521 1268 impediretur3

381 1295 728 1353 statuerat
757 1275 1176 1351 excusare&
1214 1284 1380 1351 Haec
1414 1304 1553 1378 ego
1580 1281 1749 1352 novi
1782 1294 2085 1379 propter
2116 1306 2375 1353 omnes
2400 1308 2525 1354 ne-

381 1364 888 1475 οεεεὶωάἰηεε,
925 1416 1086 1488 quae
1129 1391 1306 1461 mihi
1333 1404 1507 1463 sunt
1543 1414 1710 1464 cum
1745 1395 1823 1461 L.
1860 1389 2264 1463 Tuberone.
2298 1390 2522 1464 Domi

381 1527 528 1573 una
568 1500 873 1588 eruditi,
917 1501 1184 1571 militiae
1233 1500 1879 1591 contubernales9,
1928 1512 2176 1601 post¹⁰
2228 1501 2519 1593 affine3‚

379 1614 456 1683 in
489 1612 691 1684 omni
733 1609 1046 1707 denique
1091 1612 1232 1681 vita
1273 1607 1678 1683 familiares.
1716 1616 2064 1709 Magnum
2102 1611 2317 1684 etiam
2358 1614 2521 1684 vin-

381 1722 664 1807 culum,
711 1719 912 1818 quod
949 1719 1204 1791 iisdem
1247 1720 1506 1792 studiis
1556 1744 1842 1819 semper
1890 1722 2001 1792 usi
2038 1746 2313 1793 sumus.
2358 1724 2523 1795 Scio

380 1834 598 1931 igitur
621 1830 1084 1903 Tuberonem
1121 1828 1320 1900 domi
1361 1854 1655 1903 manere
1686 1830 2019 1902 voluisse.
2057 1831 2199 1902 Sed
2228 1835 2325 1903 ita
2352 1834 2523 1931 qui-

379 1944 544 2016 dam
573 1940 883 2039 agebant
903 1993 923 2028 ‚
951 1940 1050 2010 ita
1075 1938 1492 2038 reipublicae
1524 1942 2053 2011 sanctissimum
2084 1964 2355 2013 nomen
2385 1966 2523 2039 op-

380 2052 858 2152 ponebantn,
921 2066 1045 2139 ut,
1109 2052 1382 2123 etiamsi
1456 2050 1665 2121 aliter
1718 2050 2064 2137 sentiret,
2121 2047 2517 2123 verborum

386 2180 622 2235 tamen
659 2164 984 2260 ipsorum
1033 2160 1324 2259 pondus
1357 2164 1715 2233 sustinere
1742 2185 1893 2231 non
1929 2174 2193 2258 posset.

475 2276 708 2347 Cessit
747 2272 1158 2344 auctoritati
1203 2271 1622 2370 amplissimi
1670 2271 1911 2354 viri¹²‚
1953 2270 2067 2341 vel
2117 2272 2363 2369 potius
2399 2294 2525 2370 pa-
2562 2316 2573 2325 ·

379 2388 548 2457 ruit.
599 2389 762 2457 Una
813 2393 921 2456 es't
966 2382 1336 2483 profectus
1389 2407 1561 2456 cum
1612 2383 1731 2468 iis,
1790 2407 2110 2480 quorum
2154 2379 2321 2454 ’erat
2371 2407 2521 2455 una

383 2519 615 2567 causa.
651 2492 952 2566 Tardius
993 2496 1132 2564 iter
1167 2490 1358 2566 fecit.
1396 2499 1654 2592 Itaque
1684 2493 1757 2564 in
1791 2490 2103 2564 Africam
2138 2495 2336 2564 venit
2376 2497 2523 2589 jam

381 2597 915 2703 occupatam¹³.
969 2605 1156 2675 Hinc
1209 2608 1284 2675 in
1337 2605 1699 2702 Ligarium
1757 2603 2033 2674 crimen
2082 2605 2347 2688 oritur,
2408 2605 2523 2676 vel

381 2712 569 2788 ira¹4
633 2716 897 2812 potius.
967 2715 1152 2784 Nam
1210 2715 1270 2786 si
1343 2716 1621 2788 crimen
1673 2728 1781 2786 est
1834 2712 2111 2801 ullum,
2170 2714 2521 2804 voluisse,

411 2832 416 2845 Ι
455 2856 503 2903 5.
537 2859 632 2902 Vos
654 2864 756 2902 eum
769 2851 1013 2918 paruistis.
1040 2853 1409 2920 Obtemperavit

380 2933 569 2983 §nami
607 2933 826 2997 Ligariua
856 2942 968 2980 aute
1005 2932 1149 2980 civile
1192 2931 1404 2992 bellum,

379 3027 531 3077 quum
551 3015 740 3076 integra
766 3022 816 3060 et
845 3012 1025 3060 intacta
1051 3011 1256 3060 omniuo
1280 3021 1406 3060 eaaet

379 3093 484 3154 eiua
507 3092 801 3150 auctet-itan
833 3106 924 3138 voa
959 3103 1120 3138 autem
1151 3091 1403 3156 paruistis,

305 3173 312 3181 '
381 3189 532 3236 quum
546 3205 562 3230 ,
603 3171 882 3236 perturbata
899 3171 1104 3219 omuino
1125 3161 1373 3234 republica
1387 3203 1404 3230 ‚

379 3252 514 3300 nulla
532 3252 606 3298 via
623 3259 726 3298 erat
749 3260 944 3297 aenatua
967 3249 1190 3298 decretis.

451 3331 502 3378 6.
529 3326 828 3392 Disciplina.
849 3329 980 3390 Quia
998 3343 1176 3377 nomen
1195 3338 1407 3376 vestrum

379 3409 564 3458 clarum
589 3419 664 3456 eat
679 3441 696 3466 ,
721 3415 771 3455 et
794 3407 985 3456 animun
1011 3407 1205 3456 laudem
1227 3409 1406 3456 acerri-

379 3505 459 3536 me
481 3488 692 3551 appetit.

453 3583 504 3628 7.
533 3563 796 3614 Tnberom’s
813 3565 1231 3615 sors.'1'uberonia
1255 3565 1406 3629 patria

378 3659 580 3698 nomen.

449 3727 498 3774 8.
549 3725 802 3772 Statuerat
843 3737 1098 3771 excusata.
1143 3723 1261 3773 Non
1309 3695 1406 3787 ire,

377 3807 581 3868 propter
598 3802 828 3852 morbum
849 3816 951 3865 quo
969 3800 1238 3850 laborabat.

449 3899 502 3945 9.
531 3881 726 3930 Militia
751 3881 1139 3930 contubernales.
1179 3885 1240 3930 In
1275 3881 1407 3932 bello

377 3961 590 4010 Maraieo
607 3995 622 4020 ,
657 3960 796 4024 quod
823 3971 874 4008 et
895 3959 1118 4008 Italicum
1145 3971 1195 4009 et
1219 3961 1408 4011 Sociale

378 4041 558 4089 dieitur
575 4075 592 4098 ‚
633 4055 738 4104 quo
775 4039 967 4088 Tullius
1007 4040 1108 4089 tiro
1154 4041 1310 4090 fuerat
1355 4042 1408 4090 in

375 4121 594 4170 exercitu
619 4120 714 4170 Cn.
741 4119 980 4185 Pompeii.

1574 2871 1648 2903 ιο.
1686 2857 1809 2903 Post
1837 2851 2034 2921 affines.
2076 2853 2295 2903 Uxorem
2329 2857 2459 2905 euim
2491 2875 2520 2907 a

1495 2944 1641 2999 geute
1654 2933 1818 2981 Tullia
1838 2933 2036 2980 Tubero
2058 2931 2280 2981 duxerat.

1497 3007 1502 3012 ’
1574 3028 1595 3059 1
1609 3027 1651 3061 r.
1679 3011 2013 3075 Opponebane.
2034 3009 2365 3070 Tuberonem,
2386 3027 2527 3078 poat·

1493 3104 1637 3154 quam
1675 3089 1886 3152 graviter
1930 3104 2041 3137 eum
2082 3100 2156 3137 eat
2194 3089 2487 3154 insequutus
2517 3128 2536 3153 ‚

1492 3167 1857 3234 quodammodo
1882 3181 2112 3216 excusare
2137 3168 2358 3234 videtur,
2384 3173 2525 3235 quod

1492 3247 1654 3312 specie
1697 3246 1816 3294 salu
1866 3245 2147 3312 reipublice
2190 3248 2425 3299 induetua
2470 3252 2525 3300 iu

1493 3343 1705 3376 errorem
1732 3341 1864 3375 arma
1884 3327 2105 3398 exaperit.
2378 3343 2383 3348 ·

1573 3419 1657 3456 ω.
1682 3405 1988 3470 Amplissimi
1998 3404 2117 3456 viri.
2144 3407 2369 3472 Pompeii
2390 3405 2531 3458 scili-⁰

1492 3498 1572 3534 cet
1586 3519 1602 3545 ,
1639 3487 1725 3549 qui
1748 3484 2036 3533 hortabatur
2060 3493 2117 3532 ut
2142 3485 2197 3532 in
2223 3485 2440 3536 Ast-leam
2471 3505 2527 3538 ae

1493 3566 1747 3631 reciperet..

1571 3645 1652 3693 13.
1683 3647 1796 3692 Jam
1814 3654 2121 3712 occupatam.
2152 3646 2200 3692 A
2224 3648 2359 3694 Varo
2384 3663 2531 3695 nem·

1493 3739 1557 3788 pe
1570 3757 1585 3782 ‚
1612 3723 1701 3787 qui
1722 3722 1854 3770 illam
1882 3723 1976 3772 sibi
2003 3725 2203 3789 propria
2237 3727 2529 3788 auctoritate

1495 3803 1847 3852 vindicaverat.

1574 3891 1657 3940 14.
1694 3879 1785 3930 Vel
1810 3882 1902 3933 ira.
1940 3882 2066 3945 Quia
2099 3881 2285 3930 acilicet
2317 3882 2369 3930 in
2396 3883 2531 3931 Afri-

1495 3977 1603 4012 cam
1630 3962 1817 4027 recepti
1842 3975 1949 4010 non
1976 3961 2137 4019 fuere,
2172 3977 2260 4008 nee
2282 3961 2531 4026 appellere

1495 4041 1695 4106 quidem
1719 4049 1986 4105 potuerunt
2006 4052 2022 4097 3
2057 4053 2249 4089 canaam
2271 4039 2423 4102 igitur
2447 4057 2532 4089 ac·

1495 4121 1764 4171 conationia
1796 4119 1941 4181 hujus
1981 4115 2193 4168 artifieio
2223 4119 2443 4168 oratorio
2474 4119 2528 4169 iu
2609 4175 2613 4178 ,
