2996 4694
597 401 887 471 ORAT.
941 402 1068 470 DE
1107 402 1402 473 PROV.
1448 406 2277 493 CONSULARIBUS,
2380 406 2519 505 267

402 521 836 609 dummod0‚
886 522 1088 617 cujus
1141 526 1478 623 exemplo
1535 552 1609 599 se
1672 529 2119 615 consolatur,
2176 528 2333 625 ejus
2382 534 2529 602 exi·

407 647 562 702 tum
583 642 646 675 ¹⁰
705 648 1121 730 exspectet:
1179 640 1568 733 praesertim
1623 664 1853 735 quum
1908 642 1979 710 in
2037 638 2339 711 Albucio
2390 666 2531 713 nec

403 742 678 811 Pisonis
717 740 1085 831 libidines,
1121 769 1256 816 nec
1293 744 1587 817 audacia
1634 748 1923 820 Gabinii
1956 748 2215 837 fuerit3
2258 750 2394 821 hac
2421 766 2530 822 ta-

405 876 574 923 men
613 878 758 925 una
787 853 996 951 plaga
1030 854 1463 946 conciderit,-
1500 860 1893 954 ignominia
1934 870 2332 932 senatusu.

503 965 722 1059 Atqui
736 962 913 1035 duas
929 962 1258 1035 Gallias¹²
1283 968 1411 1062 qui
1429 956 1750 1039 decernit
1770 968 2190 1039 consulibus
2209 966 2530 1055 duobus,

406 1072 542 1143 hos
566 1074 829 1145 retinet
869 1073 1122 1145 ambo:
1165 1078 1294 1172 qui
1329 1092 1567 1149 autem
1608 1080 1901 1149 alteram
1936 1078 2274 1167 Galliam,
2310 1092 2383 1149 et
2408 1092 2549 1150 aut·

405 1182 716 1277 Syriam,
750 1198 874 1253 aut
914 1184 1446 1273 Macedoniam,
1494 1202 1735 1259 tamen
1777 1189 2081 1260 alterum
2120 1193 2421 1277 retinet,
2462 1202 2535 1260 et

407 1292 482 1361 in
515 1295 894 1389 utriusque
923 1296 1078 1391 pari
1113 1296 1381 1368 scelere
1419 1297 1779 1396 disparem
1810 1297 2307 1369 conditionem
2338 1296 2527 1369 facit.

405 1405 684 1473 Faciam
705 1458 725 1489 ‚
754 1406 993 1502 inquit
1018 1402 1104 1491 ¹3,
1139 1406 1294 1477 illas
1319 1410 1685 1505 praetorias
1702 1462 1721 1492 ‚
1752 1423 1832 1479 ut
1856 1412 2101 1480 Pisoni
2127 1423 2199 1479 et
2222 1407 2533 1479 Gabinio

405 1511 828 1584 succedatur
859 1516 1118 1586 statim.
1145 1516 1238 1591 ‚si
1273 1516 1390 1588 hic
1425 1519 1613 1589 sinat
1638 1516 1726 1588 ¹4.
1761 1523 1945 1590 Tum
1972 1524 2166 1591 enim
2197 1517 2537 1590 tribunus

405 1622 854 1695 intercedere
912 1631 1180 1724 poterit
1229 1652 1246 1696 τ
1299 1652 1498 1698 nunc
1562 1652 1709 1699 non
1768 1643 2031 1726 potest.
2084 1632 2338 1726 Itaque
2400 1650 2535 1724 ego

407 1730 633 1821 idem,
678 1738 807 1830 qui
856 1759 1053 1805 nunc
1095 1736 1517 1809 consulibus
1558 1740 1680 1826 iis,
1718 1740 1846 1833 qui
1888 1737 2239 1833 designati
2282 1750 2538 1823 erunt,

407 1846 684 1939 Syriam
723 1846 1366 1944 Macedoniamque
1415 1848 1767 1933 decerno,
1820 1847 2201 1919 decernam
2248 1846 2535 1919 easdem

405 2064 574 2111 Marco
594 2062 810 2127 Popilio,
833 2063 993 2128 quiin
1013 2066 1210 2129 Ligure·
1229 2063 1424 2113 deditos
1511 2064 1587 2111 vel
1638 2066 1751 2112 Piao
1796 2064 1875 2113 val
1916 2064 2155 2113 Gabinius
2202 2078 2531 2115 revocaretur.

406 2143 640 2191 aaevierat.
658 2143 786 2193 Vide
805 2160 1001 2208 qnoque
1017 2144 1142 2192 Livii
1156 2144 1190 2192 l.
1205 2146 1425 2204 XXXV,
1511 2145 1833 2193 Foster-iorem
1859 2143 1986 2191 hanc
2014 2156 2201 2208 partem
2235 2161 2296 2193 eo
2331 2145 2536 2203 refellit,

408 2238 515 2287 cap.
542 2224 576 2271 6
590 2258 607 2281 ,
627 2222 689 2271 de
711 2223 862 2272 literis
887 2226 942 2271 L.
962 2224 1178 2274 Cornelii
1197 2223 1419 2280 Merulae,

405 2317 523 2368 qnae
569 2302 832 2369 scripserat
879 2302 941 2353 de
987 2304 1206 2354 necundo
1253 2303 1424 2370 praelio

407 2399 516 2430 cnm
539 2384 673 2432 Boiis
693 2385 841 2434 sacto·

486 2479 561 2512 ιο.
589 2464 708 2528 Ejus
735 2463 938 2512 exitum.
965 2463 1202 2512 Albucius
1231 2480 1294 2511 ex
1315 2467 1424 2513 Sar-

405 2539 538 2590 dinia
575 2544 890 2607 pecuniarum
923 2543 1298 2608 repetundarum
1335 2541 1424 2590 da-

405 2631 597 2669 mnatus
616 2623 670 2668 in
685 2621 910 2670 anilium
926 2622 1108 2682 ejectus
1124 2631 1212 2670 eat.
1226 2620 1425 2670 Tuscul.

406 2702 452 2745 V
473 2715 486 2748 τ
510 2721 532 2742 ι
554 2695 724 2763 Quid?
740 2703 801 2749 T.
823 2699 1063 2748 Albucius
1082 2709 1245 2747 nonne
1260 2702 1422 2749 animo

406 2795 482 2842 aeq
519 2781 530 2792 ‘
583 2781 680 2826 imo
711 2779 920 2827 Athenis
949 2779 1086 2827 exsul
1106 2779 1421 2843 philosopha-

407 2859 469 2906 ha
563 2859 586 2905 P
627 2859 718 2906 Cui
755 2871 918 2908 tamen
957 2858 1082 2906 illud
1123 2858 1282 2922 ipsum
1319 2874 1422 2905 non

406 2938 687 2995 accidiam.
725 2940 768 2988 ai
801 2940 856 2986 in
884 2937 1134 3001 republica
1173 2940 1425 3002 qnieacena

403 3017 606 3082 Epicuri
621 3017 808 3080 legibue
825 3016 1065 3080 paruisset
1083 3035 1125 3062 ιι.
1373 3011 1380 3020 ’

483 3112 565 3144 ιι.
597 3098 707 3144 Hac
731 3105 892 3144 tamen
935 3111 1039 3144 una
1067 3096 1224 3160 plaga
1253 3096 1424 3144 conci-

408 3176 562 3235 derit,
613 3172 886 3240 1’gttontt‘nia
933 3187 1145 3224 senatus.
1209 3174 1266 3222 Id
1319 3186 1391 3223 eat
1411 3209 1426 3234 ‚

409 3271 554 3319 quam
578 3257 624 3304 ei
645 3267 842 3304 senatus
857 3255 1050 3304 inuasit.

483 3351 562 3384 xa.
587 3335 744 3400 Aequi
756 3336 882 3384 duas
910 3333 1122 3384 Gallias.
1151 3334 1344 3402 Tranait
1362 3332 1427 3381 ad

406 3413 604 3462 alteram
638 3413 1022 3464 confirmationi:
1059 3425 1246 3479 partem
1262 3448 1277 3473 ‚
1317 3429 1428 3477 qua

407 3503 482 3541 eat
503 3494 565 3542 de
585 3495 776 3542 Coeaaro
795 3495 848 3541 in
867 3495 1120 3558 provincia
1140 3493 1396 3542 retinendo
1409 3525 1426 3551 ,

407 3589 518 3637 qun
539 3572 657 3620 duaa
675 3573 854 3621 Gallina
873 3574 1144 3621 citeriorem
1160 3585 1210 3621 et
1227 3573 1426 3621 ulterio-

406 3668 508 3700 rem
535 3652 874 3716 conjungebat.
899 3652 996 3699 sed
1016 3661 1272 3716 antequam
1290 3667 1427 3699 snam

408 3729 662 3780 confirmet
679 3731 966 3780 sententiam
983 3729 1183 3788 ,aliem
1193 3731 1428 3794 quasdam

411 3809 606 3868 refellit,
619 3827 788 3858 eorum
801 3809 1132 3872 nimirum‚qni
1144 3810 1430 3870 suadebant,

407 3900 466 3937 nt
493 3889 654 3936 Caesar
685 3889 856 3952 potina
887 3898 1212 3949 revocaretur,
1247 3899 1296 3936 et
1320 3888 1430 3936 dnae

407 3966 578 4014 Gauius
621 3967 800 4014 divisio
844 3965 1050 4028 imperio
1065 3998 1081 4023 ‚
1126 3965 1432 4029 designandi·

407 4045 696 4094 consulibua
729 4045 1134 4104 decernerentur-3
1178 4035 1254 4092 v'el
1269 4045 1431 4092 »alter-

407 4137 518 4176 utra
535 4121 692 4175 Gallia
703 4157 719 4185 ,
733 4124 911 4176 Camari
928 4123 1170 4188 adempta,
1188 4125 1436 4185 alteruter,

1511 2222 1648 2287 quod
1674 2238 1827 2287 quum
1854 2238 1991 2286 parea
2018 2224 2117 2271 sint
2142 2223 2321 2271 scelere
2335 2259 2351 2285 ,
2392 2221 2536 2272 debet

1508 2319 1614 2352 ease
1630 2318 1720 2368 par
1742 2288 1991 2366 utriunque
2012 2302 2253 2353 conditio.

1588 2385 1673 2433 13.
1712 2382 1946 2441 Faciam,
1987 2380 2161 2447 inquit.
2196 2383 2443 2448 Exponit,
2476 2399 2535 2430 ac

1513 2464 1687 2513 refellit
1726 2463 1925 2514 alteram
1959 2465 2245 2513 sententiam
2277 2480 2387 2528 qnae
2417 2463 2539 2512 duaa

1515 2543 1695 2593 Gallias
1706 2581 1719 2602 ,
1738 2545 1915 2594 Caesari
1931 2543 2181 2609 ademptas
2199 2544 2393 2592 duobus
2412 2543 2537 2591 futu·

1514 2623 1581 2672 ria
1606 2623 1889 2672 consulibua
1914 2622 2218 2673 decernebat.
2254 2625 2347 2672 Per
2367 2635 2536 2687 quam-

1512 2705 1623 2753 dam
1649 2703 2045 2768 prosopopoeiam
2069 2703 2351 2767 loquentem
2368 2700 2539 2750 adum-

1510 2783 1619 2830 brat
1626 2793 1875 2830 auctorem
1884 2783 1925 2842 ej
1932 2798 1987 2830 us
1998 2783 2262 2830 sententia.
2274 2781 2326 2830 Si
2337 2797 2539 2844 revoco,

1510 2863 1688 2928 inquit,
1710 2865 1964 2921 Canai-em,
1982 2878 2085 2910 non
2102 2862 2290 2910 idcireo
2311 2861 2535 2908 Pisonem

1512 2953 1563 2991 et
1603 2941 1865 2990 Gabinium
1908 2942 2096 2990 retineo
2140 2941 2195 2987 in
2234 2939 2508 3004 provinciis
2524 2973 2540 2998 ,

1513 3037 1635 3084 quaa
1660 3020 1905 3069 obtinent.
1933 3023 2093 3068 Immo
2113 3035 2231 3068 vero
2254 3018 2307 3066 id
2334 3033 2457 3082 ago,
2483 3029 2544 3066 ut

1512 3099 1609 3146 illia
1630 3099 1921 3146 succedatur
1940 3098 2105 3146 statim
2119 3115 2139 3153 ,-
2166 3112 2279 3144 nam
2306 3111 2425 3160 quaa
2448 3096 2541 3145 ob·-

1514 3179 1673 3226 tineut
1693 3177 1998 3241 provinciae,
2020 3177 2133 3224 illae
2142 3173 2349 3240 faciam
2361 3187 2543 3239 prmo-

1514 3255 1644 3312 n‘a55
1674 3256 1773 3303 hoc
1799 3266 1871 3303 eat
1887 3289 1905 3313 ‚
1930 3267 1988 3304 ut
2014 3254 2253 3313 diximus,
2285 3253 2416 3302 dabo
2445 3254 2538 3303 ad·

1514 3335 1852 3383 ministrandas
1893 3333 2188 3400 praetoribna
2208 3347 2224 3394 3
2270 3349 2447 3398 nempe
2482 3345 2541 3382 ut.

1514 3415 1727 3478 primum
1777 3426 2008 3478 ρωποι-ω
2045 3414 2375 3478 magistratum
2416 3415 2537 3462 inie-

1513 3506 1623 3544 rant
1642 3527 1659 3554 ,
1686 3495 1739 3541 iu
1761 3493 2041 3558 provincias
2066 3493 2401 3552 mittebantur,
2419 3493 2538 3542 dnm

1515 3586 1687 3622 contra
1708 3572 1934 3621 consules
1951 3583 2065 3636 poet
2085 3572 2411 3620 consulatum.

1592 3669 1610 3698 r
1623 3661 1669 3708 4.
1712 3651 1766 3698 Si
1808 3651 1886 3699 laic
1922 3652 2069 3699 sinat.
2130 3651 2407 3715 Responsio
2468 3663 2541 3699 eat

1518 3732 1768 3782 Ciceronis
1790 3731 1875 3794 qui
1892 3741 2031 3794 gestu
2054 3729 2277 3794 designat
2294 3731 2541 3778 tribunum

1518 3812 1605 3874 qni
1630 3827 1679 3857 se
1702 3809 1775 3856 illi
1802 3808 2001 3856 decreto
2042 3809 2415 3857 intercessurum
2448 3809 2545 3854 mi·

1520 3890 1753 3947 nabetur3
1780 3904 1917 3946 nam,
1938 3899 1993 3936 nt
2015 3903 2165 3952 snpra
2176 3889 2275 3948 jam
2300 3885 2511 3934 diximus
2530 3920 2546 3942 ‚

1520 3969 1623 4032 lege
1640 3967 1931 4031 Sempronia
1950 3965 2135 4015 tribuni
2156 3963 2312 4028 plebia
2328 3975 2543 4012 senatua-

1520 4047 1747 4096 conaulto
1760 4079 1775 4104 ,
1806 4061 1907 4109 quo
1935 4043 2321 4092 decernebantur
2342 4042 2543 4105 provin-

1522 4127 1609 4174 οἰκ
1624 4124 1871 4189 pretoriae
1880 4157 1895 4180 ‚
1916 4121 2211 4170 intercedere
2226 4131 2469 4186 poterant.
