2996 4694
876 358 1262 427 ORATIO
1312 361 1513 431 PRO
1564 362 1660 429 M.
1712 362 2109 432 COELIO.
2408 380 2541 435 201‘

413 479 600 553 batis
641 477 781 549 illis
803 533 824 568 ,
871 502 1024 552 nou
1071 480 1206 553 hac
1247 478 1599 553 barbula‘*
1618 534 1637 570 ,
1682 505 1825 578 qua
1844 480 1871 527 ⁵
1928 485 2065 555 ista
2106 480 2542 578 delectatum

414 588 542 663 sed
584 588 704 661 illa
741 588 1032 660 horrida
1060 644 1080 678 ‚
1133 612 1350 688 quam
1399 593 1474 662 in
1525 595 1775 663 statuis
1820 594 2135 690 antiquis
2178 609 2251 665 et
2292 597 2545 695 imagi-

417 698 632 770 nibus
677 697 1050 792 videmus;
1098 702 1226 798 qui
1270 700 1611 799 objurget
1654 701 2065 789 mulierem,
2121 718 2193 776 et
2239 727 2372 802 pro
2428 732 2547 780 me

417 809 778 907 loquatur,
806 834 898 881 ne
933 810 1066 882 ista
1098 810 1271 883 mihi
1308 809 1492 883 forte
1525 827 1961 885 succenseat.
1999 817 2307 885 Exsistat
2330 817 2547 913 igitur

417 946 508 991 ex
533 920 669 992 hac
695 921 846 1017 ipsa
871 918 1140 993 familia
1165 920 1462 1018 aliquis3
1489 946 1573 993 ac
1598 923 2051 1019 potissimum
2078 919 2361 994 Caecus⁶
2391 923 2543 995 ille:

421 1030 792 1099 minimum
831 1030 1024 1099 enim
1056 1029 1386 1102 dolorem
1427 1032 1698 1130 capiet,
1744 1034 1873 1130 qui
1914 1036 2123 1104 istam
2168 1058 2321 1104 non
2357 1032 2548 1104 vide-

417 1134 545 1207 bit.
582 1138 728 1227 Qui
766 1137 1217 1235 profect0‚si
1234 1142 1624 1228 exstiterit,
1664 1144 1765 1214 sic
1798 1155 1999 1239 aget,
2039 1156 2115 1212 et
2150 1144 2251 1215 sic
2292 1143 2547 1239 loque-

419 1260 582 1320 tur:
617 1278 650 1313 «
676 1248 963 1336 Mulier,
1011 1249 1192 1347 quid
1233 1250 1366 1323 tihi
1405 1276 1569 1323 cum
1617 1252 1945 1324 Coelio‘7?
1996 1252 2173 1349 quid
2210 1278 2377 1324 cum
2420 1251 2554 1323 ho-

415 1358 610 1428 mine
632 1354 661 1399 ⁸
708 1356 1301 1431 adolescentulo?
1341 1360 1518 1457 quid
1563 1385 1732 1433 curn
1767 1362 2052 1433 alieno?
2084 1386 2215 1433 cur
2247 1376 2369 1433 aut
2401 1377 2549 1432 tam

416 1465 780 1541 familiaris
804 1469 976 1542 bu'ic
999 1468 1268 1560 fuistis»,
1297 1486 1381 1543 ut
1407 1496 1667 1543 aurum
1693 1471 2222 1559 commodare5‚
2252 1486 2378 1569 aut
2404 1486 2551 1544 tam

417 1580 744 1669 inimica,
796 1595 881 1652 ut
929 1606 1291 1653 venenum
1341 1584 1675 1654 timeres?
1719 1586 1885 1654 Nou
1930 1597 2209 1681 patrem
2231 1590 2295 1627 ¹⁰
2340 1596 2551 1653 tuum

417 1689 736 1777 videras,
774 1715 926 1761 non
959 1705 1298 1789 patruutn
1323 1700 1413 1780 ¹¹,
1441 1717 1597 1764 non
1623 1718 1835 1765 avum
1859 1701 1949 1781 ¹²,
1984 1718 2366 1792 proavum,
2402 1706 2550 1763 ata-

417 1898 601 1954 psrtem
620 1888 779 1954 plebis
794 1900 1209 1940 vestemmutssse
1223 1926 1238 1950 ,
1259 1892 1440 1941 multos

417 1969 644 2019 mortales
679 1969 910 2034 capillum
942 1981 993 2019 et
1019 1970 1217 2019 barbam
1253 1973 1444 2037 promi-

415 2049 534 2097 sisse
551 2070 599 2096 ⁸.
633 2049 706 2097 Ex
730 2064 830 2113 qno
855 2050 978 2098 bene
1005 2050 1233 2115 Lipsius:
1261 2074 1288 2094 α
1305 2052 1358 2100 Si
1387 2052 1440 2099 in

417 2128 554 2175 luctu
581 2127 892 2192 promiserint
914 2128 1112 2179 barbam
1127 2164 1144 2189 ‚
1178 2146 1294 2195 ergo
1321 2130 1440 2179 alins

421 2222 524 2255 resa
532 2228 573 2253 n.
591 2207 661 2254 At
675 2222 790 2255 vero
806 2208 980 2256 Cicero
996 2219 1140 2256 vocat
1153 2224 1256 2257 non
1275 2210 1441 2273 paucis

419 2296 534 2350 post
552 2284 692 2333 annis
710 2286 926 2352 Appium
948 2286 1140 2336 Caecum
1161 2287 1442 2352 barb-tum,
1473 2309 1478 2316 ·

421 2381 568 2430 quem
583 2374 773 2413 constat
790 2365 916 2412 circs
936 2381 1116 2413 annum
1135 2374 1162 2422 4
1173 2373 1238 2422 4ο
1255 2367 1441 2416 floruis-

420 2459 490 2493 se.
533 2445 708 2492 Postea
754 2453 916 2491 tamen
951 2459 1067 2492 usus
1107 2445 1314 2494 invaluit
1329 2480 1346 2506 ,
1383 2457 1442 2495 ut

419 2522 622 2587 siugulis
639 2539 793 2588 prope
809 2521 1009 2571 modum
1029 2523 1202 2572 diebus
1215 2524 1442 2572 raderen-

421 2614 517 2660 tur,
540 2613 717 2667 praeter
732 2603 1079 2662 adolescentes,
1103 2604 1188 2667 qui
1209 2603 1442 2667 aliquam·

421 2683 506 2730 diu
550 2682 749 2731 barbam
800 2684 1094 2733 nutriebant.
1140 2683 1442 2733 Tonsoribus

421 2778 525 2810 non
551 2779 667 2812 usos
699 2765 949 2812 Romanos
982 2775 1096 2812 snte
1123 2779 1304 2812 annum
1341 2764 1459 2821 454*

421 2842 606 2891 Plinius
638 2854 855 2906 testatur,
882 2845 1190 2908 primumque
1227 2843 1444 2890 omnium

421 2921 528 2969 redi
568 2922 850 2970 Africanum
887 2922 1174 2970 instituisse.
1218 2922 1320 2972 Cic.
1351 2938 1444 2987 pro

421 3001 625 3048 Murena
646 3013 659 3047 τ
686 3023 711 3043 ιι
729 3003 848 3048 Haec
864 3001 962 3062 jam
990 3012 1092 3048 tum
1108 2999 1322 3048 barbatis
1347 3000 1447 3048 illis

421 3079 626 3128 ridicula
652 3078 941 3128 videbantur
959 3101 1000 3128 ιο.

494 3168 544 3215 4.
575 3159 686 3206 Non
715 3157 810 3206 hae
835 3157 1059 3207 barbula.
1087 3159 1190 3207 Etsi
1215 3157 1446 3206 raderen-

423 3247 503 3284 tur
530 3235 780 3286 Ciceronis
806 3247 969 3297 aetate,
999 3235 1349 3285 adolescentuli
1375 3245 1446 3282 ts·

425 3331 564 3375 men,
593 3316 859 3380 presertim
893 3315 1188 3375 lasciviores,
1213 3314 1446 3378 aliquam-

425 3393 511 3442 diu
531 3396 682 3458 prima
699 3393 900 3442 barbula
920 3395 1306 3454 delectabuntur-3
1331 3394 1449 3442 binc

423 3472 546 3521 illud
575 3474 639 3521 sd
667 3475 912 3532 Atticum,
932 3474 1020 3524 lib.
1049 3477 1152 3522 12«
1173 3475 1447 3522 Concursa-

423 3551 542 3601 bsut
584 3551 824 3602 berb-tuli
852 3556 1088 3616 juvenes,
1133 3553 1257 3620 duce
1298 3549 1448 3600 filiola

423 3633 650 3680 Curionis
669 3655 710 3680 n.

497 3713 546 3758 5.
577 3712 763 3759 Anton.
797 3709 1054 3777 Augustin.
1085 3713 1216 3774 conj.
1243 3727 1346 3782 qua
1372 3711 1454 3760 isti

422 3789 741 3848 delectantur,
765 3791 1005 3856 probante
1023 3795 1219 3841 Ursino.
1242 3793 1294 3840 J.
1312 3792 1376 3840 V.
1395 3793 1451 3838 L.

495 3873 546 3919 6.
576 3872 738 3919 Caecus
762 3870 860 3920 ille.
889 3873 966 3920 Sc.
993 3873 1188 3936 Appius
1220 3871 1453 3921 Claudius

426 3951 650 4009 Crassus,
667 3951 748 3998 cui
773 3951 918 3999 Caeco
949 3967 1220 4014 cognomen
1249 3951 1372 4008 fuit,
1397 3960 1454 3998 ut

425 4029 688 4077 Frontinus
715 4040 946 4087 testetur,
977 4029 1038 4077 de
1064 4045 1163 4092 quo
1191 4030 1363 4078 Cicero
1391 4027 1452 4079 de

423 4109 684 4156 Senectute
700 4143 715 4169 ,
742 4124 850 4172 cap.
893 4111 952 4170 ὃς
983 4110 1158 4170 Pomp.
1183 4107 1244 4155 de
1267 4108 1454 4170 origiue

1520 1894 1622 1954 iar.
1660 1896 1865 1959 Eutrop.
1892 1894 1979 1945 nb.
2010 1896 2089 1954 113
2111 1896 2207 1959 Ep.
2248 1894 2356 1943 mv.
2391 1882 2553 1951 xin;

1527 1974 1728 2022 Sueton.
1756 1974 1811 2020 in
1835 1974 1945 2021 nb.
1979 1970 2169 2023 Censor
2201 1982 2251 2022 et
2274 1972 2351 2020 bis
2378 1973 2553 2021 consul

1528 2052 1715 2122 fueret,
1744 2067 1847 2100 sese
1872 2052 1923 2099 in
1948 2063 2166 2101 senatum
2192 2050 2557 2112 devehijussit,

1526 2142 1583 2179 ut
1620 2146 1790 2195 paoem
1818 2146 1931 2179 cum
1966 2132 2159 2195 Pyrrho
2196 2129 2553 2181 conficiendam

1527 2208 1839 2258 dissuaderet.

1603 2305 1649 2351 7.
1688 2288 1820 2352 Quid
1844 2286 1933 2336 tibi
1960 2303 2071 2335 cum
2098 2287 2281 2336 Coelioe’
2302 2288 2557 2335 Terentius

1528 2369 1580 2417 in
1602 2368 1843 2416 Eunucho
1858 2403 1873 2426 ‚
1904 2377 1997 2416 act.
2018 2370 2121 2425 111,
2146 2384 2277 2418 scen.
2313 2368 2361 2416 5.
2390 2369 2555 2430 Rogat

1528 2447 1638 2511 quis
1660 2461 1674 2496 ε
1704 2468 1731 2488 α
1748 2445 1871 2510 quid
1896 2445 1985 2494 tibi
2012 2463 2125 2496 cum
2149 2441 2269 2494 illa?
2299 2463 2361 2494 ne
2388 2461 2553 2494 coi-sm

1530 2524 1725 2591 quidem
1754 2542 1808 2584 ις
1853 2525 1969 2574 item
2012 2535 2126 2574 ectu
2168 2527 2258 2588 IV,
2299 2541 2432 2575 scen.
2476 2541 2503 2586 7
2534 2541 2551 2571 ε

1530 2628 1557 2650 α
1576 2605 1699 2669 quid
1723 2605 1815 2654 tibi
1844 2605 1948 2654 vis?
1975 2605 2097 2670 quid
2122 2621 2233 2654 cum
2256 2604 2341 2653 illa
2368 2606 2437 2652 rei
2464 2603 2558 2653 tibi

1529 2686 1637 2734 est?
1656 2706 1683 2728 a

1604 2765 1655 2812 8.
1702 2764 1852 2812 Abest
1884 2761 2079 2812 bomine
2113 2776 2191 2826 sp.
2230 2761 2455 2826 Aquilam
2494 2761 2559 2812 de

1531 2842 1719 2906 Figuris
1732 2877 1747 2901 ,
1774 2857 1883 2906 esp.
1913 2843 1941 2890 3
1962 2876 1977 2900 ,
2004 2841 2089 2888 ubi
2123 2839 2351 2890 laudetur
2374 2840 2455 2890 hic
2478 2841 2557 2890 lo-

1532 2936 1637 2968 cus.
1670 2922 1719 2968 J.
1736 2920 1801 2966 V.
1834 2921 1889 2968 1..

1605 3013 1659 3061 9.
1688 3000 1807 3045 Tam
1807 2997 2081 3063 familiaris
2097 2995 2379 3062 kuicfm'sti.
2395 2997 2564 3046 Julius

1535 3077 1821 3124 Severianus
1863 3092 1917 3140 p.
1954 3079 2055 3128 338
2090 3077 2235 3126 Rhet-
2262 3093 2371 3141 esp.
2407 3077 2558 3124 omit·

1536 3157 1597 3204 tit
1623 3154 1755 3204 kuic.

1613 3251 1691 3283 to.
1731 3236 1847 3283 Non
1878 3251 1933 3298 p.
1958 3245 2114 3284 tuum,
2155 3235 2375 3299 Appium
2416 3229 2564 3285 Cleu-

1537 3315 1673 3364 dium
1702 3313 1967 3362 Pulchrum
1980 3349 1996 3374 ,
2024 3314 2113 3376 qui
2138 3312 2307 3361 consul
2334 3314 2428 3362 fuit
2450 3329 2563 3364 enm

1535 3393 1740 3442 Publieo
1762 3391 1969 3440 Servilio
1990 3391 2205 3439 Inui-ico
2240 3407 2374 3442 suno
2412 3393 2562 3443 Urbis

1536 3471 1751 3522 condius
1790 3472 1895 3531 674
1911 3505 1927 3529 ,
1973 3471 2109 3531 cujus
2158 3470 2377 3520 meminit
2415 3473 2563 3524 initio

1537 3552 1773 3602 orationis
1796 3549 1858 3598 de
1881 3553 2089 3614 Hei-usp.
2116 3566 2241 3616 resp.

1616 3649 1637 3680 ι
1650 3648 1695 3679 ι.
1708 3631 1823 3678 Non
1835 3630 2271 3693 pammcaium
2294 3630 2557 3680 Claudiurn

1539 3711 1789 3760 consulem
1812 3725 1923 3758 cum
1939 3711 2017 3758 Μ.
2038 3709 2285 3775 Perpenna
2304 3725 2421 3758 anu.
2438 3711 2537 3758 661
2550 3745 2567 3758 .

1614 3805 1697 3842 ω.
1724 3791 1839 3838 Non
1875 3804 2037 3836 avum.
2081 3789 2137 3838 C.
2160 3787 2446 3849 Claudium,
2479 3790 2568 3853 qni

1526 3870 1714 3918 'consul
1724 3868 1822 3917 fuit
1837 3884 1951 3916 cum
1962 3869 2033 3916 M.
2048 3870 2303 3930 Perpenna
2314 3881 2429 3916 nnn.
2444 3869 2507 3916 62
2518 3869 2568 3917 3.

1545 3977 1611 3986 —
1634 3953 1887 3996 Pmavum.
1914 3947 1972 3996 C.
2005 3945 2267 3994 claudium
2294 3961 2429 3994 cous.
2454 3961 2565 3994 cum

1542 4028 1653 4077 Tib.
1704 4026 1947 4076 Graccho.
1988 4051 2057 4061 -—
2102 4026 2331 4074 Aeaeum.
2380 4025 2573 4089 Appius

1542 4105 1773 4157 claudius
1791 4106 1960 4154 Caecus
1982 4104 2093 4166 fuit,
2117 4103 2179 4152 de
2197 4119 2299 4168 quo
2321 4103 2494 4162 Cicero
2516 4106 2568 4154 iu
