2996 4694
477 375 620 456 408
1103 377 1200 440 m.
1251 377 1329 441 T.
1380 377 1851 443 clcssnon
1870 376 1961 442 1s

477 519 574 563 ue
607 517 804 564 meas
823 492 1150 564 fortunas
1163 491 1553 580 desereret,
1570 519 1739 565 cum
1754 491 2169 591 reipublicae
2188 491 2414 564 salute
2430 517 2603 564 con-

471 604 780 697 junctas.
816 605 1020 693 Quos
1055 603 1174 674 ille
1209 602 1302 674 ad
1337 618 1410 674 te
1445 618 1521 674 et
1560 602 1653 676 ad
1688 621 1893 674 tuum
1926 602 2267 700 collegam
2298 604 2601 690 remisit,

475 728 560 782 ut
601 736 888 786 causam
921 713 1286 810 publicam
1323 716 1779 812 susciperetis
1800 767 1821 801 ,
1866 728 1949 785 ut
1982 713 2075 784 ad
2112 727 2439 784 senatum
2490 739 2599 784 re·

473 820 754 894 ferretis
795 851 812 892 :
869 847 946 894 se
1003 839 1258 895 contra
1319 839 1673 894 armatum
1726 821 2107 894 tribunum
2158 821 2387 919 plebis
2444 825 2599 894 sine

474 932 774 1004 consilio
817 931 1116 1031 publico
1156 933 1523 1006 decertare
1560 935 1791 1018 nolle3
1826 932 2247 1006 consulibus
2276 957 2367 1004 ex
2394 957 2597 1004 sena-

473 1043 924 1113 tusconsulto
993 1042 1515 1140 rempublicam
1580 1041 2141 1116 defendentibus
2168 1097 2191 1130 ,
2258 1068 2337 1114 se
2402 1067 2599 1112 arma

473 1167 960 1249 sumpturum.
993 1151 1294 1249 Ecquid,
1328 1151 1605 1241 infelix,
1640 1152 2061 1236 recordari&
2096 1152 2275 1250 quid
2300 1177 2598 1249 respon-

474 1260 706 1332 deris?
743 1264 816 1332 in
859 1287 1012 1359 quo
1048 1263 1152 1332 illi
1183 1288 1438 1336 omnes
1465 1263 1801 1362 quidem,
1836 1265 1963 1336 sed
1988 1269 2397 1362 Torquatus
2421 1287 2601 1361 prae-

475 1387 586 1443 ter
619 1386 931 1460 ceteros,
965 1371 1252 1444 furebat
1293 1376 1747 1446 contumacia
1778 1376 2107 1473 responsi
2142 1376 2249 1446 tui
2286 1403 2303 1444 ε
2340 1390 2414 1445 te
2450 1399 2599 1444 non

472 1505 628 1552 esse
663 1496 810 1552 tam
855 1479 1154 1570 fortem,
1197 1507 1420 1581 quam
1453 1486 1611 1582 ipse
1650 1483 2185 1582 [Torquatus9]
2226 1487 2299 1554 in
2338 1509 2599 1554 consu-

477 1591 626 1660 latu
679 1589 962 1679 fuisset,
1015 1608 1142 1662 aut
1201 1618 1374 1691 ego;
1427 1593 1612 1664 nihil
1669 1619 1857 1692 opus
1912 1618 2067 1664 esse
2119 1595 2369 1680 armis,
2422 1591 2603 1662 nihil

475 1701 982 1788 contentione3
1021 1726 1139 1773 me
1175 1725 1386 1800 posse
1423 1705 1687 1775 iterum
1720 1701 2248 1802 rempublicam
2284 1727 2601 1788 servare,

477 1811 540 1879 si
603 1815 1007 1899 cessissem3
1063 1812 1421 1884 infinitam
1457 1813 1729 1885 caedem
1780 1813 1973 1900 fore,
2032 1815 2093 1884 si
2142 1814 2601 1898 restitissem3

481 1917 742 1994 deinde
801 1921 890 1992 ad
935 1938 1374 2012 extremum,
1421 1949 1663 2022 neque
1708 1949 1821 2011 se,
1858 1947 2099 2020 neque
2144 1947 2491 2019 generum
2512 1935 2597 2001 ¹⁰.

479 2055 722 2127 neque
749 2032 1096 2131 collegam
1125 2059 1340 2106 suum
1357 2089 1378 2116 ,
1413 2035 1715 2106 tribuno
1740 2033 1975 2132 plebis
2002 2032 2443 2105 defuturum.
2475 2035 2607 2102 Hic

480 2156 596 2230 tu,
639 2141 866 2214 hostis
921 2169 1006 2216 ac
1061 2144 1424 2242 proditor,
1478 2146 1633 2216 aliis
1670 2170 1787 2216 me
1828 2146 2337 2233 inimiciorem,
2386 2167 2605 2241 quam

481 2251 652 2340 tibi,
685 2252 954 2327 debere
995 2281 1150 2328 esse
1185 2255 1410 2328 dicis?

575 2368 864 2435 XXXII.
903 2370 1053 2463 Ego
1085 2370 1166 2438 C.
1205 2372 1555 2439 Caesarem
1592 2392 1743 2438 non
1780 2305 2031 2439 eadem
2065 2365 2155 2437 de
2192 2364 2599 2491 republica¹

482 2476 815 2559 sensisse,
863 2500 1026 2571 quae
1061 2500 1217 2563 me,
1247 2478 1446 2549 scio:
1491 2476 1619 2548 sed
1652 2492 1933 2563 tamen,
1964 2475 2216 2573 quod
2189 2501 2337 2571 ι111111
2370 2476 2463 2545 de
2484 2498 2607 2559 eo,

483 2582 594 2653 his
631 2582 1124 2667 audientibus,
1165 2609 1354 2683 sirpe
1387 2583 1575 2673 dixi,
1614 2610 1728 2657 me
1767 2586 1886 2657 ille
1932 2588 2045 2657 sui
2085 2586 2309 2656 totius
2352 2610 2609 2657 consu-

479 2692 700 2775 latus,
729 2716 1130 2791 eorumque
1156 2693 1519 2765 honorum
1543 2750 1563 2783 ‚
1608 2720 1797 2791 quos
1821 2720 1987 2765 cum
2028 2695 2373 2793 proximis
2416 2718 2611 2765 com-

484 2802 915 2891 municavit,
980 2804 1252 2875 socium
1321 2829 1472 2875 esse
1544 2806 1815 2889 voluit3
1874 2804 2133 2877 detulit
2155 2858 2175 2892 ,
2250 2805 2613 2883 invitavit,

477 2912 775 3009 rogavit.
819 2916 982 2983 Non
1019 2938 1178 2983 sum
1211 2936 1382 3010 ego,
1431 2930 1731 3012 propter
1760 2916 2051 2985 nimiam
2092 2912 2393 2985 fortasse
2432 2938 2609 2984 con-

483 3022 756 3093 stantiae
783 3022 1250 3121 cupiditatem
1269 3036 1322 3111 ²,
1356 3024 1711 3097 adductus
1738 3022 1829 3094 ad
1855 3048 2135 3097 causam
2156 3050 2175 3113 ;
2200 3048 2351 3093 non
2376 3036 2613 3117 postu·

485 3132 748 3220 labam,
783 3147 866 3203 ut
903 3136 971 3204 ei
1009 3136 1414 3205 carissimus
1443 3156 1701 3219 essem,
1729 3134 1937 3227 cujus
1960 3157 2095 3229 ego
2124 3156 2215 3201 ne
2246 3129 2617 3202 beneficiis

555 3323 605 3369 9.
647 3307 808 3369 Quam
839 3303 938 3369 ipse
967 3302 986 3371 [
1009 3306 1280 3369 Torquatus
1303 3302 1342 3372 ].
1369 3308 1507 3353 Duas
1592 3318 1695 3351 non
1734 3302 1907 3349 ultimo
1936 3300 2182 3365 supplicio
2220 3297 2505 3347 afficiendos
2518 3334 2535 3361 ,
2565 3312 2619 3349 et

486 3383 707 3434 catilinae
750 3384 1110 3443 coniurationes
1151 3384 1356 3447 exponit
1397 3383 1505 3430 Sul·
1594 3397 1623 3429 u
1658 3397 1735 3429 me
1770 3382 1917 3429 etiam
1954 3380 2207 3437 dim-it,
2244 3394 2395 3441 quum
2431 3380 2485 3426 iu
2522 3395 2617 3428 suo

485 3464 689 3511 lunius:
707 3462 856 3510 uitem
873 3465 992 3511 Luc.
1011 3462 1186 3517 Tullo,
1207 3472 1256 3508 et
1272 3463 1346 3509 M.
1363 3462 1509 3509 AEmi·
1595 3458 1851 3508 consulatu
1877 3459 2031 3522 legem
2058 3460 2204 3507 ferret
2230 3457 2293 3505 de
2320 3474 2440 3521 agro
2472 3458 2619 3506 Cn·-

487 3541 560 3589 lio
599 3539 786 3603 Lepido
819 3538 1100 3587 consulibus
1139 3539 1256 3587 inita
1294 3540 1346 3585 in
1381 3540 1503 3587 Luc.
1592 3554 1724 3603 pauo
1766 3539 1947 3585 viritim
1996 3536 2299 3597 dividendo3
2348 3536 2431 3585 ille
2486 3540 2619 3585 enim

486 3620 674 3679 Cottae,
703 3628 754 3665 et
773 3618 892 3666 Luc.
925 3617 1100 3666 Manlii
1123 3616 1356 3679 Torquati
1383 3634 1505 3665 cou-
1592 3618 1719 3665 hauc
1755 3616 2044 3664 divisionem
2080 3634 2107 3663 e
2134 3614 2385 3681 republica
2413 3615 2621 3679 putabat

488 3696 698 3745 sulatum
717 3696 911 3758 erupit,
937 3694 1000 3741 de
1023 3710 1120 3757 qua
1147 3695 1246 3743 Dio
1269 3696 1507 3744 Cocceius
1592 3710 1725 3744 enne:
1758 3710 1851 3759 ego
1882 3695 2157 3753 censebam,
2196 3694 2293 3742 hoc
2323 3704 2473 3758 pacto
2502 3710 2619 3758 per-

485 3776 614 3825 libro
637 3774 885 3829 XXXVI,
901 3784 950 3821 et
964 3774 1274 3837 Tranquillus
1285 3774 1503 3833 111111Ιί0,
1594 3774 1778 3822 turbari
1796 3774 2103 3837 vectigalium
2121 3774 2379 3821 rationem.

489 3872 596 3919 cap.
627 3869 680 3916 9.
1668 3869 1715 3901 a.
1734 3855 1941 3915 Pmpeer
1954 3852 2379 3916 nimthmfhrtasse
2396 3862 2627 3897 constan·

563 3950 639 3980 10.
665 3932 922 3979 Generum.
953 3930 1012 3979 C.
1039 3932 1290 3980 Caeurem.
1596 3931 1685 3979 eiae'
1710 3929 2041 3994 cupiditatem.
2066 3931 2141 3978 Ne
2172 3929 2361 3981 videret
2390 3928 2453 3975 ab
2482 3930 2623 3992 opti·

559 4012 778 4061 xxxa.
807 4026 854 4059 1.
877 4011 990 4057 Nou
1003 4011 1178 4059 eadem
1193 4011 1254 4059 de
1269 4009 1509 4075 republica
1596 4020 1775 4060 mutum
1794 4026 1935 4057 cansa
1964 4009 2245 4062 desciscere.
2268 4036 2337 4045 —-
2364 4008 2619 4057 Tradidit-

485 4088 704 4138 sensisse.
743 4090 1008 4139 Ceusuem
1041 4089 1199 4147 euim,
1230 4090 1509 4149 conjuratos
1595 4102 1709 4135 sem.
1732 4088 2082 4135 Vendidissem.
