2996 4694
853 407 1238 477 ORATIO
1285 407 1486 474 PRO
1537 408 1608 475 P.
1665 409 2062 477 SEXTIO.
2430 406 2521 492 45

395 532 642 604 derem
673 544 932 602 eontra
969 527 1348 599 tribunum
1381 525 1611 624 plebis
1644 530 1960 627 privatus
1995 529 2255 600 armis?
2295 531 2525 602 Vicis-

395 655 556 712 sent
591 637 964 738 improbos
1007 637 1188 710 boni
1210 691 1230 724 ‚
1277 634 1501 709 fortes
1542 639 1843 726 inertes;
1886 636 2307 712 interfectus
2340 656 2527 713 esset

394 751 496 837 is,
539 751 668 846 qui
717 749 852 820 hac
905 773 1050 819 una
1101 743 1504 818 medicina⁵
1552 745 1703 818 sola
1742 751 1986 845 potuit
2028 773 2067 820 a
2117 749 2527 847 reipublicae

395 875 598 958 peste
643 859 930 958 depelli.
985 857 1179 948 Quid
1233 856 1543 933 deinde?
1586 854 1765 955 quid
1808 858 2275 956 reliquiarum
2312 873 2529 930 resta-

393 971 542 1042 ret?
569 967 1096 1068 quid‘denique
1131 982 1284 1039 erat
1324 967 1633 1038 dubium
1656 1021 1675 1056 ‚
1716 971 1895 1065 quin
1934 969 2057 1039 ille
2094 970 2379 1064 sanguis
2407 971 2529 1040 tri-

395 1081 724 1154 bunitius
743 1137 762 1170 ‚
807 1079 1016 1152 nullo
1053 1079 1444 1178 praesertim
1480 1076 1780 1176 publico
1808 1079 2109 1151 consilio
2150 1077 2523 1176 profusuS‚

396 1193 728 1270 consules
757 1189 1036 1261 ultores
1067 1203 1140 1260 et
1170 1185 1587 1260 defensores
1622 1203 1809 1260 esset
1845 1187 2270 1260 habiturus?
2299 1212 2527 1284 quum

394 1301 690 1399 quidem
726 1302 803 1370 in
833 1301 1186 1370 concione
1223 1295 1553 1384 dixisset,
1589 1312 1715 1369 aut
1750 1298 1931 1368 mihi
1966 1296 2187 1369 semel
2217 1321 2531 1394 pereun-

394 1408 610 1500 dum,
647 1424 796 1481 aut·
816 1407 927 1480 bis
955 1431 1108 1480 esse
1144 1404 1599 1478 vincendum.
1626 1407 1823 1496 Quid
1860 1421 2015 1480 erat
2048 1406 2161 1479 bis
2194 1408 2532 1480 vincere?

393 1521 479 1592 Id
536 1519 872 1619 profecto
900 1573 920 1606 ,
979 1533 1064 1590 ut
1091 1571 1133 1605 ,,
1171 1543 1338 1589 cum
1400 1519 1889 1589 amentissimo
1943 1516 2245 1589 tribuno
2296 1516 2533 1615 plebis

393 1656 622 1730 quum
669 1630 1148 1712 decertassem
1167 1683 1188 1718 ‚
1229 1651 1395 1700 cum
1429 1626 1851 1714 oonsulibus
1870 1682 1889 1717 ,
1932 1628 2334 1724 ceterisque
2374 1629 2531 1723 ejus

391 1740 754 1814 ultoribus
787 1741 1228 1813 dimicarem.

487 1858 638 1950 Ego
675 1877 884 1938 vero,
927 1853 985 1922 si
1031 1849 1208 1921 mihi
1229 1849 1262 1895 ὃ
1293 1855 1418 1922 uni
1453 1850 1911 1950 pereundum
1944 1849 2189 1923 fuisset
2210 1907 2230 1938 ,
2264 1875 2345 1922 ac
2374 1875 2529 1924 non

392 1960 811 2061 accipienda
849 1960 1056 2058 plaga
1098 1960 1279 2031 mihi
1331 1962 1665 2035 sanabilis
1684 1973 1737 2048 ⁷,
1787 1962 1927 2033 illis
1968 1961 2367 2050 mortifera,
2399 1965 2529 2061 qui

393 2095 554 2144 eam
596 2069 1145 2167 imposuissent,
1184 2071 1406 2142 semel
1449 2075 1685 2169 perire
1726 2086 1969 2144 tamen
1992 2125 2011 2160 ‚
2039 2072 2316 2167 judices
2338 2126 2357 2161 ‚
2388 2099 2529 2144 ma·

389 2177 683 2250 luissem
705 2233 726 2266 ‚
780 2201 1001 2275 quam
1056 2175 1170 2248 bis
1225 2181 1511 2251 vincere
1528 2175 1583 2252 ⁸.
1644 2187 1813 2252 Erat
1870 2183 2065 2253 enim
2118 2182 2239 2278 iila
2302 2183 2527 2256 altera

393 2287 748 2385 ejusmodi
776 2289 1146 2359 eontentio
1165 2341 1184 2378 ‚
1210 2303 1294 2361 ut
1323 2313 1563 2387 neque
1587 2291 1756 2363 vieti
1772 2303 1828 2380 9,
1860 2315 2101 2390 neque
2125 2303 2186 2336 ¹⁰
2216 2295 2525 2366 victores

388 2484 617 2535 modium
657 2497 869 2549 pugnam
917 2482 1226 2547 cupientibus
1239 2516 1256 2543 ‚
1307 2497 1408 2530 non

389 2565 606 2632 permisit
627 2576 641 2612 t
679 2578 738 2612 ex
764 2578 865 2626 quo
893 2572 1005 2609 sunt
1028 2562 1111 2609 illa
1138 2561 1200 2608 ad
1227 2554 1410 2610 Leutuss

385 2645 525 2694 lum:
553 2644 740 2692 ausos
761 2641 924 2701 cives,
947 2650 996 2689 et
1019 2654 1047 2689 a
1069 2656 1148 2689 mo
1169 2651 1407 2699 servatos,

388 2735 438 2773 et
451 2741 530 2773 me
543 2738 732 2772 servare
751 2722 1001 2785 cupientes
1014 2756 1030 2779 ,
1047 2721 1242 2769 armatis
1256 2722 1408 2769 servis

387 2804 537 2864 objici
550 2800 786 2851 noluerim
800 2822 841 2849 a.
857 2800 962 2848 Nee
979 2798 1097 2848 alibi
1113 2800 1258 2849 semel
1277 2799 1408 2848 idem

387 2882 635 2947 gloriatur.

457 2960 507 3008 5.
551 2960 662 3007 Hae
709 2974 814 3005 ama
855 2954 1114 3007 medicina.
1162 2956 1408 3007 Adversus

385 3040 512 3087 enim
541 3037 670 3085 illius
695 3037 908 3084 furorem
933 3051 1035 3082 non
1060 3037 1175 3085 satis
1201 3037 1252 3083 iu
1275 3036 1408 3097 jndi-

385 3118 473 3165 eiis
501 3128 551 3166 et
579 3115 770 3180 legibus
798 3130 900 3161 esse
928 3112 1140 3179 praesidii
1171 3132 1300 3179 saepe
1329 3132 1406 3164 res

386 3194 633 3243 docuerat.

455 3273 508 3323 6.
555 3273 728 3321 Omnia
769 3270 880 3319 haeo
917 3270 1002 3318 alii
1039 3271 1178 3320 aliter
1212 3288 1406 3337 perver-

385 3362 494 3400 tunt
513 3366 662 3416 :quos
673 3350 889 3399 usellen-e
901 3351 1208 3415 supersedeo.
1217 3354 1252 3401 J
1255 3354 1332 3399 Ν.
1349 3355 1404 3401 1..

459 3447 508 3492 7.
563 3430 689 3480 uitii
731 3428 986 3477 sanabilis.
1038 3432 1258 3479 Iutrieati
1306 3431 1408 3480 loci

385 3509 531 3571 hujus
571 3525 738 3557 sensus
787 3518 860 3557 est
905 3520 922 3556 ε
979 3528 1001 3552 ι
1031 3508 1182 3572 Quod
1227 3510 1291 3559 ad
1327 3526 1408 3559 me

385 3589 583 3647 attinet,
605 3589 787 3636 etiamsi
803 3588 962 3652 perire
985 3588 1104 3635 mihi
1125 3588 1221 3636 soli
1243 3590 1406 3638 couti·

387 3668 532 3732 ginet
545 3700 562 3728 ,
603 3684 694 3715 neo
733 3667 854 3715 illud
885 3668 1154 3716 debuissem
1188 3670 1408 3734 accipere

387 3748 566 3795 vulnus
581 3746 766 3805 exsilii,
791 3761 894 3810 quo
908 3745 974 3795 ad
997 3756 1188 3811 tempus
1217 3760 1408 3797 tautum

385 3824 620 3886 affluant,
655 3825 838 3874 inimici
869 3840 986 3874 vero
1029 3827 1124 3875 mei
1157 3826 1412 3876 interiment

389 3904 580 3971 (quum
617 3904 802 3953 seilicet
837 3896 1072 3968 praelat-o
1113 3903 1201 3952 mo
1245 3904 1410 3955 reditu

386 3985 685 4042 ratitum,
720 3982 794 4032 illi
829 3983 1104 4046 turpissima
1141 3984 1408 4047 ignominia

385 4065 572 4124 notati,
600 4064 722 4113 nihil
756 4064 856 4125 jam
893 4072 1124 4128 possent,
1165 4078 1222 4111 ae
1258 4064 1408 4113 veluti

385 4142 570 4191 umbro
589 4154 746 4191 essent
757 4142 797 4211 ),
811 4153 1016 4193 mortam
1037 4154 1196 4191 tmen
1215 4143 1412 4192 duobus

1497 2463 1717 2531 victo'riis
1736 2494 1847 2531 aute
1865 2482 2159 2533 habuissem.
2208 2483 2526 2534 contendunt

1497 2560 1756 2609 Abramius
1791 2573 1839 2610 et
1873 2562 2123 2611 Manutius
2160 2562 2286 2610 illud
2330 2580 2382 2611 se
2416 2579 2523 2613 nou

1495 2640 1765 2705 intelligere
1778 2676 1793 2701 ,
1811 2652 1859 2689 et
1881 2656 1999 2705 μοι
2016 2640 2277 2689 doctorum
2304 2642 2517 2691 viros-um

1495 2719 1752 2784 legendum
1777 2731 1954 2785 putant
1974 2735 1987 2768 :
2007 2722 2151 2784 «Ego
2175 2736 2321 2781 vem,
2340 2720 2383 2769 si
2400 2722 2522 2770 mihi

1496 2801 1583 2846 uni
1609 2800 1911 2863 pereundum
1940 2800 2109 2847 fuisset
2126 2833 2143 2860 ‚
2172 2816 2229 2847 ae
2256 2816 2360 2850 nou
2387 2803 2517 2848 aeci-

1494 2878 1673 2942 pienda
1707 2877 1847 2942 plaga
1886 2878 2005 2926 mihi
2039 2878 2355 2937 insanabilis,
2392 2880 2517 2943 reip.

1494 2959 1767 3017 mortifera,
1793 2972 1937 3022 quam
1956 2956 2029 3005 illi
2050 2958 2414 3022 imposuissem,
2439 2974 2517 3007 se-

1494 3038 1591 3085 mel
1618 3037 1801 3101 perire,
1829 3048 1923 3085 ete.
1945 3058 1969 3078 ιο
1999 3040 2117 3085 Raeo
2146 3038 2231 3100 qui
2258 3039 2412 3102 possit
2438 3038 2517 3084 in·

1494 3115 1706 3180 alligat,
1740 3130 1862 3173 nos,
1898 3128 1957 3163 ut
2010 3114 2189 3180 ingenii
2240 3115 2513 3164 tarditatem

1491 3195 1741 3253 fateamur,
1751 3194 1987 3258 liquidam
2002 3194 2207 3257 hujusce
2220 3196 2370 3259 partis
2384 3210 2515 3243 meu—

1495 3284 1593 3322 tem
1639 3274 1910 3338 perspicere
1962 3290 2065 3322 non
2115 3290 2391 3338 pogsumus.
2457 3278 2514 3323 lu

1493 3352 1717 3401 eumdem
1744 3368 1937 3401 nusum
1968 3354 2208 3401 Fen-atius
2221 3389 2237 3415 ‚
2266 3354 2487 3403 Groevius
2504 3392 2521 3417 ,

1493 3432 1731 3481 Olivetus.
1748 3432 1856 3479 Nos
1868 3448 1981 3480 eum
1992 3431 2232 3496 Vei-burg.
2252 3444 2299 3481 et
2316 3434 2516 3483 Iallem.

1493 3510 1780 3559 hmbinum
1802 3514 1943 3575 sequi
1966 3510 2239 3561 maluimus.

1567 3590 1619 3637 8.
1660 3590 1821 3653 Quam
1849 3588 1921 3636 bis
1947 3588 2158 3638 vt'noere.
2194 3588 2520 3653 Quandoqui-

1495 3667 1605 3717 dem
1626 3668 1731 3716 sine
1750 3682 1923 3732 magua
1945 3668 2123 3716 civium
2142 3680 2300 3733 strage
2320 3670 2517 3717 vinosi-e

1493 3764 1595 3795 nou
1620 3762 1835 3812 possem.

1567 3842 1619 3889 9.
1646 3828 1825 3891 Neque
1846 3826 1986 3876 victi.
2008 3828 2137 3890 Quia
2162 3827 2305 3875 bonis
2330 3826 2521 3873 civibus

1495 3905 1763 3975 intas-foetis
1780 3940 1797 3967 ,
1828 3905 2099 3971 oespubliea
2130 3916 2257 3954 stas-s
2287 3916 2389 3951 uon
2420 3919 2519 3967 po-

1496 3995 1641 4034 terat.

1574 4079 1659 4111 xo.
1697 4062 1870 4127 Neque
1896 4061 2124 4111 victores.
2158 4063 2365 4110 Gravem
2390 4063 2521 4111 euim

1497 4144 1687 4208 plagam
1726 4159 1753 4190 e
1790 4140 1923 4189 ende
1962 4140 2219 4189 consulum
2258 4142 2527 4206 accepisset
