<?xml version="1.0" encoding="UTF-8"?>
<!DOCTYPE html PUBLIC "-//W3C//DTD XHTML 1.0 Transitional//EN"
    "http://www.w3.org/TR/xhtml1/DTD/xhtml1-transitional.dtd">
<html xmlns="http://www.w3.org/1999/xhtml" xml:lang="en" lang="en">
 <head>
  <title>
</title>
<meta http-equiv="Content-Type" content="text/html;charset=utf-8" />
  <meta name='ocr-system' content='tesseract 3.04.00' />
  <meta name='ocr-capabilities' content='ocr_page ocr_carea ocr_par ocr_line ocrx_word'/>
</head>
<body>
  <div class='ocr_page' id='page_1' title='image "./mtciceronisquae08lemagoog/mtciceronisquae08lemagoog_0282.png"; bbox 0 0 2996 4694; ppageno 0'>
   <div class='ocr_carea' id='block_1_1' title="bbox 465 358 1952 461">
    <p class='ocr_par' dir='ltr' id='par_1_1' title="bbox 465 358 1952 461">
     <span class='ocr_line' id='line_1_1' title="bbox 465 358 1952 461; baseline -0.007 -26"><span class='ocrx_word' id='word_1_1' title='bbox 465 370 608 461; x_wconf 71' lang='lat'>274</span> <span class='ocrx_word' id='word_1_2' title='bbox 1106 360 1203 428; x_wconf 88' lang='lat' dir='ltr'>M.</span> <span class='ocrx_word' id='word_1_3' title='bbox 1256 360 1334 425; x_wconf 84' lang='lat' dir='ltr'>T.</span> <span class='ocrx_word' id='word_1_4' title='bbox 1387 358 1952 429; x_wconf 74' lang='lat' dir='ltr'>elcssnoms</span> 
     </span>
    </p>
   </div>
   <div class='ocr_carea' id='block_1_2' title="bbox 437 478 2643 3230">
    <p class='ocr_par' dir='ltr' id='par_1_2' title="bbox 437 478 2601 1666">
     <span class='ocr_line' id='line_1_2' title="bbox 459 478 2594 577; baseline -0.003 -18"><span class='ocrx_word' id='word_1_5' title='bbox 459 510 640 559; x_wconf 87' lang='lat' dir='ltr'>nore</span> <span class='ocrx_word' id='word_1_6' title='bbox 659 497 714 573; x_wconf 85' lang='lat'>⁷,</span> <span class='ocrx_word' id='word_1_7' title='bbox 759 498 839 555; x_wconf 90' lang='lat' dir='ltr'>ut</span> <span class='ocrx_word' id='word_1_8' title='bbox 881 481 1182 551; x_wconf 87' lang='lat' dir='ltr'>omnino</span> <span class='ocrx_word' id='word_1_9' title='bbox 1229 478 1521 549; x_wconf 87' lang='lat' dir='ltr'>nemini.</span> <span class='ocrx_word' id='word_1_10' title='bbox 1570 480 1722 549; x_wconf 88' lang='lat' dir='ltr'>Cur</span> <span class='ocrx_word' id='word_1_11' title='bbox 1760 478 1977 574; x_wconf 84' lang='lat' dir='ltr'>igitur</span> <span class='ocrx_word' id='word_1_12' title='bbox 2012 494 2423 577; x_wconf 80' lang='lat' dir='ltr'>exspectem</span> <span class='ocrx_word' id='word_1_13' title='bbox 2458 481 2594 554; x_wconf 88' lang='lat' dir='ltr'>ho·</span> 
     </span>
     <span class='ocr_line' id='line_1_3' title="bbox 461 587 2597 690; baseline -0.003 -21"><span class='ocrx_word' id='word_1_14' title='bbox 461 602 731 669; x_wconf 85' lang='lat' dir='ltr'><strong>minem</strong></span> <span class='ocrx_word' id='word_1_15' title='bbox 759 594 1112 690; x_wconf 80' lang='lat' dir='ltr'><strong>aliquem,</strong></span> <span class='ocrx_word' id='word_1_16' title='bbox 1147 592 1278 687; x_wconf 88' lang='lat' dir='ltr'>qui</span> <span class='ocrx_word' id='word_1_17' title='bbox 1312 612 1430 659; x_wconf 90' lang='lat' dir='ltr'>me</span> <span class='ocrx_word' id='word_1_18' title='bbox 1461 612 1630 659; x_wconf 88' lang='lat' dir='ltr'>cum</span> <span class='ocrx_word' id='word_1_19' title='bbox 1660 587 1783 659; x_wconf 87' lang='lat' dir='ltr'>illo</span> <span class='ocrx_word' id='word_1_20' title='bbox 1812 589 1889 657; x_wconf 89' lang='lat' dir='ltr'>in</span> <span class='ocrx_word' id='word_1_21' title='bbox 1916 590 2213 685; x_wconf 78' lang='lat' dir='ltr'>gratiam</span> <span class='ocrx_word' id='word_1_22' title='bbox 2248 589 2597 663; x_wconf 77' lang='lat' dir='ltr'>reducat?</span> 
     </span>
     <span class='ocr_line' id='line_1_4' title="bbox 457 694 2595 797; baseline -0.005 -16"><span class='ocrx_word' id='word_1_23' title='bbox 457 708 766 781; x_wconf 83' lang='lat' dir='ltr'>Reduxit</span> <span class='ocrx_word' id='word_1_24' title='bbox 807 702 988 775; x_wconf 87' lang='lat' dir='ltr'>ordo</span> <span class='ocrx_word' id='word_1_25' title='bbox 1027 699 1506 797; x_wconf 85' lang='lat' dir='ltr'>amplissimus</span> <span class='ocrx_word' id='word_1_26' title='bbox 1523 694 1579 784; x_wconf 84' lang='lat'>⁸,</span> <span class='ocrx_word' id='word_1_27' title='bbox 1616 712 1691 769; x_wconf 92' lang='lat' dir='ltr'>et</span> <span class='ocrx_word' id='word_1_28' title='bbox 1714 698 1899 769; x_wconf 88' lang='lat' dir='ltr'>ordo</span> <span class='ocrx_word' id='word_1_29' title='bbox 1926 700 2021 783; x_wconf 71' lang='lat' dir='ltr'>ia,</span> <span class='ocrx_word' id='word_1_30' title='bbox 2058 700 2190 796; x_wconf 89' lang='lat' dir='ltr'>qui</span> <span class='ocrx_word' id='word_1_31' title='bbox 2220 714 2431 771; x_wconf 86' lang='lat' dir='ltr'>estet</span> <span class='ocrx_word' id='word_1_32' title='bbox 2456 723 2595 797; x_wconf 89' lang='lat' dir='ltr'>pu-</span> 
     </span>
     <span class='ocr_line' id='line_1_5' title="bbox 460 808 2599 895; baseline -0.005 -4"><span class='ocrx_word' id='word_1_33' title='bbox 460 820 634 891; x_wconf 88' lang='lat' dir='ltr'>blici</span> <span class='ocrx_word' id='word_1_34' title='bbox 671 814 978 895; x_wconf 85' lang='lat' dir='ltr'>consilii,</span> <span class='ocrx_word' id='word_1_35' title='bbox 1014 826 1086 884; x_wconf 91' lang='lat' dir='ltr'>et</span> <span class='ocrx_word' id='word_1_36' title='bbox 1125 833 1456 881; x_wconf 86' lang='lat' dir='ltr'>meorum</span> <span class='ocrx_word' id='word_1_37' title='bbox 1481 808 1811 879; x_wconf 85' lang='lat' dir='ltr'>omnium</span> <span class='ocrx_word' id='word_1_38' title='bbox 1842 809 2313 879; x_wconf 84' lang='lat' dir='ltr'>consiliorum</span> <span class='ocrx_word' id='word_1_39' title='bbox 2341 825 2599 881; x_wconf 81' lang='lat' dir='ltr'><strong>auctor</strong></span> 
     </span>
     <span class='ocr_line' id='line_1_6' title="bbox 460 916 2591 1026; baseline -0.005 -25"><span class='ocrx_word' id='word_1_40' title='bbox 460 943 534 1001; x_wconf 90' lang='lat' dir='ltr'>et</span> <span class='ocrx_word' id='word_1_41' title='bbox 553 927 1062 1026; x_wconf 86' lang='lat' dir='ltr'>princeps.Vos</span> <span class='ocrx_word' id='word_1_42' title='bbox 1081 944 1370 1016; x_wconf 84' lang='lat' dir='ltr'>sequor,</span> <span class='ocrx_word' id='word_1_43' title='bbox 1391 933 1631 1015; x_wconf 83' lang='lat' dir='ltr'>patres</span> <span class='ocrx_word' id='word_1_44' title='bbox 1659 919 2071 1015; x_wconf 83' lang='lat' dir='ltr'><strong>conscripti,</strong></span> <span class='ocrx_word' id='word_1_45' title='bbox 2092 916 2299 990; x_wconf 85' lang='lat' dir='ltr'>vobis</span> <span class='ocrx_word' id='word_1_46' title='bbox 2316 918 2591 992; x_wconf 88' lang='lat' dir='ltr'>obtem-</span> 
     </span>
     <span class='ocr_line' id='line_1_7' title="bbox 437 1028 2597 1139; baseline -0.005 -27"><span class='ocrx_word' id='word_1_47' title='bbox 437 1064 641 1139; x_wconf 86' lang='lat' dir='ltr'>·pero</span> <span class='ocrx_word' id='word_1_48' title='bbox 661 1092 680 1125; x_wconf 99' lang='lat'><strong>,</strong></span> <span class='ocrx_word' id='word_1_49' title='bbox 711 1036 920 1107; x_wconf 86' lang='lat' dir='ltr'>vobis</span> <span class='ocrx_word' id='word_1_50' title='bbox 949 1031 1339 1103; x_wconf 85' lang='lat' dir='ltr'>assentior:</span> <span class='ocrx_word' id='word_1_51' title='bbox 1373 1031 1503 1124; x_wconf 90' lang='lat' dir='ltr'>qui</span> <span class='ocrx_word' id='word_1_52' title='bbox 1524 1082 1545 1113; x_wconf 94' lang='lat'><strong>,</strong></span> <span class='ocrx_word' id='word_1_53' title='bbox 1586 1028 1931 1125; x_wconf 81' lang='lat' dir='ltr'>quamdiu</span> <span class='ocrx_word' id='word_1_54' title='bbox 1968 1033 2045 1100; x_wconf 89' lang='lat' dir='ltr'>C.</span> <span class='ocrx_word' id='word_1_55' title='bbox 2092 1031 2383 1101; x_wconf 75' lang='lat' dir='ltr'>Caesaris</span> <span class='ocrx_word' id='word_1_56' title='bbox 2414 1055 2597 1101; x_wconf 88' lang='lat' dir='ltr'>con-</span> 
     </span>
     <span class='ocr_line' id='line_1_8' title="bbox 463 1134 2599 1242; baseline -0.005 -20"><span class='ocrx_word' id='word_1_57' title='bbox 463 1150 614 1223; x_wconf 83' lang='lat' dir='ltr'>silia</span> <span class='ocrx_word' id='word_1_58' title='bbox 653 1150 726 1217; x_wconf 90' lang='lat' dir='ltr'>in</span> <span class='ocrx_word' id='word_1_59' title='bbox 763 1142 1133 1242; x_wconf 84' lang='lat' dir='ltr'>republica</span> <span class='ocrx_word' id='word_1_60' title='bbox 1171 1162 1322 1209; x_wconf 89' lang='lat' dir='ltr'>non</span> <span class='ocrx_word' id='word_1_61' title='bbox 1351 1140 1657 1209; x_wconf 81' lang='lat' dir='ltr'>maxime</span> <span class='ocrx_word' id='word_1_62' title='bbox 1683 1136 2120 1233; x_wconf 76' lang='lat' dir='ltr'><strong>diligebatis,</strong></span> <span class='ocrx_word' id='word_1_63' title='bbox 2150 1163 2271 1211; x_wconf 90' lang='lat' dir='ltr'>me</span> <span class='ocrx_word' id='word_1_64' title='bbox 2298 1134 2599 1238; x_wconf 87' lang='lat' dir='ltr'>quoque</span> 
     </span>
     <span class='ocr_line' id='line_1_9' title="bbox 461 1238 2598 1348; baseline -0.005 -16"><span class='ocrx_word' id='word_1_65' title='bbox 461 1282 627 1333; x_wconf 89' lang='lat' dir='ltr'>cum</span> <span class='ocrx_word' id='word_1_66' title='bbox 682 1255 804 1327; x_wconf 87' lang='lat' dir='ltr'>illo</span> <span class='ocrx_word' id='word_1_67' title='bbox 854 1253 1094 1323; x_wconf 85' lang='lat' dir='ltr'>minus</span> <span class='ocrx_word' id='word_1_68' title='bbox 1143 1248 1617 1343; x_wconf 88' lang='lat' dir='ltr'>conjunctum</span> <span class='ocrx_word' id='word_1_69' title='bbox 1670 1238 2065 1334; x_wconf 84' lang='lat' dir='ltr'>videbatis;</span> <span class='ocrx_word' id='word_1_70' title='bbox 2122 1266 2598 1348; x_wconf 82' lang='lat' dir='ltr'>posteaquam</span> 
     </span>
     <span class='ocr_line' id='line_1_10' title="bbox 457 1357 2599 1461; baseline -0.004 -20"><span class='ocrx_word' id='word_1_71' title='bbox 457 1368 680 1441; x_wconf 86' lang='lat' dir='ltr'>rebus</span> <span class='ocrx_word' id='word_1_72' title='bbox 729 1364 943 1461; x_wconf 85' lang='lat' dir='ltr'>gestis</span> <span class='ocrx_word' id='word_1_73' title='bbox 992 1372 1274 1429; x_wconf 81' lang='lat' dir='ltr'><strong>mentes</strong></span> <span class='ocrx_word' id='word_1_74' title='bbox 1324 1372 1595 1429; x_wconf 76' lang='lat' dir='ltr'>vestras</span> <span class='ocrx_word' id='word_1_75' title='bbox 1640 1357 2195 1456; x_wconf 80' lang='lat' dir='ltr'>voluntatesque</span> <span class='ocrx_word' id='word_1_76' title='bbox 2237 1366 2599 1448; x_wconf 81' lang='lat' dir='ltr'>mutastis,</span> 
     </span>
     <span class='ocr_line' id='line_1_11' title="bbox 463 1470 2601 1559; baseline -0.004 -7"><span class='ocrx_word' id='word_1_77' title='bbox 463 1504 578 1551; x_wconf 89' lang='lat' dir='ltr'>me</span> <span class='ocrx_word' id='word_1_78' title='bbox 631 1500 781 1548; x_wconf 89' lang='lat' dir='ltr'>non</span> <span class='ocrx_word' id='word_1_79' title='bbox 833 1473 1072 1545; x_wconf 82' lang='lat' dir='ltr'>solum</span> <span class='ocrx_word' id='word_1_80' title='bbox 1121 1471 1457 1539; x_wconf 88' lang='lat' dir='ltr'>comitem</span> <span class='ocrx_word' id='word_1_81' title='bbox 1510 1490 1665 1539; x_wconf 84' lang='lat' dir='ltr'>esse</span> <span class='ocrx_word' id='word_1_82' title='bbox 1714 1472 2090 1540; x_wconf 66' lang='lat' dir='ltr'>sententiae</span> <span class='ocrx_word' id='word_1_83' title='bbox 2138 1484 2387 1541; x_wconf 81' lang='lat' dir='ltr'>vestroe</span> <span class='ocrx_word' id='word_1_84' title='bbox 2406 1524 2427 1559; x_wconf 96' lang='lat'><strong>,</strong></span> <span class='ocrx_word' id='word_1_85' title='bbox 2468 1470 2601 1543; x_wconf 84' lang='lat' dir='ltr'>sed</span> 
     </span>
     <span class='ocr_line' id='line_1_12' title="bbox 465 1577 1501 1666; baseline -0.014 -2"><span class='ocrx_word' id='word_1_86' title='bbox 465 1594 676 1666; x_wconf 85' lang='lat' dir='ltr'>etiam</span> <span class='ocrx_word' id='word_1_87' title='bbox 725 1582 1170 1658; x_wconf 84' lang='lat' dir='ltr'>laudatorem</span> <span class='ocrx_word' id='word_1_88' title='bbox 1205 1577 1501 1649; x_wconf 81' lang='lat' dir='ltr'>vidistis.</span> 
     </span>
    </p>

    <p class='ocr_par' dir='ltr' id='par_1_3' title="bbox 441 1686 2643 3230">
     <span class='ocr_line' id='line_1_13' title="bbox 563 1686 2605 1789; baseline -0.003 -19"><span class='ocrx_word' id='word_1_89' title='bbox 563 1703 686 1770; x_wconf 87' lang='lat' dir='ltr'>XI.</span> <span class='ocrx_word' id='word_1_90' title='bbox 743 1693 884 1767; x_wconf 88' lang='lat' dir='ltr'>Sed</span> <span class='ocrx_word' id='word_1_91' title='bbox 935 1689 1114 1789; x_wconf 90' lang='lat' dir='ltr'>quid</span> <span class='ocrx_word' id='word_1_92' title='bbox 1155 1702 1300 1774; x_wconf 91' lang='lat' dir='ltr'>est,</span> <span class='ocrx_word' id='word_1_93' title='bbox 1345 1686 1545 1785; x_wconf 89' lang='lat' dir='ltr'>quod</span> <span class='ocrx_word' id='word_1_94' title='bbox 1588 1688 1665 1757; x_wconf 91' lang='lat' dir='ltr'>in</span> <span class='ocrx_word' id='word_1_95' title='bbox 1704 1686 1841 1759; x_wconf 89' lang='lat' dir='ltr'>hac</span> <span class='ocrx_word' id='word_1_96' title='bbox 1876 1711 2089 1759; x_wconf 82' lang='lat' dir='ltr'>causa</span> <span class='ocrx_word' id='word_1_97' title='bbox 2126 1692 2439 1763; x_wconf 79' lang='lat' dir='ltr'>maxime</span> <span class='ocrx_word' id='word_1_98' title='bbox 2471 1692 2605 1764; x_wconf 89' lang='lat' dir='ltr'>ho·</span> 
     </span>
     <span class='ocr_line' id='line_1_14' title="bbox 461 1794 2599 1894; baseline -0.005 -13"><span class='ocrx_word' id='word_1_99' title='bbox 461 1811 692 1881; x_wconf 86' lang='lat' dir='ltr'>mines</span> <span class='ocrx_word' id='word_1_100' title='bbox 731 1803 1176 1875; x_wconf 87' lang='lat' dir='ltr'>admirentur</span> <span class='ocrx_word' id='word_1_101' title='bbox 1205 1812 1278 1869; x_wconf 92' lang='lat' dir='ltr'>et</span> <span class='ocrx_word' id='word_1_102' title='bbox 1312 1794 1847 1894; x_wconf 79' lang='lat' dir='ltr'>reprehendant</span> <span class='ocrx_word' id='word_1_103' title='bbox 1882 1821 2129 1871; x_wconf 85' lang='lat' dir='ltr'>meum</span> <span class='ocrx_word' id='word_1_104' title='bbox 2168 1801 2555 1872; x_wconf 82' lang='lat' dir='ltr'>consilium</span> <span class='ocrx_word' id='word_1_105' title='bbox 2574 1854 2599 1885; x_wconf 88' lang='lat'><strong>,</strong></span> 
     </span>
     <span class='ocr_line' id='line_1_15' title="bbox 462 1904 2601 2019; baseline -0.004 -28"><span class='ocrx_word' id='word_1_106' title='bbox 462 1941 689 2019; x_wconf 90' lang='lat' dir='ltr'>quum</span> <span class='ocrx_word' id='word_1_107' title='bbox 735 1938 870 2012; x_wconf 80' lang='lat' dir='ltr'>ego</span> <span class='ocrx_word' id='word_1_108' title='bbox 907 1911 1102 1982; x_wconf 91' lang='lat' dir='ltr'>idem</span> <span class='ocrx_word' id='word_1_109' title='bbox 1137 1923 1348 1979; x_wconf 88' lang='lat' dir='ltr'>antea</span> <span class='ocrx_word' id='word_1_110' title='bbox 1383 1906 1611 1977; x_wconf 86' lang='lat' dir='ltr'>multa</span> <span class='ocrx_word' id='word_1_111' title='bbox 1646 1904 2087 1979; x_wconf 83' lang='lat' dir='ltr'>decreverim</span> <span class='ocrx_word' id='word_1_112' title='bbox 2109 1962 2132 1994; x_wconf 94' lang='lat'><strong>,</strong></span> <span class='ocrx_word' id='word_1_113' title='bbox 2172 1933 2335 2006; x_wconf 83' lang='lat' dir='ltr'>qua·</span> <span class='ocrx_word' id='word_1_114' title='bbox 2370 1914 2601 2008; x_wconf 83' lang='lat' dir='ltr'>magis</span> 
     </span>
     <span class='ocr_line' id='line_1_16' title="bbox 460 2014 2602 2118; baseline -0.005 -16"><span class='ocrx_word' id='word_1_115' title='bbox 460 2030 554 2101; x_wconf 89' lang='lat' dir='ltr'>ad</span> <span class='ocrx_word' id='word_1_116' title='bbox 590 2026 902 2098; x_wconf 87' lang='lat' dir='ltr'>hominis</span> <span class='ocrx_word' id='word_1_117' title='bbox 943 2021 1404 2118; x_wconf 84' lang='lat' dir='ltr'>dignitatem,</span> <span class='ocrx_word' id='word_1_118' title='bbox 1447 2040 1669 2113; x_wconf 91' lang='lat' dir='ltr'>quam</span> <span class='ocrx_word' id='word_1_119' title='bbox 1710 2014 1801 2086; x_wconf 92' lang='lat' dir='ltr'>ad</span> <span class='ocrx_word' id='word_1_120' title='bbox 1846 2015 2261 2114; x_wconf 79' lang='lat' dir='ltr'>reipublicae</span> <span class='ocrx_word' id='word_1_121' title='bbox 2296 2021 2602 2092; x_wconf 84' lang='lat' dir='ltr'>necessi-</span> 
     </span>
     <span class='ocr_line' id='line_1_17' title="bbox 461 2125 2600 2235; baseline -0.004 -23"><span class='ocrx_word' id='word_1_122' title='bbox 461 2154 684 2213; x_wconf 89' lang='lat' dir='ltr'>tatem</span> <span class='ocrx_word' id='word_1_123' title='bbox 719 2129 1214 2235; x_wconf 80' lang='lat' dir='ltr'>pertinerent?</span> <span class='ocrx_word' id='word_1_124' title='bbox 1261 2125 1877 2224; x_wconf 83' lang='lat' dir='ltr'>Supplicatione&#39;m</span> <span class='ocrx_word' id='word_1_125' title='bbox 1928 2126 2345 2223; x_wconf 87' lang='lat' dir='ltr'>quindecim</span> <span class='ocrx_word' id='word_1_126' title='bbox 2372 2141 2395 2173; x_wconf 84' lang='lat'>¹</span> <span class='ocrx_word' id='word_1_127' title='bbox 2450 2129 2600 2203; x_wconf 88' lang='lat' dir='ltr'>die-</span> 
     </span>
     <span class='ocr_line' id='line_1_18' title="bbox 461 2234 2603 2332; baseline -0.005 -11"><span class='ocrx_word' id='word_1_128' title='bbox 461 2274 628 2321; x_wconf 91' lang='lat' dir='ltr'>rum</span> <span class='ocrx_word' id='word_1_129' title='bbox 673 2243 956 2317; x_wconf 86' lang='lat' dir='ltr'>decrevi</span> <span class='ocrx_word' id='word_1_130' title='bbox 1002 2236 1356 2311; x_wconf 82' lang='lat' dir='ltr'>sententia</span> <span class='ocrx_word' id='word_1_131' title='bbox 1393 2260 1573 2306; x_wconf 88' lang='lat' dir='ltr'>mea.</span> <span class='ocrx_word' id='word_1_132' title='bbox 1613 2234 2051 2332; x_wconf 83' lang='lat' dir='ltr'>Reipublicae</span> <span class='ocrx_word' id='word_1_133' title='bbox 2096 2240 2265 2311; x_wconf 83' lang='lat' dir='ltr'>satis</span> <span class='ocrx_word' id='word_1_134' title='bbox 2300 2254 2455 2311; x_wconf 87' lang='lat' dir='ltr'>erat</span> <span class='ocrx_word' id='word_1_135' title='bbox 2486 2256 2603 2311; x_wconf 90' lang='lat' dir='ltr'>tot</span> 
     </span>
     <span class='ocr_line' id='line_1_19' title="bbox 463 2346 2603 2452; baseline -0.005 -19"><span class='ocrx_word' id='word_1_136' title='bbox 463 2359 788 2441; x_wconf 85' lang='lat' dir='ltr'>dierum,</span> <span class='ocrx_word' id='word_1_137' title='bbox 827 2366 1009 2452; x_wconf 89' lang='lat' dir='ltr'>quot</span> <span class='ocrx_word' id='word_1_138' title='bbox 1052 2355 1130 2422; x_wconf 88' lang='lat' dir='ltr'>C.</span> <span class='ocrx_word' id='word_1_139' title='bbox 1171 2346 1473 2418; x_wconf 75' lang='lat' dir='ltr'>Max-10².</span> <span class='ocrx_word' id='word_1_140' title='bbox 1512 2346 1665 2416; x_wconf 87' lang='lat' dir='ltr'>Diis</span> <span class='ocrx_word' id='word_1_141' title='bbox 1704 2346 2237 2421; x_wconf 84' lang='lat' dir='ltr'>immortalibus</span> <span class='ocrx_word' id='word_1_142' title='bbox 2264 2375 2415 2421; x_wconf 88' lang='lat' dir='ltr'>non</span> <span class='ocrx_word' id='word_1_143' title='bbox 2446 2367 2603 2423; x_wconf 88' lang='lat' dir='ltr'>erat</span> 
     </span>
     <span class='ocr_line' id='line_1_20' title="bbox 465 2457 2601 2569; baseline -0.005 -26"><span class='ocrx_word' id='word_1_144' title='bbox 465 2475 720 2569; x_wconf 83' lang='lat' dir='ltr'>exigua</span> <span class='ocrx_word' id='word_1_145' title='bbox 745 2463 996 2538; x_wconf 89' lang='lat' dir='ltr'>eadem</span> <span class='ocrx_word' id='word_1_146' title='bbox 1019 2457 1434 2557; x_wconf 82' lang='lat' dir='ltr'>gratulatio,</span> <span class='ocrx_word' id='word_1_147' title='bbox 1459 2479 1621 2552; x_wconf 76' lang='lat' dir='ltr'>quae</span> <span class='ocrx_word' id='word_1_148' title='bbox 1648 2479 1735 2526; x_wconf 81' lang='lat' dir='ltr'>ex.</span> <span class='ocrx_word' id='word_1_149' title='bbox 1758 2459 2084 2528; x_wconf 79' lang='lat' dir='ltr'>maximis</span> <span class='ocrx_word' id='word_1_150' title='bbox 2106 2457 2385 2532; x_wconf 80' lang='lat' dir='ltr'>benis³.</span> <span class='ocrx_word' id='word_1_151' title='bbox 2410 2463 2601 2556; x_wconf 83' lang='lat' dir='ltr'>Ergo</span> 
     </span>
     <span class='ocr_line' id='line_1_21' title="bbox 463 2565 2599 2663; baseline -0.004 -13"><span class='ocrx_word' id='word_1_152' title='bbox 463 2581 582 2652; x_wconf 87' lang='lat' dir='ltr'>ille</span> <span class='ocrx_word' id='word_1_153' title='bbox 607 2575 940 2652; x_wconf 87' lang='lat' dir='ltr'>cumulus</span> <span class='ocrx_word' id='word_1_154' title='bbox 965 2572 1250 2641; x_wconf 89' lang='lat' dir='ltr'>dierum</span> <span class='ocrx_word' id='word_1_155' title='bbox 1295 2565 1611 2636; x_wconf 87' lang='lat' dir='ltr'>hominis</span> <span class='ocrx_word' id='word_1_156' title='bbox 1638 2579 1747 2637; x_wconf 84' lang='lat' dir='ltr'>est</span> <span class='ocrx_word' id='word_1_157' title='bbox 1774 2565 2103 2663; x_wconf 85' lang='lat' dir='ltr'>dignitati</span> <span class='ocrx_word' id='word_1_158' title='bbox 2140 2569 2482 2642; x_wconf 82' lang='lat' dir='ltr'>tributus.</span> <span class='ocrx_word' id='word_1_159' title='bbox 2512 2575 2599 2642; x_wconf 86' lang='lat' dir='ltr'>In</span> 
     </span>
     <span class='ocr_line' id='line_1_22' title="bbox 465 2672 2599 2788; baseline -0.004 -29"><span class='ocrx_word' id='word_1_160' title='bbox 465 2715 616 2788; x_wconf 90' lang='lat' dir='ltr'>quo</span> <span class='ocrx_word' id='word_1_161' title='bbox 655 2711 827 2783; x_wconf 85' lang='lat' dir='ltr'>eg0,</span> <span class='ocrx_word' id='word_1_162' title='bbox 868 2705 1020 2779; x_wconf 90' lang='lat' dir='ltr'>quo</span> <span class='ocrx_word' id='word_1_163' title='bbox 1053 2676 1350 2751; x_wconf 87' lang='lat' dir='ltr'>consule</span> <span class='ocrx_word' id='word_1_164' title='bbox 1387 2672 1781 2758; x_wconf 84' lang='lat' dir='ltr'>referente,</span> <span class='ocrx_word' id='word_1_165' title='bbox 1822 2679 2139 2773; x_wconf 87' lang='lat' dir='ltr'>primum</span> <span class='ocrx_word' id='word_1_166' title='bbox 2168 2679 2417 2752; x_wconf 88' lang='lat' dir='ltr'>decem</span> <span class='ocrx_word' id='word_1_167' title='bbox 2448 2681 2599 2752; x_wconf 89' lang='lat' dir='ltr'>die·</span> 
     </span>
     <span class='ocr_line' id='line_1_23' title="bbox 441 2787 2599 2891; baseline -0.005 -19"><span class='ocrx_word' id='word_1_168' title='bbox 441 2815 628 2871; x_wconf 83' lang='lat' dir='ltr'>&#39;rum</span> <span class='ocrx_word' id='word_1_169' title='bbox 665 2793 1092 2891; x_wconf 87' lang='lat' dir='ltr'>supplicatio</span> <span class='ocrx_word' id='word_1_170' title='bbox 1125 2787 1412 2858; x_wconf 88' lang='lat' dir='ltr'>decreta</span> <span class='ocrx_word' id='word_1_171' title='bbox 1444 2787 1578 2856; x_wconf 91' lang='lat' dir='ltr'>Cn.</span> <span class='ocrx_word' id='word_1_172' title='bbox 1610 2788 1959 2883; x_wconf 88' lang='lat' dir='ltr'>Pompeio</span> <span class='ocrx_word' id='word_1_173' title='bbox 1982 2843 2003 2873; x_wconf 92' lang='lat'><strong>,</strong></span> <span class='ocrx_word' id='word_1_174' title='bbox 2032 2789 2453 2863; x_wconf 85' lang='lat' dir='ltr'>Mithridate</span> <span class='ocrx_word' id='word_1_175' title='bbox 2488 2792 2599 2862; x_wconf 88' lang='lat' dir='ltr'>in·</span> 
     </span>
     <span class='ocr_line' id='line_1_24' title="bbox 465 2894 2643 2995; baseline -0.003 -16"><span class='ocrx_word' id='word_1_176' title='bbox 465 2906 807 2990; x_wconf 87' lang='lat' dir='ltr'>terfect0,</span> <span class='ocrx_word' id='word_1_177' title='bbox 854 2898 1334 2994; x_wconf 86' lang='lat' dir='ltr'>confectoque</span> <span class='ocrx_word' id='word_1_178' title='bbox 1378 2894 1865 2966; x_wconf 87' lang='lat' dir='ltr'>Mithridatico</span> <span class='ocrx_word' id='word_1_179' title='bbox 1914 2896 2141 2984; x_wconf 87' lang='lat' dir='ltr'>bello,</span> <span class='ocrx_word' id='word_1_180' title='bbox 2188 2899 2395 2995; x_wconf 86' lang='lat' dir='ltr'>cujus</span> <span class='ocrx_word' id='word_1_181' title='bbox 2432 2926 2643 2972; x_wconf 87' lang='lat' dir='ltr'>sen-.</span> 
     </span>
     <span class='ocr_line' id='line_1_25' title="bbox 465 3006 2603 3112; baseline -0.004 -22"><span class='ocrx_word' id='word_1_182' title='bbox 465 3020 690 3090; x_wconf 88' lang='lat' dir='ltr'>tentia</span> <span class='ocrx_word' id='word_1_183' title='bbox 748 3015 1064 3112; x_wconf 87' lang='lat' dir='ltr'>primum</span> <span class='ocrx_word' id='word_1_184' title='bbox 1126 3006 1490 3105; x_wconf 86' lang='lat' dir='ltr'>duplicata</span> <span class='ocrx_word' id='word_1_185' title='bbox 1546 3019 1655 3078; x_wconf 86' lang='lat' dir='ltr'>est</span> <span class='ocrx_word' id='word_1_186' title='bbox 1714 3007 2147 3104; x_wconf 82' lang='lat' dir='ltr'>supplicatio</span> <span class='ocrx_word' id='word_1_187' title='bbox 2202 3010 2603 3082; x_wconf 89' lang='lat' dir='ltr'>consularis</span> 
     </span>
     <span class='ocr_line' id='line_1_26' title="bbox 464 3117 2603 3230; baseline -0.003 -33"><span class='ocrx_word' id='word_1_188' title='bbox 464 3125 692 3230; x_wconf 87' lang='lat' dir='ltr'>(mihi</span> <span class='ocrx_word' id='word_1_189' title='bbox 739 3127 932 3196; x_wconf 87' lang='lat' dir='ltr'>enim</span> <span class='ocrx_word' id='word_1_190' title='bbox 980 3123 1146 3190; x_wconf 80' lang='lat' dir='ltr'>estis</span> <span class='ocrx_word' id='word_1_191' title='bbox 1197 3117 1503 3202; x_wconf 85' lang='lat' dir='ltr'>assensi,</span> <span class='ocrx_word' id='word_1_192' title='bbox 1562 3137 1830 3210; x_wconf 87' lang='lat' dir='ltr'>quum,</span> <span class='ocrx_word' id='word_1_193' title='bbox 1893 3117 2215 3212; x_wconf 85' lang='lat' dir='ltr'>ejusdem</span> <span class='ocrx_word' id='word_1_194' title='bbox 2275 3121 2603 3218; x_wconf 89' lang='lat' dir='ltr'>Pompeii</span> 
     </span>
    </p>
   </div>
   <div class='ocr_carea' id='block_1_3' title="bbox 465 3329 2609 3742">
    <p class='ocr_par' dir='ltr' id='par_1_4' title="bbox 465 3329 2609 3742">
     <span class='ocr_line' id='line_1_27' title="bbox 541 3329 2605 3424; baseline -0.003 -13"><span class='ocrx_word' id='word_1_195' title='bbox 541 3377 588 3424; x_wconf 75' lang='lat'>7.</span> <span class='ocrx_word' id='word_1_196' title='bbox 613 3363 826 3410; x_wconf 71' lang='lat' dir='ltr'>Honore.</span> <span class='ocrx_word' id='word_1_197' title='bbox 855 3355 972 3404; x_wconf 78' lang='lat' dir='ltr'>Non</span> <span class='ocrx_word' id='word_1_198' title='bbox 997 3353 1156 3402; x_wconf 68' lang='lat' dir='ltr'>solum</span> <span class='ocrx_word' id='word_1_199' title='bbox 1181 3351 1325 3399; x_wconf 71' lang='lat' dir='ltr'>refu-t</span> <span class='ocrx_word' id='word_1_200' title='bbox 1345 3347 1490 3412; x_wconf 83' lang='lat' dir='ltr'>quid,</span> <span class='ocrx_word' id='word_1_201' title='bbox 1576 3362 1635 3395; x_wconf 77' lang='grc' dir='ltr'>ιο</span> <span class='ocrx_word' id='word_1_202' title='bbox 1652 3347 1855 3397; x_wconf 72' lang='lat' dir='ltr'>feliciter</span> <span class='ocrx_word' id='word_1_203' title='bbox 1873 3339 2110 3410; x_wconf 63' lang='lat' dir='ltr'>cranii-eu</span> <span class='ocrx_word' id='word_1_204' title='bbox 2128 3351 2185 3400; x_wconf 74' lang='lat'>2⁰</span> <span class='ocrx_word' id='word_1_205' title='bbox 2198 3329 2314 3416; x_wconf 69' lang='lat' dir='ltr'>pont</span> <span class='ocrx_word' id='word_1_206' title='bbox 2332 3353 2605 3404; x_wconf 66' lang='lat' dir='ltr'>victoriam.</span> 
     </span>
     <span class='ocr_line' id='line_1_28' title="bbox 466 3429 2607 3504; baseline -0.002 -18"><span class='ocrx_word' id='word_1_207' title='bbox 466 3438 554 3491; x_wconf 70' lang='lat' dir='ltr'>,ed</span> <span class='ocrx_word' id='word_1_208' title='bbox 579 3439 759 3504; x_wconf 72' lang='lat' dir='ltr'>quibus</span> <span class='ocrx_word' id='word_1_209' title='bbox 782 3435 945 3484; x_wconf 76' lang='lat' dir='ltr'>verbis</span> <span class='ocrx_word' id='word_1_210' title='bbox 973 3433 1273 3481; x_wconf 74' lang='lat' dir='ltr'>decernatur.</span> <span class='ocrx_word' id='word_1_211' title='bbox 1301 3429 1488 3476; x_wconf 84' lang='lat' dir='ltr'>Contu·</span> <span class='ocrx_word' id='word_1_212' title='bbox 1651 3443 1699 3476; x_wconf 76' lang='lat' dir='ltr'>a.</span> <span class='ocrx_word' id='word_1_213' title='bbox 1740 3429 1872 3490; x_wconf 75' lang='lat' dir='ltr'>Quot</span> <span class='ocrx_word' id='word_1_214' title='bbox 1908 3429 1963 3478; x_wconf 81' lang='lat' dir='ltr'>C.</span> <span class='ocrx_word' id='word_1_215' title='bbox 1999 3430 2185 3481; x_wconf 73' lang='lat' dir='ltr'>uae-io.</span> <span class='ocrx_word' id='word_1_216' title='bbox 2220 3433 2439 3481; x_wconf 81' lang='lat' dir='ltr'>Devictis</span> <span class='ocrx_word' id='word_1_217' title='bbox 2472 3434 2607 3485; x_wconf 73' lang='lat' dir='ltr'>Cim-</span> 
     </span>
     <span class='ocr_line' id='line_1_29' title="bbox 466 3505 2605 3578; baseline -0.002 -10"><span class='ocrx_word' id='word_1_218' title='bbox 466 3520 722 3568; x_wconf 73' lang='lat' dir='ltr'>melioaum</span> <span class='ocrx_word' id='word_1_219' title='bbox 759 3515 914 3578; x_wconf 78' lang='lat' dir='ltr'>magis</span> <span class='ocrx_word' id='word_1_220' title='bbox 930 3547 945 3573; x_wconf 92' lang='lat'><strong>,</strong></span> <span class='ocrx_word' id='word_1_221' title='bbox 977 3527 1125 3577; x_wconf 69' lang='lat' dir='ltr'>quam</span> <span class='ocrx_word' id='word_1_222' title='bbox 1163 3505 1488 3558; x_wconf 74' lang='lat' dir='ltr'>honorificum</span> <span class='ocrx_word' id='word_1_223' title='bbox 1578 3507 1707 3568; x_wconf 66' lang='lat' dir='ltr'>hri-3</span> <span class='ocrx_word' id='word_1_224' title='bbox 1727 3523 1827 3570; x_wconf 78' lang='lat' dir='ltr'>qno</span> <span class='ocrx_word' id='word_1_225' title='bbox 1854 3517 2095 3572; x_wconf 82' lang='lat' dir='ltr'>tempore,</span> <span class='ocrx_word' id='word_1_226' title='bbox 2122 3522 2179 3560; x_wconf 72' lang='lat' dir='ltr'>nt</span> <span class='ocrx_word' id='word_1_227' title='bbox 2198 3513 2267 3560; x_wconf 73' lang='lat' dir='ltr'>nit</span> <span class='ocrx_word' id='word_1_228' title='bbox 2290 3513 2605 3576; x_wconf 69' lang='lat' dir='ltr'>Plutarchus,</span> 
     </span>
     <span class='ocr_line' id='line_1_30' title="bbox 466 3585 2609 3658; baseline -0.005 -11"><span class='ocrx_word' id='word_1_229' title='bbox 466 3609 540 3648; x_wconf 73' lang='grc' dir='ltr'>σοι</span> <span class='ocrx_word' id='word_1_230' title='bbox 605 3594 728 3644; x_wconf 79' lang='lat' dir='ltr'>illud</span> <span class='ocrx_word' id='word_1_231' title='bbox 792 3595 1138 3658; x_wconf 77' lang='lat' dir='ltr'>Spartanorum</span> <span class='ocrx_word' id='word_1_232' title='bbox 1208 3585 1490 3634; x_wconf 80' lang='lat' dir='ltr'>decretum:</span> <span class='ocrx_word' id='word_1_233' title='bbox 1577 3585 1791 3652; x_wconf 72' lang='lat' dir='ltr'>populus</span> <span class='ocrx_word' id='word_1_234' title='bbox 1816 3602 2045 3636; x_wconf 62' lang='lat' dir='ltr'>romanus</span> <span class='ocrx_word' id='word_1_235' title='bbox 2078 3591 2135 3640; x_wconf 89' lang='lat' dir='ltr'>C.</span> <span class='ocrx_word' id='word_1_236' title='bbox 2165 3593 2378 3641; x_wconf 70' lang='lat' dir='ltr'>Mai-ium</span> <span class='ocrx_word' id='word_1_237' title='bbox 2406 3593 2609 3642; x_wconf 71' lang='lat' dir='ltr'>tertium</span> 
     </span>
     <span class='ocr_line' id='line_1_31' title="bbox 465 3663 2607 3742; baseline 0 -21"><span class='ocrx_word' id='word_1_238' title='bbox 465 3701 490 3721; x_wconf 77' lang='lat'>.-</span> <span class='ocrx_word' id='word_1_239' title='bbox 511 3676 724 3742; x_wconf 77' lang='lat' dir='ltr'>ando</span> <span class='ocrx_word' id='word_1_240' title='bbox 747 3670 941 3738; x_wconf 84' lang='lat' dir='ltr'>quidem</span> <span class='ocrx_word' id='word_1_241' title='bbox 961 3666 1236 3718; x_wconf 75' lang='lat' dir='ltr'>Alexander</span> <span class='ocrx_word' id='word_1_242' title='bbox 1260 3663 1364 3712; x_wconf 81' lang='lat' dir='ltr'>vult</span> <span class='ocrx_word' id='word_1_243' title='bbox 1389 3679 1491 3710; x_wconf 70' lang='lat' dir='ltr'>este</span> <span class='ocrx_word' id='word_1_244' title='bbox 1578 3664 1880 3713; x_wconf 78' lang='lat' dir='ltr'>conditorem</span> <span class='ocrx_word' id='word_1_245' title='bbox 1894 3667 2183 3731; x_wconf 74' lang='lat' dir='ltr'>appellavit,</span> <span class='ocrx_word' id='word_1_246' title='bbox 2200 3682 2319 3736; x_wconf 72' lang='lat' dir='ltr'>pont</span> <span class='ocrx_word' id='word_1_247' title='bbox 2335 3673 2607 3722; x_wconf 76' lang='lat' dir='ltr'>Romulum</span> 
     </span>
    </p>
   </div>
   <div class='ocr_carea' id='block_1_4' title="bbox 471 3743 2609 4052">
    <p class='ocr_par' dir='ltr' id='par_1_5' title="bbox 471 3743 2609 3971">
     <span class='ocr_line' id='line_1_32' title="bbox 471 3743 2609 3816; baseline 0.011 -39"><span class='ocrx_word' id='word_1_248' title='bbox 471 3757 623 3815; x_wconf 58' lang='lat' dir='ltr'>dm,</span> <span class='ocrx_word' id='word_1_249' title='bbox 652 3754 770 3802; x_wconf 62' lang='lat' dir='ltr'>deu,</span> <span class='ocrx_word' id='word_1_250' title='bbox 789 3761 895 3799; x_wconf 58' lang='lat' dir='ltr'>eno</span> <span class='ocrx_word' id='word_1_251' title='bbox 915 3771 958 3796; x_wconf 69' lang='lat'>,‚</span> <span class='ocrx_word' id='word_1_252' title='bbox 1578 3743 1761 3791; x_wconf 69' lang='lat' dir='ltr'>seilicet</span> <span class='ocrx_word' id='word_1_253' title='bbox 1804 3753 1853 3792; x_wconf 87' lang='lat' dir='ltr'>et</span> <span class='ocrx_word' id='word_1_254' title='bbox 1899 3747 2191 3809; x_wconf 77' lang='lat' dir='ltr'>Camillnm3</span> <span class='ocrx_word' id='word_1_255' title='bbox 2236 3751 2377 3815; x_wconf 81' lang='lat' dir='ltr'>eique</span> <span class='ocrx_word' id='word_1_256' title='bbox 2425 3751 2609 3816; x_wconf 68' lang='lat' dir='ltr'>singuli</span> 
     </span>
     <span class='ocr_line' id='line_1_33' title="bbox 541 3822 2607 3894; baseline 0.001 -17"><span class='ocrx_word' id='word_1_257' title='bbox 541 3836 588 3882; x_wconf 76' lang='lat'>8.</span> <span class='ocrx_word' id='word_1_258' title='bbox 618 3831 754 3882; x_wconf 75' lang='lat' dir='ltr'>Ordo</span> <span class='ocrx_word' id='word_1_259' title='bbox 775 3825 1118 3894; x_wconf 67' lang='lat' dir='ltr'>amplissimus.</span> <span class='ocrx_word' id='word_1_260' title='bbox 1146 3825 1448 3870; x_wconf 77' lang='lat' dir='ltr'>Senatorum.</span> <span class='ocrx_word' id='word_1_261' title='bbox 1578 3822 1707 3871; x_wconf 81' lang='lat' dir='ltr'>inter</span> <span class='ocrx_word' id='word_1_262' title='bbox 1730 3822 1897 3887; x_wconf 72' lang='lat' dir='ltr'>epulas</span> <span class='ocrx_word' id='word_1_263' title='bbox 1922 3826 2135 3888; x_wconf 71' lang='lat' dir='ltr'>privatas</span> <span class='ocrx_word' id='word_1_264' title='bbox 2158 3845 2313 3878; x_wconf 56' lang='grc' dir='ltr'>(ξω</span> <span class='ocrx_word' id='word_1_265' title='bbox 2330 3831 2569 3894; x_wconf 67' lang='lat' dir='ltr'>primitias</span> <span class='ocrx_word' id='word_1_266' title='bbox 2586 3865 2607 3894; x_wconf 87' lang='lat'><strong>‚</strong></span> 
     </span>
     <span class='ocr_line' id='line_1_34' title="bbox 536 3896 2290 3971; baseline -0.002 -11"><span class='ocrx_word' id='word_1_267' title='bbox 536 3915 630 3960; x_wconf 78' lang='lat' dir='ltr'>xl.</span> <span class='ocrx_word' id='word_1_268' title='bbox 679 3927 723 3959; x_wconf 76' lang='grc' dir='ltr'>ι.</span> <span class='ocrx_word' id='word_1_269' title='bbox 767 3903 1179 3971; x_wconf 56' lang='lat' dir='ltr'>supplicationem</span> <span class='ocrx_word' id='word_1_270' title='bbox 1218 3896 1490 3962; x_wconf 74' lang='lat' dir='ltr'>quindecim</span> <span class='ocrx_word' id='word_1_271' title='bbox 1580 3901 1780 3965; x_wconf 78' lang='lat' dir='ltr'>perinde</span> <span class='ocrx_word' id='word_1_272' title='bbox 1804 3918 1861 3950; x_wconf 75' lang='lat' dir='ltr'>ac</span> <span class='ocrx_word' id='word_1_273' title='bbox 1884 3902 1977 3952; x_wconf 75' lang='lat' dir='ltr'>diis</span> <span class='ocrx_word' id='word_1_274' title='bbox 1998 3905 2290 3958; x_wconf 74' lang='lat' dir='ltr'>libaverunt.</span> 
     </span>
    </p>

    <p class='ocr_par' dir='ltr' id='par_1_6' title="bbox 477 3977 2607 4052">
     <span class='ocr_line' id='line_1_35' title="bbox 477 3977 2607 4052; baseline 0.006 -28"><span class='ocrx_word' id='word_1_275' title='bbox 477 3991 682 4040; x_wconf 57' lang='lat' dir='ltr'>dmg-m,</span> <span class='ocrx_word' id='word_1_276' title='bbox 731 3987 930 4052; x_wconf 75' lang='lat' dir='ltr'>Duplex</span> <span class='ocrx_word' id='word_1_277' title='bbox 975 3997 1128 4046; x_wconf 70' lang='lat' dir='ltr'>genus</span> <span class='ocrx_word' id='word_1_278' title='bbox 1171 3977 1490 4043; x_wconf 68' lang='lat' dir='ltr'>supplicatio-</span> <span class='ocrx_word' id='word_1_279' title='bbox 1652 3981 1703 4029; x_wconf 80' lang='lat'>3.</span> <span class='ocrx_word' id='word_1_280' title='bbox 1726 3982 1851 4045; x_wconf 79' lang='lat' dir='ltr'>Quae</span> <span class='ocrx_word' id='word_1_281' title='bbox 1871 3997 1939 4030; x_wconf 66' lang='grc' dir='ltr'>σεε</span> <span class='ocrx_word' id='word_1_282' title='bbox 1957 3985 2191 4036; x_wconf 64' lang='lat' dir='ltr'>:mimis</span> <span class='ocrx_word' id='word_1_283' title='bbox 2210 3986 2361 4037; x_wconf 56' lang='lat'>601112.</span> <span class='ocrx_word' id='word_1_284' title='bbox 2382 3985 2607 4036; x_wconf 68' lang='lat' dir='ltr'>Sub-nd.</span> 
     </span>
    </p>
   </div>
   <div class='ocr_carea' id='block_1_5' title="bbox 467 4055 1939 4128">
    <p class='ocr_par' dir='ltr' id='par_1_7' title="bbox 467 4055 1939 4128">
     <span class='ocr_line' id='line_1_36' title="bbox 467 4055 1939 4128; baseline -0.006 -10"><span class='ocrx_word' id='word_1_285' title='bbox 467 4085 583 4117; x_wconf 76' lang='lat' dir='ltr'>num</span> <span class='ocrx_word' id='word_1_286' title='bbox 618 4069 745 4128; x_wconf 72' lang='lat' dir='ltr'>suit,</span> <span class='ocrx_word' id='word_1_287' title='bbox 780 4059 833 4112; x_wconf 67' lang='grc' dir='ltr'>ι’</span> <span class='ocrx_word' id='word_1_288' title='bbox 854 4073 966 4110; x_wconf 73' lang='lat' dir='ltr'>ante</span> <span class='ocrx_word' id='word_1_289' title='bbox 1013 4059 1216 4118; x_wconf 73' lang='lat' dir='ltr'>bellun,</span> <span class='ocrx_word' id='word_1_290' title='bbox 1267 4069 1326 4106; x_wconf 84' lang='lat' dir='ltr'>nt</span> <span class='ocrx_word' id='word_1_291' title='bbox 1361 4055 1486 4104; x_wconf 78' lang='lat' dir='ltr'>bene</span> <span class='ocrx_word' id='word_1_292' title='bbox 1579 4059 1939 4110; x_wconf 73' lang='lat' dir='ltr'>decemebamr.</span> 
     </span>
    </p>
   </div>
  </div>
 </body>
</html>
