2996 4694
761 377 1142 447 ORATIO
1192 377 1394 446 Plio
1445 377 1522 445 P.
1572 375 1983 448 sExT10.
2350 404 2440 479 79

309 496 836 594 rempublicam
879 521 924 568 a
957 494 1246 568 funesto
1295 497 1577 567 latrone
1624 500 2055 593 repetituri?
2094 508 2187 571 an
2224 506 2437 574 etiam

309 617 489 676 tunc
553 609 1018 704 quiesceretis
1043 660 1063 694 ‚
1134 607 1651 680 cunctaremini
1676 658 1696 693 ,
1752 607 2141 699 timeretiS,
2204 638 2435 710 quum

307 716 892 813 rempublicama
911 713 1530 793 facinorosissimis
1570 719 1833 788 sicariis
1872 732 1944 788 et
1974 743 2014 789 a
2042 725 2263 794 servis
2284 748 2438 796 esse

311 845 732 920 oppressam
777 841 996 924 atque
1043 838 1468 923 occupatam
1521 825 1905 898 videretis?
1956 831 2180 925 Cujus
2222 834 2441 931 igitur

310 949 624 1007 mortem
666 935 1225 1023 ulcisceremini‚
1267 937 1326 1006 si
1367 935 1666 1032 quidem
1708 935 1916 1008 liberi
1967 963 2119 1011 esse
2140 995 2159 1028 ‚
2207 958 2277 1014 et
2312 944 2440 1016 ha-

308 1037 486 1114 bere
529 1045 1058 1145 ,rempublicam
1119 1045 1572 1142 cogitaretis;
1648 1045 1737 1120 de
1786 1047 1943 1143 ejus
1990 1052 2255 1124 virtute
2306 1057 2440 1124 viri

309 1151 492 1246 quid
540 1179 670 1226 vos
728 1155 972 1252 loqui,
1026 1153 1204 1254 quid
1259 1155 1563 1244 sentire,
1626 1155 1804 1253 quid
1864 1159 2217 1256 cogitare,
2262 1164 2441 1260 quid

304 1258 629 1353 judicare
667 1278 1034 1363 oporteat,
1069 1261 1556 1336 dubitandum
1590 1265 1909 1362 putatis?

341 1413 352 1422 ν
405 1375 500 1444 At
539 1371 762 1446 νει-05
801 1374 908 1444 illi
943 1375 1079 1472 ipsi
1105 1374 1513 1472 parricidae,
1552 1398 1867 1472 quorum
1906 1373 2301 1450 effrenatus
2334 1374 2447 1451 fu-

306 1503 434 1552 ror
459 1483 674 1558 alitur
699 1487 1126 1584 impunitate
1155 1484 1533 1574 diuturna,
1573 1485 1753 1556 adeo
1778 1487 1923 1554 vim
1955 1483 2294 1560 facinoris
2326 1494 2438 1562 sui

308 1593 876 1686 perhorruerant
900 1649 920 1684 ‚
972 1609 1092 1683 ut,
1135 1597 1194 1666 si
1235 1595 1480 1693 paullo
1538 1595 1823 1692 longior
1877 1596 2128 1694 opinio
2186 1604 2441 1673 mortis

306 1702 532 1777 Sextii
573 1706 856 1796 suisset,
897 1705 1304 1779 Gracchum
1335 1705 1542 1776 illum
1580 1727 1791 1777 suum
1810 1757 1831 1792 ‚
1862 1704 2336 1780 transferendi
2365 1715 2438 1781 in

297 1831 440 1882 nos
468 1813 836 1889 criminis⁶
867 1839 1113 1903 causa,
1155 1815 1486 1887 occidere
1521 1816 1922 1912 cogitarint.
1960 1819 2199 1889 Sensit
2230 1825 2446 1891 rusti-

302 1921 522 1999 culus
574 1951 726 2000 non
775 1929 1104 2000 incautus
1149 1925 1441 2024 (neque
1500 1927 1694 1997 enim
1742 1925 2075 1999 homines
2122 1953 2439 2026 nequam

301 2043 544 2108 tacere
575 2037 1060 2134 potuerunt),
1104 2059 1316 2108 suum
1345 2037 1769 2134 sanguinem
1811 2038 2037 2134 quaeri
2065 2037 2155 2108 ad
2190 2043 2441 2112 restin-

305 2145 666 2236 guendam
714 2146 1053 2230 invidiam
1102 2143 1439 2217 facinoris
1485 2146 1868 2224 Clodiani:
1922 2148 2435 2222 mulionicam⁷

308 2254 652 2346 penulam
687 2255 1026 2354 arripuit,
1071 2277 1236 2325 cum
1282 2279 1427 2352 qua
1475 2257 1789 2354 primum
1838 2260 2141 2327 Romam
2183 2259 2438 2333 ad'co-
2470 2242 2487 2256 ⁹

311 2364 513 2436 mitia
535 2362 568 2411 ⁸
620 2380 954 2453 venerat3
1009 2367 1350 2437 messoria
1397 2388 1472 2436 se
1524 2361 1743 2435 corbe
1798 2369 2139 2438 contexit.
2192 2372 2437 2460 Quum

307 2490 716 2567 quaererent
747 2475 864 2545 alii
897 2475 1322 2547 Numerium
1345 2527 1365 2561 ‚
1399 2474 1519 2544 alii
1559 2472 1939 2563 Quintium
1962 2527 1983 2562 ‚
2016 2478 2284 2573 gemini
2312 2504 2444 2551 no-

306 2584 518 2657 minis
573 2610 818 2657 errore
869 2600 1190 2657 servatus
1239 2598 1372 2657 est.
1426 2588 1663 2681 Atque
1715 2584 1859 2655 hoc
1910 2586 2107 2657 scitis
2142 2612 2394 2662 omnes
2418 2646 2437 2678 ‚

306 2717 541 2792 usque
588 2694 770 2767 adeo
818 2694 1192 2767 hominem
1227 2695 1306 2764 in
1349 2691 1676 2791 periculo
1713 2689 1975 2775 fuisse,
2018 2694 2263 2791 quoad
2298 2699 2433 2769 sci·-

305 2817 465 2875 tum
504 2806 596 2876 sit
632 2806 952 2876 Sextium
994 2806 1254 2876 vivere.
1311 2800 1532 2894 Quod
1580 2804 1714 2872 nisi
1764 2817 1949 2873 esset
1997 2802 2433 2901 patefactum

305 2915 550 3013 paullo
591 2917 839 3002 citius,
889 2938 1106 3013 quam
1157 2912 1446 3000 vellem,
1506 2936 1657 2982 non
1701 2910 1804 2981 illi
1854 2911 2150 3009 quidem
2198 2930 2439 2986 morte

303 3026 728 3121 mercenarii
759 3026 870 3096 sui
905 3022 1291 3097 transferre
1320 3023 1727 3121 potuissent
1758 3020 2101 3094 invidiam
2135 3026 2212 3095 in
2247 3049 2438 3122 quos

304 3133 696 3231 putabant,
756 3132 885 3206 sed
938 3132 1376 3205 acerbissimi
1431 3129 1762 3204 sceleris9
1814 3130 2178 3205 infamiam
2228 3150 2435 3231 grato

302 3246 625 3341 quodam
668 3244 935 3317 scelere
955 3252 1022 3325 ¹‚0
1063 3244 1513 3316 minuissent.

375 3472 428 3521 5.
443 3474 667 3524 Aevero.
683 3472 1086 3537 Clodiani,qunm
1102 3472 1321 3521 Sextium
1407 3472 1611 3520 citarent
1628 3486 1735 3519 eam
1746 3504 1763 3531 ,
1781 3484 1927 3535 quum
1944 3486 1973 3517 e
1990 3470 2147 3519 Sextii
2163 3481 2321 3521 morte
2338 3472 2441 3539 ipsi

301 3552 646 3615 interemptum
667 3563 894 3616 putarent
909 3588 924 3613 ,
937 3551 1007 3600 ‘ad
1020 3553 1324 3615 exstinguen-
1409 3551 1707 3601 metuebant.

302 3632 414 3679 dam
429 3666 446 3691 ‚
476 3631 644 3679 saltem
665 3632 976 3679 rninnendam
1005 3632 1208 3679 offensa
1235 3630 1322 3677 tri-
1484 3648 1534 3691 7.
1579 3630 1660 3678 Sic
1702 3628 1975 3676 Priscianus
1988 3662 2003 3687 ,
2040 3627 2131 3679 lib.
2175 3632 2243 3677 11.
2283 3632 2439 3681 Multi

301 3714 509 3761 bonatus
541 3710 805 3759 sanctitatis
847 3709 1102 3769 invidiam,
1137 3710 1324 3759 Nume-
1406 3710 1533 3758 MSS
1556 3707 1858 3757 mulioniam.
1885 3710 2016 3756 LV.
2042 3711 2098 3756 L.

301 3792 430 3839 rium
452 3790 708 3854 Quintium
732 3790 874 3837 etiam
901 3790 1148 3838 tribunum
1175 3806 1204 3836 e
1230 3804 1318 3838 sua
1476 3788 1531 3837 8.
1575 3788 1662 3835 Aa
1695 3785 1911 3835 comitia.
1952 3786 2246 3850 Ignobssem,
2288 3800 2337 3838 et
2376 3790 2430 3838 in

301 3870 514 3918 factione
523 3867 820 3917 interfecturi
831 3867 1129 3932 erant,quod
1141 3868 1322 3927 Sextia-
1405 3882 1523 3931 agro
1540 3865 1798 3915 educent:
1816 3864 2103 3913 Numerium
2124 3865 2383 3930 significet.

301 3966 378 3999 ωι-
395 3950 592 3998 factioni
611 3949 896 3997 tribuerent.
1475 3960 1529 4007 9.
1548 3940 1849 3993 Acer-binim?
1858 3942 2067 3993 sceleris.
2084 3946 2143 3991 In
2156 3944 2437 3995 occidendo

355 4030 426 4078 .6.
456 4026 826 4094 Transfer-endi.
847 4064 860 4077 .
883 4058 898 4073 .
927 4026 1152 4097 criminis.
1171 4027 1238 4075 Ut
1255 4042 1318 4073 ex
1405 4026 1574 4073 Sextio
1600 4021 1861 4071 commissi.

303 4108 484 4157 uihnni
497 4108 572 4173 pl.
593 4118 750 4156 morte
765 4105 996 4155 invidiam
1013 4105 1066 4153 in
1086 4121 1178 4155 nos
1199 4120 1318 4153 eon-
1483 4118 1564 4150 to.
1596 4104 1751 4151 Grato
1764 4132 1775 4147 .
1798 4134 1811 4147 .
1832 4136 1847 4149 .
1876 4100 2069 4149 scelere.
2089 4101 2261 4151 Scelus
2283 4114 2440 4165 estet,
