2996 4694
521 353 664 429 556
1159 360 1259 429 M.
1309 361 1387 429 Τ.
1440 359 2013 432 CICERONIS

521 501 779 549 omnes
843 491 1258 549 nostrorum
1315 480 1835 577 imperatorum
1856 532 1876 567 ,
1936 501 2189 551 omnes
2240 492 2649 555 exterarum

519 587 846 682 gentium
869 640 892 674 ,
961 591 1779 685 potentissimorumque
1838 588 2283 687 populorum
2304 642 2325 678 ‚
2392 614 2648 663 omnes

515 695 1074 769 clarissimorum
1108 722 1360 796 regum
1393 724 1509 771 res
1543 714 1776 797 gestas
1806 722 1975 771 cum
2008 700 2149 771 tuis
2176 720 2313 775 nec
2344 717 2645 775 conteu-

515 808 798 879 tionum
847 806 1346 905 magnitudine
1359 811 1420 895 4,
1465 832 1606 879 nec
1656 832 1967 881 numero
2010 808 2461 906 praeliorum,
2512 834 2649 883 nec

517 918 857 989 varietate
909 920 1288 1015 regionum
1309 970 1330 1004 ,
1385 942 1525 989 nec
1566 918 1947 991 ‚celeritate
1996 917 2475 1007 conficiendi,-
2508 944 2649 993 nec

517 1027 1096 1101 dissimilitudine
1156 1027 1517 1101 bellorum
1584 1054 1795 1129 posse
1852 1027 2208 1117 conferri3
2276 1054 2412 1101 nec
2473 1054 2647 1103 vero

517 1136 1106 1234 disjunctissimas
1140 1153 1370 1211 terras
1389 1134 1419 1183 ⁵
1450 1142 1663 1211 citius
1702 1139 2133 1237 cujusquam
2160 1139 2487 1238 passibus
2520 1166 2648 1239 po-

518 1250 740 1321 tuisse
774 1251 1173 1348 peragrari,
1201 1273 1422 1347 quam
1455 1251 1637 1339 tuis,
1669 1274 1821 1325 non
1852 1248 2089 1323 dicam
2115 1248 2446 1328 cursibus
2464 1305 2485 1341 ,
2518 1251 2648 1325 sed

517 1360 836 1433 victoriis
879 1358 1193 1431 lustratae
1237 1374 1410 1431 sunt
1426 1353 1482 1429 ⁶.

613 1470 794 1559 Quae
825 1469 1118 1566 quidem
1153 1490 1288 1567 ego
1327 1469 1464 1541 nisi
1489 1483 1639 1541 tam
1674 1492 1935 1568 magna
1966 1492 2125 1543 esse
2154 1468 2417 1560 fatear,
2452 1486 2535 1545 ut
2564 1497 2649 1545 ea

451 1644 455 1649 ,
515 1579 634 1649 vix
699 1579 1128 1679 cujusquam
1191 1602 1433 1667 mens,
1491 1593 1619 1651 aut
1669 1582 2007 1677 cogitatio
2065 1605 2325 1679 capere
2381 1586 2650 1682 possit,

515 1712 768 1761 amens
803 1690 937 1761 sim
971 1717 988 1761 :
1035 1688 1163 1761 sed
1217 1704 1458 1763 tamen
1495 1703 1668 1763 sunt
1702 1690 1838 1763 alia
1874 1693 2169 1788 majora.
2215 1697 2400 1765 Nam
2436 1692 2645 1765 belli-

515 1822 634 1869 cas
678 1798 926 1871 laudes
968 1801 1208 1871 solent
1256 1799 1555 1897 quidam
1613 1815 2005 1873 extenuare
2052 1802 2321 1890 verbiS,
2380 1826 2650 1900 easque
2702 1882 2705 1887 ,

517 1906 895 1982 detrahere
951 1909 1258 1983 ducibus
1283 1964 1303 1997 ‚
1375 1912 1913 1983 communicare
1976 1936 2145 1983 cum
2208 1908 2493 2002 multiS,
2552 1936 2649 1984 ne

517 2023 826 2117 propriae
867 2021 1014 2091 sint
1066 2022 1611 2119 imperatorum.
1658 2024 1747 2091 Et
1794 2036 1989 2095 certe
2040 2023 2115 2093 in
2152 2024 2415 2094 armis7
2458 2023 2640 2095 mili·

516 2143 670 2200 tum
698 2134 959 2218 virtus,
1003 2130 1331 2203 locorum
1370 2132 1917 2229 opportunitas,
1952 2130 2209 2203 auxilia
2242 2134 2642 2217 sociorum,

513 2234 853 2330 classesss,
883 2255 1326 2313 commeatus
1347 2296 1368 2321 ‚
1389 2239 1702 2311 multum
1734 2240 2011 2335 juvant.
2054 2239 2439 2313 Maximam
2469 2263 2645 2311 vero

1622 2443 1739 2481 runt
1749 2436 1976 2481 ·.Verum
1992 2444 2041 2481 et
2053 2433 2135 2481 hie
2149 2431 2305 2481 multo
2317 2431 2464 2480 latior
2477 2447 2533 2479 ac
2544 2447 2642 2478 ma-

1620 2509 1929 2575 guiflmuor
1956 2511 2287 2577 amplificandi
2308 2511 2435 2559 atio
2452 2545 2469 2570 ,
2494 2525 2643 2575 quam

583 2441 633 2490 4.
655 2433 764 2480 Nee
789 2432 1152 2480 contentionum
1175 2431 1533 2497 magnimdine.

511 2514 673 2562 emar
683 2511 914 2560 adversus
931 2511 1322 2560 bellicosissimas
1337 2522 1505 2575 gentes
1516 2543 1534 2569 ,

513 2590 700 2640 seilicet
727 2589 920 2649 Gallos,
947 2593 1240 2650 Germanos,
1257 2591 1535 2648 Britannos,

512 2670 793 2733 Hispanos,
830 2678 927 2717 etc.
962 2681 1280 2734 pugnaverat.
1320 2668 1533 2726 Plinius,

511 2748 700 2798 Histor.
729 2747 847 2796 Nat.
865 2749 990 2808 vn,
1016 2749 1082 2796 25
1102 2762 1116 2797 ε
1148 2769 1171 2791 ι
1193 2747 1352 2796 Cesar
1381 2746 1533 2810 siguis

514 2826 706 2874 collatis
739 2827 1058 2890 quinquagies
1090 2827 1368 2887 dimicavit,
1399 2825 1535 2876 solus

507 2909 586 2957 M.
623 2906 913 2958 Marcellum
951 2915 1296 2970 transgressus,
1322 2905 1410 2970 qui
1445 2921 1534 2953 un·

511 2985 861 3051 dequadragies
886 2984 1232 3034 dimicaverat:
1265 2999 1376 3032 nam
1401 2999 1530 3049 pne·

511 3077 587 3115 ter
611 3065 778 3114 civiles
799 3065 1028 3114 victorias
1043 3101 1058 3126 ‚
1081 3064 1314 3114 undecies
1333 3076 1532 3113 eentum

509 3156 560 3194 et
585 3147 834 3210 sexaginta
861 3144 962 3194 duo
996 3145 1146 3193 millia
1167 3144 1420 3193 hominum
1441 3159 1532 3191 oc-

509 3226 606 3274 cisa
647 3227 830 3290 proeliis
871 3225 934 3272 ab
980 3241 1040 3274 eo
1083 3239 1188 3272 non
1217 3222 1446 3286 equidem
1481 3223 1535 3270 in

509 3303 664 3368 gloria
682 3302 952 3370 posuerim,
971 3313 1154 3350 tantam
1169 3301 1313 3348 etiam
1333 3300 1534 3350 humani

511 3383 698 3448 generis
714 3385 782 3444 ini
790 3381 942 3430 uriam
958 3414 975 3441 ‚
1002 3391 1102 3431 etc.
1120 3401 1146 3422 a·

586 3463 637 3510 5.
667 3459 1077 3527 Disjunctisst‘mas
1103 3469 1271 3506 cerras.
1299 3459 1417 3507 Non
1443 3457 1533 3505 ab·

515 3541 716 3590 surdum
761 3541 910 3589 suerit
949 3537 1030 3586 hie
1067 3539 1287 3587 conferre
1327 3539 1533 3586 alterum

513 3621 764 3670 Ciceronis
793 3619 988 3678 locum,
1027 3620 1080 3666 iu
1116 3634 1241 3682 quo,
1271 3618 1386 3666 dum
1415 3619 1534 3666 olim

515 3715 608 3766 pro
640 3699 747 3763 lege
783 3698 984 3748 Manilia
1019 3697 1249 3746 victorias
1271 3713 1328 3744 ae
1356 3697 1530 3746 trium·

512 3780 641 3846 phos
661 3787 908 3826 enumerat
923 3813 940 3839 ,
963 3799 988 3819 .-
1004 3775 1210 3840 Saepius,
1230 3775 1405 3839 inquit,
1419 3792 1531 3824 cum

507 3859 650 3909 hoste
669 3857 894 3907 conflixit
911 3891 928 3917 ,
959 3873 1104 3921 quam
1137 3855 1390 3920 quisquam
1415 3872 1527 3907 cum

507 3939 708 3986 inimico
741 3935 971 3994 certavitg
1017 3935 1156 4002 plura
1193 3933 1316 3982 bella
1349 3935 1523 3999 gessit,

506 4034 650 4082 quam
677 4017 821 4066 eeteri
848 4015 1095 4080 leget-unu
1129 4013 1295 4078 plures
1317 4013 1523 4078 provin-

1622 2607 1727 2638 uon
1760 2592 1877 2640 satis
1910 2591 2277 2648 necimmerito
2306 2590 2525 2640 rhetores
2552 2589 2645 2638 ad-

1620 2671 1785 2718 mirari
1800 2681 2089 2736 potuerunt,
2101 2671 2229 2719 iuter
2246 2685 2371 2734 quos
2393 2669 2644 2718 Rolliuum

1620 2750 1822 2797 recitare
1842 2748 2086 2812 sufficiat3
2106 2765 2254 2813 quem
2272 2747 2356 2796 adi
2380 2748 2433 2796 in
2462 2763 2555 2796 suo
2583 2746 2646 2796 de

1620 2827 1792 2876 studiis
1812 2829 2060 2879 Tractatu.
2090 2831 2233 2878 Unus
2263 2837 2421 2877 exstat
2447 2829 2647 2878 Germa·

1620 2922 1713 2956 nus
1739 2910 1817 2956 eui
1842 2908 1981 2957 aliter
2004 2907 2240 2956 videatur.

1692 2985 1743 3038 6.
1776 2985 2005 3036 ricton-sis
2026 2987 2247 3036 lustrata
2264 2997 2392 3036 sune.
2410 2985 2647 3036 Celeriter

1620 3063 1770 3114 obita
1784 3077 1834 3114 et
1846 3077 2073 3130 aspecta.
2092 3067 2187 3116 nic
2202 3065 2375 3114 saltem
2386 3081 2439 3114 se
2450 3081 2643 3129 equum

1621 3143 1836 3194 ostendit
1854 3143 2101 3202 Woffim‚
2128 3160 2219 3192 nec
2244 3145 2412 3208 inepte
2438 3159 2645 3208 compo-

1620 3222 1761 3272 sitam
1786 3222 2043 3287 periodum
2069 3224 2263 3272 fatetur.
2304 3221 2425 3272 Non
2452 3234 2647 3288 poterat

1622 3299 1797 3350 elatior
1813 3302 2043 3366 premitti
2066 3303 2355 3366 occupatio,
2386 3303 2452 3350 ita
2478 3313 2537 3350 ut
2559 3317 2645 3352 eo-

1623 3378 1734 3428 dem
1772 3381 1961 3445 impetu
1995 3379 2197 3428 Caesaris
2238 3380 2367 3429 facta
2408 3379 2644 3430 celebrari

1621 3459 1905 3518 videantur,
1922 3475 2023 3523 quo
2044 3469 2182 3507 erant
2202 3471 2325 3508 acta.

1698 3555 1746 3600 7.
1776 3540 1844 3587 Ee
1876 3549 2006 3586 certe
2039 3538 2091 3586 in
2134 3537 2303 3586 armis.
2344 3539 2457 3586 Jam
2501 3539 2643 3602 quasi

1620 3617 1851 3668 fidentius
1880 3617 2029 3666 animi
2048 3618 2125 3666 sui
2149 3633 2345 3666 sensum
2368 3617 2646 3683 expromit,

1618 3698 1856 3762 affertque
1882 3698 2095 3744 rationes
2135 3713 2223 3745 cur
2252 3695 2443 3746 bellico
2474 3695 2643 3744 laudes

1616 3774 1991 3840 haudquaquam
2034 3775 2379 3840 imperatorum
2425 3775 2643 3841 proprie

1618 3872 1719 3904 esse
1745 3855 2019 3904 videantur.

1689 3935 1741 3984 8.
1784 3935 1992 3983 Classes.
2024 3931 2218 3996 Quibus
2258 3933 2425 3982 hostes
2471 3948 2641 3997 perse-

1610 4025 1795 4078 quutus
1820 4014 1917 4071 siu
1944 4028 2057 4077 qua
2084 4011 2293 4061 multum
2328 4012 2381 4062 in
2411 4011 2543 4062 beno
2571 4012 2649 4071 cia

507 4097 606 4145 cias
647 4093 884 4152 confecit,
914 4111 1062 4159 quam
1101 4092 1188 4142 alii
1230 4092 1521 4159 concupive·
1608 4093 1695 4142 vni
1722 4091 1905 4144 Cauri
1930 4091 2248 4158 profuerunt.
