2996 4694
473 372 617 445 330
1113 378 1210 444 M.
1262 378 1339 443 T.
1392 377 1980 447 CICERONIS

470 520 723 595 augur,
740 520 969 593 quum
998 494 1091 566 de
1107 494 1273 590 jure
1296 496 1752 593 praediatorio
1771 508 1802 539 ²
1839 494 2360 584 consuleretur,
2381 495 2610 569 homo

464 607 649 703 juris
709 606 1217 703 peritissimum,
1266 603 1768 677 consultores³
1827 628 2000 676 suos
2048 626 2608 704 nonnumquam

470 717 563 789 ad
599 718 895 788 Furium
944 730 1015 787 et
1055 716 1473 787 Cascellium
1494 772 1516 803 ‚
1557 710 2054 813 praediatoreS‚
2103 717 2511 813 rejiciebat3
2545 722 2610 789 si

469 852 607 898 nos
644 825 737 897 (le
772 850 963 923 aqua
989 824 1281 897 nostra⁴
1316 826 1720 897 Tusculana
1757 829 1854 897 M.
1889 828 2288 923 Tugionem
2319 831 2607 925 potius,

470 961 693 1033 quam
750 939 831 1007 C.
896 936 1289 1032 Aquillium
1352 936 1910 1009 consulebamus
1939 992 1959 1023 ‚
2013 937 2216 1034 quod
2283 939 2609 1009 assiduus

472 1041 691 1117 usus⁵
736 1046 867 1116 uni
911 1048 1009 1116 rei
1064 1045 1386 1132 dedum,
1436 1063 1511 1118 et
1551 1048 1924 1144 ingenium
1946 1101 1967 1134 ‚
2017 1063 2092 1120 et
2144 1063 2370 1119 artem
2422 1072 2609 1145 saepe

472 1156 695 1227 vincit
728 1182 745 1223 :
778 1157 943 1252 quis
978 1154 1265 1227 dubitet
1300 1156 1391 1227 de
1416 1155 1842 1245 soederibuS‚
1871 1173 1946 1229 et
1973 1156 2066 1229 de
2105 1172 2262 1229 toto
2297 1159 2457 1254 jure
2491 1184 2612 1258 pa-

475 1266 575 1336 cis
620 1279 692 1335 et
734 1263 944 1351 belli,
986 1264 1330 1337 omnibus
1376 1266 1601 1362 juris⁶
1641 1269 2090 1366 peritissimis
2140 1271 2612 1365 imperatores

478 1390 767 1447 nostros
818 1374 1241 1447 anteferre?
1302 1380 1790 1449 Possumusne
1835 1380 2058 1477 igitur
2113 1377 2248 1449 tibi
2297 1378 2610 1475 probare

474 1500 843 1557 auctorem
890 1486 1202 1583 exempli
1250 1502 1469 1584 atque
1519 1486 1683 1559 facti
1729 1489 1923 1561 illius
1956 1544 1976 1577 ‚
2042 1488 2241 1587 quod
2285 1516 2324 1560 a
2381 1505 2456 1561 te
2494 1514 2612 1562 re·-

474 1595 980 1693 prehenditur,
1010 1601 1091 1681 C.
1128 1598 1485 1668 Marium?
1513 1602 1778 1694 quaeris
1819 1598 2132 1696 aliquem
2169 1600 2614 1695 graviorem?

478 1706 1090 1777 constantiorem?
1117 1709 1688 1804 praestantiorem
1723 1713 2028 1797 virtute,
2062 1708 2481 1807 prudentia,
2507 1734 2616 1781 re-

479 1816 782 1914 ligione,
836 1818 1233 1915 aequitate?
1278 1823 1347 1889 Is
1410 1819 1628 1914 igitur
1679 1823 1774 1889 Μ.
1835 1820 2154 1890 Annium
2213 1820 2612 1916 Appium7,

478 1925 947 1999 fortissimum
1006 1929 1287 2008 virum,
1330 1952 1614 1999 summa
1659 1929 1924 1999 virtute
1977 1927 2394 2025 praeditum,
2449 1928 2616 1999 civi-

478 2051 623 2107 tate
662 2036 991 2125 donavit‚
1020 2063 1251 2135 quum
1286 2041 1775 2115 Camertinum
1818 2036 2057 2110 foedus
2087 2038 2614 2110 sanctissimum

474 2161 697 2245 atque
738 2149 1229 2245 aequissimum
1268 2150 1481 2221 sciret
1511 2173 1691 2221 esse.
1739 2153 1980 2220 Potest
2019 2150 2265 2245 igitur,
2297 2147 2615 2245 judices,

480 2260 558 2327 L.
622 2258 1003 2329 Cornelius
1061 2258 1580 2347 condemnari,
1619 2272 1704 2329 ut
1749 2283 1902 2330 non
1943 2262 2029 2330 C.
2089 2260 2296 2329 Marii
2339 2256 2615 2329 factum

477 2373 1057 2446 condemnetur?
1098 2377 1409 2446 Exsistat
1452 2399 1630 2473 ergo
1675 2375 1796 2452 ille
1833 2376 1942 2444 vir
1982 2396 2374 2471 parumper
2419 2375 2614 2469 cogi-

479 2484 752 2555 tatione
802 2498 1077 2568 vestra‚
1131 2487 1479 2581 quoniam
1540 2509 1622 2555 re
1671 2509 1822 2554 non
1877 2497 2153 2582 potest,
2201 2498 2288 2553 ut
2331 2485 2616 2581 conspi-

485 2593 685 2662 ciatis
711 2617 879 2661 eum
909 2592 1311 2679 mentibuS‚
1339 2619 1562 2692 quem
1589 2594 1818 2665 oculis
1847 2618 1996 2666 non
2037 2595 2375 2692 potestis:
2403 2594 2614 2678 dicat,

547 2779 599 2812 2.
629 2765 705 2810 De
730 2763 847 2827 jure
873 2764 1213 2828 proediatorae'o.
1244 2767 1423 2830 Agitur
1447 2765 1508 2814 de

474 2843 601 2904 jure,
618 2841 755 2906 quod
776 2844 1103 2892 estsancitum
1126 2844 1187 2892 de
1205 2845 1401 2909 prediis
1422 2855 1508 2893 aut

476 2921 811 2986 bonopraediis
826 2956 841 2980 ,
862 2924 957 2972 hoc
980 2936 1051 2972 est
1066 2961 1083 2985 ‚
1108 2924 1507 2989 possessionibus

478 3001 761 3066 reipublice
786 3003 1045 3068 obligatis,
1070 3021 1183 3068 quae
1215 3004 1509 3052 dicebantur

475 3097 566 3146 per
587 3083 923 3131 excellentiam
943 3083 1141 3148 praedia
1168 3095 1217 3131 et
1240 3084 1506 3148 bomprae-

476 3159 565 3208 dia
582 3195 598 3216 ‚
638 3171 761 3210 teste
796 3164 1050 3213 Asconio:
1096 3175 1146 3211 et
1185 3162 1506 3228 pmdiawres

482 3251 647 3298 eram,
692 3257 903 3306 quorum
936 3241 1065 3290 bona
1108 3255 1245 3292 erant
1270 3244 1508 3293 obstricta

481 3317 683 3382 publico
716 3334 731 3368 ε
780 3321 899 3368 hinc
946 3331 997 3369 et
1044 3323 1129 3370 10ae
1178 3323 1508 3386 praediatoria

480 3397 613 3460 apud
632 3399 837 3446 Sueten.
860 3398 911 3445 in
932 3399 1155 3447 Claudio.
1177 3400 1307 3448 Vide
1324 3401 1510 3447 Salma-

482 3475 605 3521 sinn·
624 3475 685 3522 de
712 3475 863 3524 modo
886 3492 1162 3528 usurarum.

550 3548 601 3598 3.
668 3553 986 3602 consultores.
1042 3558 1144 3618 Qui
1198 3555 1512 3620 jurisperitos

486 3629 689 3676 adibant
706 3631 895 3678 consilii
924 3634 1124 3697 petendi
1148 3650 1313 3682 causa·
1334 3637 1512 3684 norat.

488 3709 588 3756 Sat.
620 3710 674 3766 1,
702 3724 748 3766 ι,
775 3724 843 3772 9:
872 3715 1195 3776 «Agricolam
1232 3714 1401 3762 laudat
1438 3716 1513 3763 le-

490 3801 608 3850 gum
629 3787 850 3850 jurisque
876 3791 1061 3851 peritus
1078 3827 1091 3850 ‚
1127 3792 1231 3839 Sub
1257 3791 1371 3854 galli
1398 3809 1512 3839 can·

485 3875 591 3914 tum
613 3865 870 3914 consultor
896 3868 983 3916 ubi
1008 3872 1135 3918 ostia
1161 3871 1323 3935 pulsat
1348 3891 1393 3920 -.

556 3953 605 4000 4.
660 3945 735 3992 De
789 3961 929 4008 aqua
983 3961 1153 3996 nostm
1214 3951 1510 3999 Tusculana.

486 4023 679 4086 Aquam
699 4023 872 4072 habuit
896 4037 1063 4075 orator
1098 4029 1149 4075 iu
1188 4030 1299 4076 villa
1319 4030 1510 4077 Tuscu-

482 4099 591 4148 lana
608 4101 791 4152 Crabra
808 4106 1036 4166 nomine,
1056 4123 1149 4171 pro
1178 4125 1273 4173 qua
1298 4107 1510 4174 vectigal

1597 2765 1842 2830 pendebat
1867 2764 2170 2814 Tusculanis.
2197 2764 2361 2813 Tertia
2381 2765 2582 2828 AgrarIa
2599 2778 2616 2813 ε

1594 2866 1621 2887 ιι
1639 2847 1745 2908 Ego
1787 2843 2074 2892 Tusculanis
2124 2859 2216 2906 pro
2261 2859 2386 2906 aqua
2434 2842 2618 2892 Crabra

1593 2915 1799 2988 vec‘tigal
1839 2923 2079 2987 pendam,
2115 2923 2228 2985 quia
2268 2939 2296 2969 a
2343 2923 2614 2986 municipio

1594 3005 1802 3056 fundum
1820 3003 2014 3066 accepi,
2049 3002 2090 3049 si
2111 3017 2139 3048 a
2167 3000 2302 3049 Sulla
2331 2999 2452 3048 mihi
2477 3001 2620 3048 datus

1594 3093 1743 3140 esset,
1788 3081 1924 3130 Rulli
1967 3080 2072 3144 lege
2124 3097 2228 3128 non
2280 3079 2549 3146 penderem
2575 3103 2618 3127 n.

1595 3161 1812 3226 Epistola
1848 3160 1912 3209 ad
1951 3162 2182 3208 Tironem
2214 3160 2277 3209 18
2301 3194 2318 3220 ,
2349 3158 2442 3208 lib.
2467 3161 2620 3217 xvt,

1594 3240 1659 3287 ad
1685 3241 1795 3289 Div.
1816 3243 1925 3288 -De
1950 3238 2130 3288 Crabra
2156 3237 2280 3302 quid
2307 3249 2497 3301 agatur,
2529 3237 2624 3286 eta·

1596 3335 1728 3368 nnnc
1753 3319 1954 3383 quidem
1981 3317 2128 3366 nimia
2169 3329 2242 3366 est
2274 3332 2401 3380 aqua
2417 3351 2433 3376 ,
2457 3328 2622 3364 tamen

1596 3399 1742 3447 velim
1767 3400 1895 3446 scire
1916 3420 1960 3445 ιο.

1671 3479 1719 3525 5.
1753 3476 1977 3525 Assiduus
2013 3493 2132 3524 usus
2171 3475 2262 3524 uni
2294 3474 2367 3522 rei
2403 3474 2619 3523 deditas.

1600 3558 1730 3604 Hinc
1769 3556 1988 3604 Platonis
2025 3554 2241 3602 edictum
2284 3555 2372 3601 lib.
2395 3555 2518 3603 vm
2561 3553 2626 3601 de

1601 3634 1806 3698 Legilms
1823 3669 1838 3692 ,
1887 3645 1942 3682 ut
1976 3647 2165 3691 ,omnes
2207 3633 2296 3679 uni
2339 3632 2624 3696 reipublice

1599 3715 1816 3761 animum
1837 3712 2046 3770 dedant,
2070 3725 2311 3774 nemoque
2335 3711 2520 3758 civium
2547 3709 2623 3758 nl-

1599 3793 1694 3840 lam
1719 3792 2048 3840 mechanicam
2073 3804 2228 3838 artem
2254 3793 2484 3854 attingat.

1671 3873 1720 3918 6.
1747 3870 1978 3920 Omnibus
1995 3869 2127 3934 juris
2146 3867 2462 3933 peritissimis.
2471 3870 2628 3918 Vetus

1601 3949 1744 4010 liber,
1763 3973 1790 3992 ιι
1807 3949 2090 3999 hominibus
2105 3949 2232 4009 juris
2255 3947 2560 4012 peritissimis
2577 3970 2625 3996 a.

1675 4047 1720 4089 7.
1747 4030 1969 4095 Appium.
1991 4030 2156 4076 Garat.
2187 4040 2239 4076 et
2267 4027 2454 4076 weisk.
2483 4028 2630 4076 eden·

1600 4109 1718 4157 dum
1743 4119 1922 4173 putant
1947 4105 2146 4172 Apium-
2169 4109 2218 4156 J.
2247 4108 2310 4154 V.
2337 4105 2390 4154 1..
