2996 4694
884 407 1273 478 ORATlo
1322 409 1434 477 m
1486 409 2037 480 vAT1N1UM.
2274 334 2328 388 ⁰
2395 409 2523 509 137

384 523 657 622 judicio
693 549 847 598 esse
879 527 1225 600 recitatas.
1262 532 1350 599 In
1386 554 1704 626 quorum
1737 530 1966 602 altero
1997 553 2074 602 es
2113 529 2523 620 confessuS,

394 662 434 708 a
472 652 545 710 te
582 654 1027 709 accusatores
1068 663 1219 710 esse
1251 643 1642 711 instructos
1673 655 1744 711 et
1781 639 2260 732 subornatos3
2303 646 2379 713 in
2417 645 2522 717 al-

396 761 552 819 tero
595 749 1145 820 inconstantiam
1194 765 1427 836 tuam,
1468 775 1696 847 quum
1741 751 2065 841 levitate,
2110 766 2265 822 tum
2309 757 2521 826 etiam

393 859 717 954 perjurio
735 866 757 901 ¹
770 855 797 902 3
822 859 1255 957 implicatam
1272 913 1291 948 ,
1314 858 1667 949 refellisti3
1697 885 1928 957 quum
1948 914 1966 948 ,
1986 885 2205 959 quem
2242 861 2523 934 alienis·

392 969 650 1040 simum
688 993 728 1038 a
761 983 833 1040 te
860 993 1015 1040 esse
1042 969 1377 1058 ‹lixisseS,
1405 995 1573 1041 eum
1609 969 1807 1040 domi
1835 984 1980 1041 tuae
2006 969 2265 1059 fuisse3
2302 997 2522 1070 quem

395 1077 1093 1176 praevaricatorem¹4
1118 1078 1211 1151 ab
1243 1081 1449 1152 initio
1478 1080 1903 1176 judicasseS,
1944 1081 2012 1154 ei
2049 1096 2154 1169 te,
2179 1107 2366 1180 quos
2401 1109 2524 1157 ro-

391 1204 662 1286 gasset,
698 1188 787 1262 ad
819 1191 1300 1262 accusandum
1340 1191 1564 1264 libros
1599 1192 1859 1264 dixeris
1890 1193 2172 1266 dedisse
2195 1191 2278 1266 ¹⁵.

485 1303 575 1370 II.
611 1303 931 1373 Nimium
968 1327 1042 1374 es
1068 1301 1455 1374 vehemens
1483 1302 1837 1400 feroxque
1873 1320 2126 1376 natura
2157 1333 2172 1376 :
2213 1331 2366 1378 non
2395 1331 2526 1404 pu·

392 1424 497 1482 tas
538 1411 643 1482 fas
692 1437 845 1485 esse
869 1467 889 1501 ,
942 1411 1243 1484 verbum
1284 1438 1373 1484 ex
1408 1439 1535 1486 ore
1577 1417 1774 1485 exire
1809 1413 2235 1511 cujusquam
2257 1471 2277 1504 ,
2321 1415 2522 1514 quod

390 1545 541 1593 non
564 1522 975 1618 jucundum
994 1539 1067 1594 et
1087 1522 1578 1596 honorificum
1610 1522 1702 1596 ad
1737 1548 1946 1596 aures
1983 1533 2170 1596 tuas¹
2209 1524 2522 1598 accedat.

391 1635 670 1705 Venisti
706 1637 931 1705 iratus
954 1645 983 1676 ²
1024 1633 1363 1707 omnibus
1395 1662 1412 1706 τ
1449 1633 1653 1731 quod
1703 1659 1838 1732 ego
1861 1688 1880 1723 ,
1916 1635 2127 1707 simul
2170 1661 2254 1707 ac
2289 1651 2360 1708 te
2397 1636 2522 1709 ad·-

389 1745 623 1841 spexi,
664 1745 863 1842 prius
890 1769 1109 1842 quam
1139 1745 1342 1842 loqui
1372 1747 1692 1843 coepisti,
1718 1769 1946 1842 quum
1976 1762 2143 1817 ante
2169 1746 2446 1818 Gellius
2470 1745 2525 1836 ³,

388 1855 752 1925 nutricula
769 1853 1274 1926 seditiosorum
1294 1857 1621 1926 omnium
1641 1909 1660 1944 ,
1697 1857 2188 1926 testimonium
2217 1854 2484 1929 diceret
2505 1911 2524 1944 ,

392 1967 579 2035 sensi
608 1980 825 2064 atque
851 1966 1157 2063 providi.
1176 1971 1502 2063 Repente
1523 1966 1715 2037 enim
1740 1980 2214 2064 te,tamquam
2234 1989 2528 2064 serpens

393 2099 433 2144 e
465 2073 820 2163 latibulis,
848 2076 1075 2148 oculis
1100 2073 1624 2163 eminentibus,
1653 2074 1903 2148 inflato
1936 2076 2194 2166 collo4,
2229 2078 2527 2150 tumidis

394 2185 793 2257 cervicibus
820 2185 1163 2258 intulisti:
1194 2199 1279 2256 ut
1307 2183 1479 2256 mihi
1517 2201 1906 2257 renovatus
1925 2185 2044 2257 ille
2066 2201 2238 2258 tuus
2255 2188 2330 2258 in
2348 2203 2416 2259 te
2432 2183 2526 2230 ⁵**

390 2309 704 2367 veterem
734 2320 979 2368 meum
1012 2296 1321 2369 amicum
1345 2346 1365 2381 ,
1404 2293 1532 2367 sed
1559 2309 1801 2366 tamen
1830 2311 2038 2368 tuum
2067 2295 2524 2384 familiarem,

388 2404 837 2479 defenderim
858 2460 877 2495 ,
911 2432 1141 2505 quum
1175 2410 1251 2478 in
1293 2406 1430 2477 hac
1458 2408 1742 2478 civitate
1776 2410 2226 2507 oppugnatio
2263 2408 2525 2495 soleat,

390 2538 537 2613 qua
591 2530 671 2587 tu
718 2540 918 2588 nunc
966 2518 1229 2602 uteris,
1278 2539 1838 2614 nonnumquam
1865 2572 1886 2605 ,
1933 2517 2257 2591 defensio
2311 2545 2525 2590 num-

386 2649 607 2723 quam
642 2628 1053 2725 vituperari.
1106 2625 1246 2698 Sed
1288 2649 1536 2722 quoero
1581 2650 1624 2697 a
1663 2641 1774 2715 te,
1813 2652 1946 2699 cur
1978 2631 2055 2699 C.
2101 2627 2520 2701 Cornelium

389 2762 541 2808 non
561 2736 1048 2809 defenderem.
1074 2740 1269 2809 Num
1287 2735 1520 2833 legem
1543 2736 1858 2833 aliquam
1874 2738 2254 2811 Cornelius
2272 2754 2526 2812 contra

391 2851 705 2947 auspicia
754 2842 1099 2920 tuleritss?
1147 2872 1328 2919 num
1384 2846 1668 2933 AEliam,
1723 2873 1903 2919 num
1957 2847 2234 2921 Fufiam
2294 2850 2522 2950 legem

468 3024 547 3076 13.
580 3024 819 3091 Pety'un’o.
855 3026 888 3073 J
890 3025 1013 3073 ursii
1045 3024 1174 3073 enim
1194 3024 1415 3073 testimo-
1501 3024 1688 3073 Vatinii
1699 3024 1898 3085 jocatur
1913 3026 1962 3073 in
1981 3026 2074 3075 hac
2091 3027 2314 3075 oratione
2331 3029 2525 3079 Cicero.

392 3105 528 3153 nium
554 3104 796 3155 dicebant.
832 3102 1146 3169 significetur
1162 3105 1299 3168 quod
1313 3104 1412 3165 ism
1502 3105 1654 3165 Cuius
1679 3105 1874 3153 facetias
1899 3106 2134 3169 quasdam
2159 3107 2369 3169 Quintil.
2396 3108 2526 3158 Plut.

392 3200 538 3248 supra
562 3184 747 3232 dietum
774 3195 869 3243 est,
888 3183 1071 3233 eumin
1090 3182 1317 3232 hesterno
1340 3194 1413 3231 te·
1501 3192 1551 3230 et
1580 3184 1804 3233 Maon-ob.
1829 3199 2106 3246 servavere3
2137 3202 2249 3249 qun
2271 3185 2398 3235 inter
2423 3204 2526 3235 uon

393 3262 629 3311 stimonio
652 3278 756 3312 esse
778 3264 1055 3312 mentitum.
1072 3288 1137 3300 --
1161 3261 1411 3321 Refellisti.
1498 3266 1664 3311 omnis
1685 3262 1784 3311 ule
1801 3264 1970 3313 Attico
1993 3264 2194 3313 condita
2221 3265 2462 3319 videntur.

394 3344 466 3390 Te
490 3342 595 3405 ipse
618 3342 801 3390 fraudis
823 3343 1041 3407 arguisti.
1576 3342 1624 3391 5.
1644 3342 1738 3392 1110
1768 3354 1878 3391 tuus
1904 3340 1956 3389 in
1982 3352 2046 3392 te.
2082 3344 2353 3394 Mendosus
2387 3346 2528 3397 locus

472 3427 551 3477 τό.
576 3421 1025 3471 Proevarieaeorem‘.
1052 3424 1103 3471 Is
1128 3434 1199 3471 est
1234 3424 1321 3486 qui
1345 3422 1412 3471 si-
1502 3432 1602 3477 estz
1635 3422 1788 3470 multa
1813 3422 1942 3471 enim
1969 3432 2189 3487 tempore
2209 3426 2516 3477 exciderunt.

395 3499 497 3547 mul
520 3512 691 3548 eontra
716 3516 855 3550 reum
872 3512 923 3549 et
946 3518 1041 3567 pro
1064 3518 1147 3551 reo
1170 3502 1290 3566 agit.
1500 3502 1764 3552 Lambinus
1783 3503 1853 3550 sie
1867 3502 2032 3551 locum
2050 3480 2301 3554 restituere
2318 3518 2526 3557 conatus

474 3580 555 3627 15.
572 3580 789 3629 Dedisse.
812 3582 879 3629 Ut
905 3598 967 3630 α
990 3582 1067 3631 his
1092 3582 1415 3630 concionibus
1501 3593 1609 3631 est:
1633 3594 1725 3632 «ut
1745 3580 1866 3630 mihi
1893 3594 2156 3632 renovatus
2187 3584 2270 3633 ille
2295 3597 2409 3636 tuus
2437 3588 2528 3636 tri·

392 3658 525 3707 illius
548 3658 809 3707 accusandi
835 3662 1079 3709 materiam
1098 3670 1324 3710 sumeret.
1440 3671 1443 3680 '
1503 3662 1714 3710 bunatus
1751 3661 2026 3723 videi-etun
2058 3678 2117 3711 sc
2153 3665 2272 3713 mihi
2310 3668 2526 3732 primum

460 3740 531 3789 11.
557 3754 601 3787 1.
628 3737 760 3797 Alii,
792 3737 1003 3787 accidat.
1026 3742 1076 3790 J.
1089 3743 1151 3789 V.
1180 3743 1237 3789 L.
1501 3741 1754 3805 obiecisti,
1782 3742 1922 3806 quod
1957 3742 2238 3793 Cornelium
2262 3780 2280 3805 ,
2315 3760 2526 3796 veterem

464 3832 514 3867 2.
548 3816 735 3865 Venisti
758 3816 922 3864 fractas.
940 3820 1295 3868 Testimonium
1312 3823 1417 3869 sci-
1498 3822 1709 3869 amicum
1735 3836 1896 3869 meum
1911 3855 1927 3881 ,
1953 3821 2040 3869 sed
2063 3833 2224 3871 tamen
2240 3844 2282 3872 ι.
2301 3826 2396 3874 Sed
2424 3826 2530 3874 haee

390 3896 504 3946 lieet
526 3908 697 3945 contra
720 3896 940 3944 Sextium
965 3896 1202 3946 dicturus.
1503 3902 1665 3951 omnis
1694 3900 1896 3949 omniuo
1916 3909 2030 3949 sunt
2056 3900 2256 3950 incerta.
2270 3904 2526 3953 Turnebus

463 3978 515 4024 3.
552 3975 755 4025 Gellius.
797 3978 873 4023 De
900 3990 961 4022 eo
994 3976 1045 4023 in
1070 3978 1291 4027 oratione
1317 3994 1411 4043 pro
1498 3980 1582 4029 hio
1626 3980 1680 4027 in
1741 3980 1833 4029 MS
1896 3990 2148 4027 vacantem
2193 3980 2322 4029 vidit
2370 3993 2522 4032 totam

394 4056 559 4105 Sextio
587 4056 687 4121 jam
716 4040 856 4103 autea
882 4054 1025 4102 verba
1053 4054 1183 4103 fecit.
1503 4060 1745 4125 peginam.

465 4144 515 4191 4.
550 4134 726 4202 Inflato
751 4133 891 4183 eollo.
922 4133 1110 4197 Saepius
1128 4132 1181 4180 iu
1208 4144 1411 4184 strumas
1571 4140 1622 4188 6.
1679 4138 1856 4186 coetera
1907 4135 2128 4200 auspicia
2183 4138 2359 4190 wlen‘e.
2409 4144 2526 4195 Hoee
