<?xml version="1.0" encoding="UTF-8"?>
<!DOCTYPE html PUBLIC "-//W3C//DTD XHTML 1.0 Transitional//EN"
    "http://www.w3.org/TR/xhtml1/DTD/xhtml1-transitional.dtd">
<html xmlns="http://www.w3.org/1999/xhtml" xml:lang="en" lang="en">
 <head>
  <title>
</title>
<meta http-equiv="Content-Type" content="text/html;charset=utf-8" />
  <meta name='ocr-system' content='tesseract 3.04.00' />
  <meta name='ocr-capabilities' content='ocr_page ocr_carea ocr_par ocr_line ocrx_word'/>
</head>
<body>
  <div class='ocr_page' id='page_1' title='image "./mtciceronisquae08lemagoog/mtciceronisquae08lemagoog_0166.png"; bbox 0 0 2996 4694; ppageno 0'>
   <div class='ocr_carea' id='block_1_1' title="bbox 545 386 2021 462">
    <p class='ocr_par' dir='ltr' id='par_1_1' title="bbox 545 386 2021 462">
     <span class='ocr_line' id='line_1_1' title="bbox 545 386 2021 462; baseline 0 -3"><span class='ocrx_word' id='word_1_1' title='bbox 545 386 676 462; x_wconf 79' lang='lat'>158</span> <span class='ocrx_word' id='word_1_2' title='bbox 1160 387 1258 457; x_wconf 88' lang='grc' dir='ltr'>Μ.</span> <span class='ocrx_word' id='word_1_3' title='bbox 1309 386 1389 457; x_wconf 92' lang='grc' dir='ltr'>Τ.</span> <span class='ocrx_word' id='word_1_4' title='bbox 1443 388 2021 459; x_wconf 88' lang='lat' dir='ltr'>CICERONIS</span> 
     </span>
    </p>
   </div>
   <div class='ocr_carea' id='block_1_2' title="bbox 513 508 2661 3028">
    <p class='ocr_par' dir='ltr' id='par_1_2' title="bbox 513 508 2661 3028">
     <span class='ocr_line' id='line_1_2' title="bbox 527 508 2659 611; baseline 0.002 -29"><span class='ocrx_word' id='word_1_5' title='bbox 527 513 689 611; x_wconf 90' lang='lat' dir='ltr'>quis</span> <span class='ocrx_word' id='word_1_6' title='bbox 741 512 817 598; x_wconf 87' lang='lat' dir='ltr'>in</span> <span class='ocrx_word' id='word_1_7' title='bbox 872 508 1008 581; x_wconf 88' lang='lat' dir='ltr'>hac</span> <span class='ocrx_word' id='word_1_8' title='bbox 1043 508 1330 581; x_wconf 78' lang='lat' dir='ltr'>civitate</span> <span class='ocrx_word' id='word_1_9' title='bbox 1378 524 1547 607; x_wconf 87' lang='lat' dir='ltr'>post</span> <span class='ocrx_word' id='word_1_10' title='bbox 1592 509 1852 581; x_wconf 85' lang='lat' dir='ltr'>urbem</span> <span class='ocrx_word' id='word_1_11' title='bbox 1904 510 2273 585; x_wconf 89' lang='lat' dir='ltr'>conditam</span> <span class='ocrx_word' id='word_1_12' title='bbox 2322 510 2659 587; x_wconf 81' lang='lat' dir='ltr'>tribunos</span> 
     </span>
     <span class='ocr_line' id='line_1_3' title="bbox 525 612 2659 721; baseline 0 -28"><span class='ocrx_word' id='word_1_13' title='bbox 525 620 758 720; x_wconf 85' lang='lat' dir='ltr'>plebis</span> <span class='ocrx_word' id='word_1_14' title='bbox 795 619 1170 721; x_wconf 85' lang='lat' dir='ltr'>appellarit</span> <span class='ocrx_word' id='word_1_15' title='bbox 1195 674 1214 708; x_wconf 88' lang='lat'>‚</span> <span class='ocrx_word' id='word_1_16' title='bbox 1259 644 1353 690; x_wconf 93' lang='lat' dir='ltr'>ne</span> <span class='ocrx_word' id='word_1_17' title='bbox 1398 642 1682 690; x_wconf 85' lang='lat' dir='ltr'>causam</span> <span class='ocrx_word' id='word_1_18' title='bbox 1720 612 2036 692; x_wconf 75' lang='lat' dir='ltr'>diceret?</span> <span class='ocrx_word' id='word_1_19' title='bbox 2070 646 2247 693; x_wconf 87' lang='lat' dir='ltr'>num</span> <span class='ocrx_word' id='word_1_20' title='bbox 2292 626 2457 720; x_wconf 85' lang='lat' dir='ltr'>quis</span> <span class='ocrx_word' id='word_1_21' title='bbox 2488 646 2659 694; x_wconf 85' lang='lat' dir='ltr'>reus</span> 
     </span>
     <span class='ocr_line' id='line_1_4' title="bbox 521 727 2661 829; baseline 0.001 -27"><span class='ocrx_word' id='word_1_22' title='bbox 521 734 596 802; x_wconf 91' lang='lat' dir='ltr'>in</span> <span class='ocrx_word' id='word_1_23' title='bbox 629 728 945 803; x_wconf 88' lang='lat' dir='ltr'>tribunal</span> <span class='ocrx_word' id='word_1_24' title='bbox 983 730 1095 801; x_wconf 86' lang='lat' dir='ltr'>sui</span> <span class='ocrx_word' id='word_1_25' title='bbox 1141 730 1545 826; x_wconf 65' lang='lat' dir='ltr'>quaesitoris</span> <span class='ocrx_word' id='word_1_26' title='bbox 1584 727 2063 821; x_wconf 81' lang='lat' dir='ltr'>adscenderit,</span> <span class='ocrx_word' id='word_1_27' title='bbox 2092 756 2407 829; x_wconf 88' lang='lat' dir='ltr'>eumque</span> <span class='ocrx_word' id='word_1_28' title='bbox 2438 733 2511 801; x_wconf 84' lang='lat' dir='ltr'>vi</span> <span class='ocrx_word' id='word_1_29' title='bbox 2536 731 2661 805; x_wconf 84' lang='lat' dir='ltr'>de·-</span> 
     </span>
     <span class='ocr_line' id='line_1_5' title="bbox 519 836 2655 938; baseline 0.001 -27"><span class='ocrx_word' id='word_1_30' title='bbox 519 840 874 911; x_wconf 76' lang='lat' dir='ltr'>turbarit?</span> <span class='ocrx_word' id='word_1_31' title='bbox 931 836 1272 909; x_wconf 88' lang='lat' dir='ltr'>subsellia</span> <span class='ocrx_word' id='word_1_32' title='bbox 1327 836 1730 935; x_wconf 82' lang='lat' dir='ltr'>dissiparit?</span> <span class='ocrx_word' id='word_1_33' title='bbox 1778 862 1995 911; x_wconf 84' lang='lat' dir='ltr'>urnas</span> <span class='ocrx_word' id='word_1_34' title='bbox 2034 839 2481 938; x_wconf 71' lang='lat' dir='ltr'>delegeritv?</span> <span class='ocrx_word' id='word_1_35' title='bbox 2533 866 2655 914; x_wconf 86' lang='lat' dir='ltr'>eas</span> 
     </span>
     <span class='ocr_line' id='line_1_6' title="bbox 522 946 2657 1046; baseline 0.001 -26"><span class='ocrx_word' id='word_1_36' title='bbox 522 949 840 1046; x_wconf 90' lang='lat' dir='ltr'>denique</span> <span class='ocrx_word' id='word_1_37' title='bbox 868 970 1122 1019; x_wconf 87' lang='lat' dir='ltr'>omnes</span> <span class='ocrx_word' id='word_1_38' title='bbox 1147 970 1264 1017; x_wconf 89' lang='lat' dir='ltr'>res</span> <span class='ocrx_word' id='word_1_39' title='bbox 1299 949 1371 1016; x_wconf 90' lang='lat' dir='ltr'>in</span> <span class='ocrx_word' id='word_1_40' title='bbox 1396 946 1669 1040; x_wconf 82' lang='lat' dir='ltr'>judicio</span> <span class='ocrx_word' id='word_1_41' title='bbox 1692 946 2167 1021; x_wconf 81' lang='lat' dir='ltr'>disturbando</span> <span class='ocrx_word' id='word_1_42' title='bbox 2196 954 2657 1042; x_wconf 79' lang='lat' dir='ltr'><strong>commiserit,</strong></span> 
     </span>
     <span class='ocr_line' id='line_1_7' title="bbox 521 1056 2659 1159; baseline 0.002 -30"><span class='ocrx_word' id='word_1_43' title='bbox 521 1082 832 1159; x_wconf 88' lang='lat' dir='ltr'>quarum</span> <span class='ocrx_word' id='word_1_44' title='bbox 865 1080 1112 1128; x_wconf 84' lang='lat' dir='ltr'>rerum</span> <span class='ocrx_word' id='word_1_45' title='bbox 1141 1078 1354 1127; x_wconf 87' lang='lat' dir='ltr'>causa</span> <span class='ocrx_word' id='word_1_46' title='bbox 1375 1056 1646 1152; x_wconf 89' lang='lat' dir='ltr'>judicia</span> <span class='ocrx_word' id='word_1_47' title='bbox 1672 1072 1844 1130; x_wconf 87' lang='lat' dir='ltr'>sunt</span> <span class='ocrx_word' id='word_1_48' title='bbox 1870 1062 2255 1133; x_wconf 84' lang='lat' dir='ltr'>constituta</span> <span class='ocrx_word' id='word_1_49' title='bbox 2275 1059 2351 1133; x_wconf 76' lang='lat'>⁸?</span> <span class='ocrx_word' id='word_1_50' title='bbox 2382 1056 2659 1135; x_wconf 83' lang='lat' dir='ltr'>sciasne</span> 
     </span>
     <span class='ocr_line' id='line_1_8' title="bbox 521 1166 2659 1265; baseline 0.002 -24"><span class='ocrx_word' id='word_1_51' title='bbox 521 1184 676 1241; x_wconf 85' lang='lat' dir='ltr'>tum</span> <span class='ocrx_word' id='word_1_52' title='bbox 717 1166 984 1265; x_wconf 86' lang='lat' dir='ltr'>fugisse</span> <span class='ocrx_word' id='word_1_53' title='bbox 1009 1169 1482 1238; x_wconf 78' lang='lat' dir='ltr'>Memmium?</span> <span class='ocrx_word' id='word_1_54' title='bbox 1506 1186 1959 1240; x_wconf 82' lang='lat' dir='ltr'>accusatores</span> <span class='ocrx_word' id='word_1_55' title='bbox 1986 1194 2143 1243; x_wconf 86' lang='lat' dir='ltr'>esse</span> <span class='ocrx_word' id='word_1_56' title='bbox 2180 1186 2349 1244; x_wconf 88' lang='lat' dir='ltr'>tuos</span> <span class='ocrx_word' id='word_1_57' title='bbox 2384 1170 2477 1243; x_wconf 86' lang='lat' dir='ltr'>de</span> <span class='ocrx_word' id='word_1_58' title='bbox 2512 1176 2659 1245; x_wconf 89' lang='lat' dir='ltr'>tuis</span> 
     </span>
     <span class='ocr_line' id='line_1_9' title="bbox 521 1274 2659 1377; baseline 0.002 -28"><span class='ocrx_word' id='word_1_59' title='bbox 521 1296 964 1375; x_wconf 82' lang='lat' dir='ltr'>tuorumque</span> <span class='ocrx_word' id='word_1_60' title='bbox 989 1274 1324 1347; x_wconf 87' lang='lat' dir='ltr'>manibus</span> <span class='ocrx_word' id='word_1_61' title='bbox 1347 1277 1681 1374; x_wconf 81' lang='lat' dir='ltr'>ereptos?</span> <span class='ocrx_word' id='word_1_62' title='bbox 1697 1278 1976 1372; x_wconf 81' lang='lat' dir='ltr'>judices</span> <span class='ocrx_word' id='word_1_63' title='bbox 2006 1282 2483 1377; x_wconf 84' lang='lat' dir='ltr'>quaestionum</span> <span class='ocrx_word' id='word_1_64' title='bbox 2500 1294 2533 1341; x_wconf 82' lang='lat'>⁹</span> <span class='ocrx_word' id='word_1_65' title='bbox 2566 1280 2659 1353; x_wconf 91' lang='lat' dir='ltr'>de</span> 
     </span>
     <span class='ocr_line' id='line_1_10' title="bbox 523 1384 2657 1489; baseline 0.001 -29"><span class='ocrx_word' id='word_1_66' title='bbox 523 1390 870 1489; x_wconf 81' lang='lat' dir='ltr'>proximis</span> <span class='ocrx_word' id='word_1_67' title='bbox 915 1384 1400 1457; x_wconf 86' lang='lat' dir='ltr'>tribunalibus</span> <span class='ocrx_word' id='word_1_68' title='bbox 1451 1410 1609 1459; x_wconf 92' lang='lat' dir='ltr'>esse</span> <span class='ocrx_word' id='word_1_69' title='bbox 1654 1386 2043 1486; x_wconf 77' lang='lat' dir='ltr'>depulsos?</span> <span class='ocrx_word' id='word_1_70' title='bbox 2084 1392 2161 1461; x_wconf 91' lang='lat' dir='ltr'>in</span> <span class='ocrx_word' id='word_1_71' title='bbox 2201 1390 2362 1463; x_wconf 85' lang='lat' dir='ltr'>foro</span> <span class='ocrx_word' id='word_1_72' title='bbox 2387 1444 2407 1479; x_wconf 89' lang='lat'>‚</span> <span class='ocrx_word' id='word_1_73' title='bbox 2450 1392 2611 1463; x_wconf 87' lang='lat' dir='ltr'>luce</span> <span class='ocrx_word' id='word_1_74' title='bbox 2636 1444 2657 1481; x_wconf 89' lang='lat'>‚</span> 
     </span>
     <span class='ocr_line' id='line_1_11' title="bbox 521 1494 2657 1599; baseline 0 -29"><span class='ocrx_word' id='word_1_75' title='bbox 521 1503 972 1595; x_wconf 83' lang='lat' dir='ltr'>inspectante</span> <span class='ocrx_word' id='word_1_76' title='bbox 997 1494 1274 1594; x_wconf 90' lang='lat' dir='ltr'>populo</span> <span class='ocrx_word' id='word_1_77' title='bbox 1292 1518 1623 1586; x_wconf 86' lang='lat' dir='ltr'>romano,</span> <span class='ocrx_word' id='word_1_78' title='bbox 1652 1500 2148 1595; x_wconf 83' lang='lat' dir='ltr'>quaestionem,</span> <span class='ocrx_word' id='word_1_79' title='bbox 2176 1503 2657 1599; x_wconf 81' lang='lat' dir='ltr'>magistratus,</span> 
     </span>
     <span class='ocr_line' id='line_1_12' title="bbox 520 1606 2657 1709; baseline 0 -28"><span class='ocrx_word' id='word_1_80' title='bbox 520 1632 800 1681; x_wconf 88' lang='lat' dir='ltr'>morem</span> <span class='ocrx_word' id='word_1_81' title='bbox 834 1608 1188 1703; x_wconf 78' lang='lat' dir='ltr'>majorum</span> <span class='ocrx_word' id='word_1_82' title='bbox 1208 1660 1227 1694; x_wconf 88' lang='lat'>‚</span> <span class='ocrx_word' id='word_1_83' title='bbox 1255 1607 1469 1704; x_wconf 84' lang='lat' dir='ltr'>leges,</span> <span class='ocrx_word' id='word_1_84' title='bbox 1489 1606 2163 1702; x_wconf 87' lang='lat' dir='ltr'>judices,scelerum</span> <span class='ocrx_word' id='word_1_85' title='bbox 2190 1632 2481 1709; x_wconf 85' lang='lat' dir='ltr'>poenam</span> <span class='ocrx_word' id='word_1_86' title='bbox 2500 1634 2657 1683; x_wconf 84' lang='lat' dir='ltr'>esse</span> 
     </span>
     <span class='ocr_line' id='line_1_13' title="bbox 520 1714 2661 1817; baseline 0 -27"><span class='ocrx_word' id='word_1_87' title='bbox 520 1716 920 1790; x_wconf 77' lang='lat' dir='ltr'>sublatam?</span> <span class='ocrx_word' id='word_1_88' title='bbox 962 1714 1110 1785; x_wconf 81' lang='lat' dir='ltr'>hoec</span> <span class='ocrx_word' id='word_1_89' title='bbox 1154 1717 1396 1787; x_wconf 80' lang='lat' dir='ltr'>omnia</span> <span class='ocrx_word' id='word_1_90' title='bbox 1429 1718 1703 1789; x_wconf 86' lang='lat' dir='ltr'>sciasne</span> <span class='ocrx_word' id='word_1_91' title='bbox 1736 1717 2187 1817; x_wconf 72' lang='lat' dir='ltr'>diligentia¹⁰</span> <span class='ocrx_word' id='word_1_92' title='bbox 2224 1726 2300 1793; x_wconf 92' lang='lat' dir='ltr'>C.</span> <span class='ocrx_word' id='word_1_93' title='bbox 2336 1722 2661 1792; x_wconf 86' lang='lat' dir='ltr'>Memmii</span> 
     </span>
     <span class='ocr_line' id='line_1_14' title="bbox 521 1824 2659 1931; baseline 0 -31"><span class='ocrx_word' id='word_1_94' title='bbox 521 1828 832 1931; x_wconf 84' lang='lat' dir='ltr'>publicis</span> <span class='ocrx_word' id='word_1_95' title='bbox 859 1824 1124 1899; x_wconf 86' lang='lat' dir='ltr'>tabulis</span> <span class='ocrx_word' id='word_1_96' title='bbox 1155 1848 1309 1898; x_wconf 91' lang='lat' dir='ltr'>esse</span> <span class='ocrx_word' id='word_1_97' title='bbox 1345 1840 1591 1898; x_wconf 88' lang='lat' dir='ltr'>notata</span> <span class='ocrx_word' id='word_1_98' title='bbox 1628 1842 1847 1926; x_wconf 82' lang='lat' dir='ltr'>atque</span> <span class='ocrx_word' id='word_1_99' title='bbox 1884 1830 2178 1903; x_wconf 75' lang='lat' dir='ltr'>testata?</span> <span class='ocrx_word' id='word_1_100' title='bbox 2211 1835 2443 1927; x_wconf 89' lang='lat' dir='ltr'>Atque</span> <span class='ocrx_word' id='word_1_101' title='bbox 2476 1827 2659 1901; x_wconf 87' lang='lat' dir='ltr'>illud</span> 
     </span>
     <span class='ocr_line' id='line_1_15' title="bbox 521 1939 2659 2039; baseline -0.001 -28"><span class='ocrx_word' id='word_1_102' title='bbox 521 1940 732 2012; x_wconf 86' lang='lat' dir='ltr'>etiam</span> <span class='ocrx_word' id='word_1_103' title='bbox 769 1960 1017 2035; x_wconf 85' lang='lat' dir='ltr'>quaero</span> <span class='ocrx_word' id='word_1_104' title='bbox 1037 1991 1056 2024; x_wconf 93' lang='lat'>‚</span> <span class='ocrx_word' id='word_1_105' title='bbox 1101 1959 1366 2034; x_wconf 88' lang='lat' dir='ltr'>quum,</span> <span class='ocrx_word' id='word_1_106' title='bbox 1407 1952 1879 2035; x_wconf 87' lang='lat' dir='ltr'>posteaquam</span> <span class='ocrx_word' id='word_1_107' title='bbox 1924 1962 1999 2009; x_wconf 89' lang='lat' dir='ltr'>es</span> <span class='ocrx_word' id='word_1_108' title='bbox 2054 1939 2459 2039; x_wconf 88' lang='lat' dir='ltr'>postulatus</span> <span class='ocrx_word' id='word_1_109' title='bbox 2481 1992 2501 2027; x_wconf 88' lang='lat'>‚</span> <span class='ocrx_word' id='word_1_110' title='bbox 2566 1962 2659 2009; x_wconf 83' lang='lat' dir='ltr'>ex</span> 
     </span>
     <span class='ocr_line' id='line_1_16' title="bbox 522 2046 2660 2148; baseline -0.001 -27"><span class='ocrx_word' id='word_1_111' title='bbox 522 2052 876 2148; x_wconf 85' lang='lat' dir='ltr'>legatione</span> <span class='ocrx_word' id='word_1_112' title='bbox 911 2046 1230 2135; x_wconf 84' lang='lat' dir='ltr'>redieris,</span> <span class='ocrx_word' id='word_1_113' title='bbox 1269 2070 1362 2119; x_wconf 88' lang='lat' dir='ltr'>ne</span> <span class='ocrx_word' id='word_1_114' title='bbox 1391 2049 1555 2145; x_wconf 83' lang='lat' dir='ltr'>quis</span> <span class='ocrx_word' id='word_1_115' title='bbox 1590 2063 1661 2119; x_wconf 88' lang='lat' dir='ltr'>te</span> <span class='ocrx_word' id='word_1_116' title='bbox 1694 2049 1961 2143; x_wconf 86' lang='lat' dir='ltr'>judicia</span> <span class='ocrx_word' id='word_1_117' title='bbox 1986 2048 2328 2147; x_wconf 79' lang='lat' dir='ltr'>defugere</span> <span class='ocrx_word' id='word_1_118' title='bbox 2364 2049 2660 2121; x_wconf 81' lang='lat' dir='ltr'>arbitra-</span> 
     </span>
     <span class='ocr_line' id='line_1_17' title="bbox 523 2155 2658 2255; baseline -0 -23"><span class='ocrx_word' id='word_1_119' title='bbox 523 2174 763 2248; x_wconf 83' lang='lat' dir='ltr'>retur3</span> <span class='ocrx_word' id='word_1_120' title='bbox 802 2174 1044 2255; x_wconf 87' lang='lat' dir='ltr'>teque,</span> <span class='ocrx_word' id='word_1_121' title='bbox 1068 2181 1300 2255; x_wconf 87' lang='lat' dir='ltr'>quum</span> <span class='ocrx_word' id='word_1_122' title='bbox 1325 2155 1462 2227; x_wconf 86' lang='lat' dir='ltr'>tibi</span> <span class='ocrx_word' id='word_1_123' title='bbox 1479 2212 1498 2243; x_wconf 87' lang='lat'>‚</span> <span class='ocrx_word' id='word_1_124' title='bbox 1540 2172 1787 2229; x_wconf 85' lang='lat' dir='ltr'>utrum</span> <span class='ocrx_word' id='word_1_125' title='bbox 1814 2158 2029 2231; x_wconf 84' lang='lat' dir='ltr'>velles</span> <span class='ocrx_word' id='word_1_126' title='bbox 2046 2214 2066 2249; x_wconf 87' lang='lat'>‚</span> <span class='ocrx_word' id='word_1_127' title='bbox 2088 2160 2427 2249; x_wconf 67' lang='lat' dir='ltr'>liceretu,</span> <span class='ocrx_word' id='word_1_128' title='bbox 2458 2158 2658 2231; x_wconf 88' lang='lat' dir='ltr'>dicti-</span> 
     </span>
     <span class='ocr_line' id='line_1_18' title="bbox 519 2265 2654 2366; baseline -0 -25"><span class='ocrx_word' id='word_1_129' title='bbox 519 2271 713 2358; x_wconf 87' lang='lat' dir='ltr'>taris,</span> <span class='ocrx_word' id='word_1_130' title='bbox 729 2291 1014 2340; x_wconf 85' lang='lat' dir='ltr'>causam</span> <span class='ocrx_word' id='word_1_131' title='bbox 1033 2265 1270 2337; x_wconf 86' lang='lat' dir='ltr'>dicere</span> <span class='ocrx_word' id='word_1_132' title='bbox 1295 2267 1631 2338; x_wconf 86' lang='lat' dir='ltr'>maluisse</span> <span class='ocrx_word' id='word_1_133' title='bbox 1650 2294 1667 2336; x_wconf 77' lang='lat' dir='ltr'><strong><em>z</em></strong></span> <span class='ocrx_word' id='word_1_134' title='bbox 1686 2265 1815 2366; x_wconf 87' lang='lat' dir='ltr'>qui</span> <span class='ocrx_word' id='word_1_135' title='bbox 1833 2285 2402 2342; x_wconf 86' lang='lat' dir='ltr'>consentaneum</span> <span class='ocrx_word' id='word_1_136' title='bbox 2414 2268 2654 2358; x_wconf 86' lang='lat' dir='ltr'>fuerit,</span> 
     </span>
     <span class='ocr_line' id='line_1_19' title="bbox 519 2375 2653 2480; baseline 0 -28"><span class='ocrx_word' id='word_1_137' title='bbox 519 2403 747 2480; x_wconf 90' lang='lat' dir='ltr'>quum</span> <span class='ocrx_word' id='word_1_138' title='bbox 787 2379 1164 2477; x_wconf 85' lang='lat' dir='ltr'>legationis</span> <span class='ocrx_word' id='word_1_139' title='bbox 1201 2375 1535 2476; x_wconf 84' lang='lat' dir='ltr'>perfugio</span> <span class='ocrx_word' id='word_1_140' title='bbox 1568 2380 1673 2448; x_wconf 91' lang='lat' dir='ltr'>uti</span> <span class='ocrx_word' id='word_1_141' title='bbox 1706 2379 2653 2480; x_wconf 79' lang='lat' dir='ltr'>noluisses‚appellatione¹²</span> 
     </span>
     <span class='ocr_line' id='line_1_20' title="bbox 513 2485 2569 2588; baseline -0.001 -25"><span class='ocrx_word' id='word_1_142' title='bbox 513 2489 1042 2588; x_wconf 85' lang='lat' dir='ltr'>improbissima</span> <span class='ocrx_word' id='word_1_143' title='bbox 1079 2500 1148 2557; x_wconf 86' lang='lat' dir='ltr'>te</span> <span class='ocrx_word' id='word_1_144' title='bbox 1195 2485 1286 2556; x_wconf 90' lang='lat' dir='ltr'>ad</span> <span class='ocrx_word' id='word_1_145' title='bbox 1327 2487 1680 2574; x_wconf 81' lang='lat' dir='ltr'>auxilium</span> <span class='ocrx_word' id='word_1_146' title='bbox 1723 2486 2079 2560; x_wconf 86' lang='lat' dir='ltr'>nefarium</span> <span class='ocrx_word' id='word_1_147' title='bbox 2116 2488 2569 2586; x_wconf 84' lang='lat' dir='ltr'>confugisse?</span> 
     </span>
     <span class='ocr_line' id='line_1_21' title="bbox 612 2593 2647 2692; baseline 0 -23"><span class='ocrx_word' id='word_1_148' title='bbox 612 2601 766 2670; x_wconf 88' lang='lat' dir='ltr'>XV.</span> <span class='ocrx_word' id='word_1_149' title='bbox 813 2599 902 2665; x_wconf 91' lang='lat' dir='ltr'>Et</span> <span class='ocrx_word' id='word_1_150' title='bbox 951 2597 1300 2692; x_wconf 88' lang='lat' dir='ltr'>quoniam</span> <span class='ocrx_word' id='word_1_151' title='bbox 1337 2593 1717 2692; x_wconf 85' lang='lat' dir='ltr'>legationis</span> <span class='ocrx_word' id='word_1_152' title='bbox 1771 2611 1911 2670; x_wconf 71' lang='lat' dir='ltr'>tuae</span> <span class='ocrx_word' id='word_1_153' title='bbox 1961 2595 2145 2670; x_wconf 84' lang='lat' dir='ltr'>facta</span> <span class='ocrx_word' id='word_1_154' title='bbox 2189 2602 2464 2671; x_wconf 89' lang='lat' dir='ltr'>mentio</span> <span class='ocrx_word' id='word_1_155' title='bbox 2500 2611 2647 2688; x_wconf 86' lang='lat' dir='ltr'>est,</span> 
     </span>
     <span class='ocr_line' id='line_1_22' title="bbox 524 2702 2654 2802; baseline 0.001 -24"><span class='ocrx_word' id='word_1_156' title='bbox 524 2708 690 2778; x_wconf 84' lang='lat' dir='ltr'>volo</span> <span class='ocrx_word' id='word_1_157' title='bbox 717 2708 933 2776; x_wconf 85' lang='lat' dir='ltr'>etiam</span> <span class='ocrx_word' id='word_1_158' title='bbox 971 2702 1220 2775; x_wconf 88' lang='lat' dir='ltr'>audire</span> <span class='ocrx_word' id='word_1_159' title='bbox 1263 2703 1351 2774; x_wconf 90' lang='lat' dir='ltr'>de</span> <span class='ocrx_word' id='word_1_160' title='bbox 1382 2719 1492 2792; x_wconf 89' lang='lat' dir='ltr'>te,</span> <span class='ocrx_word' id='word_1_161' title='bbox 1521 2729 1674 2802; x_wconf 90' lang='lat' dir='ltr'>quo</span> <span class='ocrx_word' id='word_1_162' title='bbox 1704 2706 1997 2779; x_wconf 89' lang='lat' dir='ltr'>tandem</span> <span class='ocrx_word' id='word_1_163' title='bbox 2026 2710 2654 2782; x_wconf 85' lang='lat' dir='ltr'>senatusconsulto</span> 
     </span>
     <span class='ocr_line' id='line_1_23' title="bbox 519 2813 2655 2917; baseline 0.001 -27"><span class='ocrx_word' id='word_1_164' title='bbox 519 2819 794 2916; x_wconf 84' lang='lat' dir='ltr'>legatus</span> <span class='ocrx_word' id='word_1_165' title='bbox 823 2813 964 2886; x_wconf 84' lang='lat' dir='ltr'>sis?</span> <span class='ocrx_word' id='word_1_166' title='bbox 1008 2817 1119 2885; x_wconf 93' lang='lat' dir='ltr'>De</span> <span class='ocrx_word' id='word_1_167' title='bbox 1158 2828 1368 2910; x_wconf 88' lang='lat' dir='ltr'>gestu</span> <span class='ocrx_word' id='word_1_168' title='bbox 1403 2814 1728 2914; x_wconf 85' lang='lat' dir='ltr'>intelligo</span> <span class='ocrx_word' id='word_1_169' title='bbox 1770 2817 1949 2916; x_wconf 87' lang='lat' dir='ltr'>quid</span> <span class='ocrx_word' id='word_1_170' title='bbox 1988 2819 2423 2917; x_wconf 85' lang='lat' dir='ltr'>respondeas</span> <span class='ocrx_word' id='word_1_171' title='bbox 2456 2847 2475 2890; x_wconf 77' lang='grc' dir='ltr'><strong><em>ε</em></strong></span> <span class='ocrx_word' id='word_1_172' title='bbox 2528 2833 2655 2892; x_wconf 81' lang='lat' dir='ltr'>tua</span> 
     </span>
     <span class='ocr_line' id='line_1_24' title="bbox 519 2924 2659 3028; baseline -0 -28"><span class='ocrx_word' id='word_1_173' title='bbox 519 2930 747 3026; x_wconf 83' lang='lat' dir='ltr'>lege¹,</span> <span class='ocrx_word' id='word_1_174' title='bbox 803 2925 999 2996; x_wconf 75' lang='lat' dir='ltr'>dicis,</span> <span class='ocrx_word' id='word_1_175' title='bbox 1030 2929 1220 2996; x_wconf 88' lang='lat' dir='ltr'>Esne</span> <span class='ocrx_word' id='word_1_176' title='bbox 1257 2924 1476 3022; x_wconf 82' lang='lat' dir='ltr'>igitur</span> <span class='ocrx_word' id='word_1_177' title='bbox 1510 2929 1757 3026; x_wconf 64' lang='lat' dir='ltr'>patriae</span> <span class='ocrx_word' id='word_1_178' title='bbox 1794 2930 2230 3002; x_wconf 81' lang='lat' dir='ltr'>certissimus</span> <span class='ocrx_word' id='word_1_179' title='bbox 2268 2928 2659 3028; x_wconf 76' lang='lat' dir='ltr'>parricida?</span> 
     </span>
    </p>
   </div>
   <div class='ocr_carea' id='block_1_3' title="bbox 468 3071 1550 4187">
    <p class='ocr_par' dir='ltr' id='par_1_3' title="bbox 468 3071 1550 3954">
     <span class='ocr_line' id='line_1_25' title="bbox 593 3071 1549 3161; baseline -0.004 -14"><span class='ocrx_word' id='word_1_180' title='bbox 593 3115 620 3161; x_wconf 83' lang='lat'><em>7</em></span> <span class='ocrx_word' id='word_1_181' title='bbox 631 3131 646 3147; x_wconf 89' lang='lat'><strong>.</strong></span> <span class='ocrx_word' id='word_1_182' title='bbox 673 3097 835 3144; x_wconf 76' lang='lat' dir='ltr'>Urnas</span> <span class='ocrx_word' id='word_1_183' title='bbox 850 3090 1094 3158; x_wconf 69' lang='lat' dir='ltr'>delegerit.</span> <span class='ocrx_word' id='word_1_184' title='bbox 1113 3093 1193 3140; x_wconf 85' lang='lat' dir='ltr'>Sic</span> <span class='ocrx_word' id='word_1_185' title='bbox 1210 3092 1334 3142; x_wconf 78' lang='lat' dir='ltr'>MSS</span> <span class='ocrx_word' id='word_1_186' title='bbox 1355 3071 1549 3159; x_wconf 68' lang='lat' dir='ltr'>plut-0⁸3</span> 
     </span>
     <span class='ocr_line' id='line_1_26' title="bbox 521 3171 1550 3242; baseline -0.004 -16"><span class='ocrx_word' id='word_1_187' title='bbox 521 3178 608 3228; x_wconf 81' lang='lat' dir='ltr'>sed</span> <span class='ocrx_word' id='word_1_188' title='bbox 633 3173 832 3242; x_wconf 82' lang='lat' dir='ltr'>quidam</span> <span class='ocrx_word' id='word_1_189' title='bbox 857 3172 1032 3238; x_wconf 82' lang='lat' dir='ltr'>pauci,</span> <span class='ocrx_word' id='word_1_190' title='bbox 1058 3171 1284 3220; x_wconf 67' lang='lat' dir='ltr'>deleverit</span> <span class='ocrx_word' id='word_1_191' title='bbox 1299 3186 1320 3217; x_wconf 92' lang='lat'>.·</span> <span class='ocrx_word' id='word_1_192' title='bbox 1343 3183 1550 3238; x_wconf 79' lang='lat' dir='ltr'>utraque</span> 
     </span>
     <span class='ocr_line' id='line_1_27' title="bbox 521 3249 1549 3316; baseline -0.011 -10"><span class='ocrx_word' id='word_1_193' title='bbox 521 3273 620 3306; x_wconf 77' lang='lat' dir='ltr'>vox</span> <span class='ocrx_word' id='word_1_194' title='bbox 631 3256 762 3304; x_wconf 79' lang='lat' dir='ltr'>idem</span> <span class='ocrx_word' id='word_1_195' title='bbox 773 3249 1032 3316; x_wconf 75' lang='lat' dir='ltr'>significat,</span> <span class='ocrx_word' id='word_1_196' title='bbox 1051 3265 1226 3316; x_wconf 79' lang='lat' dir='ltr'>nempe</span> <span class='ocrx_word' id='word_1_197' title='bbox 1229 3249 1426 3315; x_wconf 67' lang='lat' dir='ltr'>judicia</span> <span class='ocrx_word' id='word_1_198' title='bbox 1437 3267 1549 3300; x_wconf 74' lang='lat' dir='ltr'>cot.</span> 
     </span>
     <span class='ocr_line' id='line_1_28' title="bbox 521 3329 1549 3399; baseline -0.005 -14"><span class='ocrx_word' id='word_1_199' title='bbox 521 3336 717 3399; x_wconf 81' lang='lat' dir='ltr'>rumpi,</span> <span class='ocrx_word' id='word_1_200' title='bbox 755 3331 838 3380; x_wconf 78' lang='lat' dir='ltr'>vel</span> <span class='ocrx_word' id='word_1_201' title='bbox 877 3329 1157 3379; x_wconf 67' lang='lat' dir='ltr'>disturbari,</span> <span class='ocrx_word' id='word_1_202' title='bbox 1195 3329 1325 3378; x_wconf 81' lang='lat' dir='ltr'>Nam</span> <span class='ocrx_word' id='word_1_203' title='bbox 1363 3343 1549 3395; x_wconf 67' lang='lat' dir='ltr'>prator</span> 
     </span>
     <span class='ocr_line' id='line_1_29' title="bbox 515 3407 1547 3478; baseline -0.005 -15"><span class='ocrx_word' id='word_1_204' title='bbox 515 3415 708 3478; x_wconf 72' lang='lat' dir='ltr'>judice·</span> <span class='ocrx_word' id='word_1_205' title='bbox 737 3425 866 3458; x_wconf 78' lang='lat' dir='ltr'>uma</span> <span class='ocrx_word' id='word_1_206' title='bbox 907 3407 1231 3468; x_wconf 69' lang='lat' dir='ltr'>sortiebatur,</span> <span class='ocrx_word' id='word_1_207' title='bbox 1272 3419 1321 3456; x_wconf 87' lang='lat' dir='ltr'>et</span> <span class='ocrx_word' id='word_1_208' title='bbox 1359 3409 1458 3473; x_wconf 82' lang='lat' dir='ltr'>ipai</span> <span class='ocrx_word' id='word_1_209' title='bbox 1491 3410 1547 3458; x_wconf 82' lang='lat' dir='ltr'>in</span> 
     </span>
     <span class='ocr_line' id='line_1_30' title="bbox 518 3487 1549 3552; baseline -0.006 -10"><span class='ocrx_word' id='word_1_210' title='bbox 518 3507 699 3542; x_wconf 77' lang='lat' dir='ltr'>amam</span> <span class='ocrx_word' id='word_1_211' title='bbox 741 3488 974 3552; x_wconf 71' lang='lat' dir='ltr'>suffragia</span> <span class='ocrx_word' id='word_1_212' title='bbox 1019 3487 1368 3548; x_wconf 71' lang='lat' dir='ltr'>conjiciebant.</span> <span class='ocrx_word' id='word_1_213' title='bbox 1415 3489 1549 3536; x_wconf 78' lang='lat' dir='ltr'>Hinc</span> 
     </span>
     <span class='ocr_line' id='line_1_31' title="bbox 520 3566 1547 3639; baseline -0.008 -17"><span class='ocrx_word' id='word_1_214' title='bbox 520 3589 603 3639; x_wconf 82' lang='lat' dir='ltr'>ap.</span> <span class='ocrx_word' id='word_1_215' title='bbox 621 3573 804 3620; x_wconf 77' lang='lat' dir='ltr'>Juven.</span> <span class='ocrx_word' id='word_1_216' title='bbox 819 3569 970 3630; x_wconf 70' lang='lat' dir='ltr'>gratia</span> <span class='ocrx_word' id='word_1_217' title='bbox 983 3567 1207 3630; x_wconf 64' lang='lat' dir='ltr'>pretoria</span> <span class='ocrx_word' id='word_1_218' title='bbox 1221 3566 1444 3630; x_wconf 80' lang='lat' dir='ltr'>improba</span> <span class='ocrx_word' id='word_1_219' title='bbox 1468 3583 1547 3614; x_wconf 74' lang='lat' dir='ltr'>un-</span> 
     </span>
     <span class='ocr_line' id='line_1_32' title="bbox 468 3645 1549 3716; baseline -0.01 -15"><span class='ocrx_word' id='word_1_220' title='bbox 468 3709 479 3716; x_wconf 50' lang='lat'><em>,</em></span> <span class='ocrx_word' id='word_1_221' title='bbox 524 3667 644 3701; x_wconf 78' lang='lat' dir='ltr'>nam</span> <span class='ocrx_word' id='word_1_222' title='bbox 667 3648 870 3698; x_wconf 58' lang='lat' dir='ltr'>«tinem</span> <span class='ocrx_word' id='word_1_223' title='bbox 889 3645 1086 3703; x_wconf 72' lang='lat' dir='ltr'>dieitur,</span> <span class='ocrx_word' id='word_1_224' title='bbox 1109 3659 1260 3708; x_wconf 78' lang='lat' dir='ltr'>quum</span> <span class='ocrx_word' id='word_1_225' title='bbox 1283 3656 1454 3693; x_wconf 80' lang='lat' dir='ltr'>contra</span> <span class='ocrx_word' id='word_1_226' title='bbox 1466 3647 1549 3707; x_wconf 71' lang='lat' dir='ltr'>jn.</span> 
     </span>
     <span class='ocr_line' id='line_1_33' title="bbox 523 3723 1548 3791; baseline -0.013 -13"><span class='ocrx_word' id='word_1_227' title='bbox 523 3729 684 3786; x_wconf 59' lang='lat' dir='ltr'>valen</span> <span class='ocrx_word' id='word_1_228' title='bbox 707 3741 860 3791; x_wconf 83' lang='lat' dir='ltr'>quum</span> <span class='ocrx_word' id='word_1_229' title='bbox 892 3726 1092 3773; x_wconf 79' lang='lat' dir='ltr'>nomina</span> <span class='ocrx_word' id='word_1_230' title='bbox 1115 3723 1339 3784; x_wconf 80' lang='lat' dir='ltr'>judicum</span> <span class='ocrx_word' id='word_1_231' title='bbox 1363 3733 1414 3772; x_wconf 88' lang='lat' dir='ltr'>et</span> <span class='ocrx_word' id='word_1_232' title='bbox 1433 3741 1548 3774; x_wconf 67' lang='grc' dir='ltr'><strong>κῃ..</strong></span> 
     </span>
     <span class='ocr_line' id='line_1_34' title="bbox 520 3802 1547 3868; baseline -0.016 -9"><span class='ocrx_word' id='word_1_233' title='bbox 520 3810 698 3859; x_wconf 76' lang='lat' dir='ltr'>tentiae</span> <span class='ocrx_word' id='word_1_234' title='bbox 723 3807 854 3854; x_wconf 68' lang='lat' dir='ltr'>staua</span> <span class='ocrx_word' id='word_1_235' title='bbox 879 3803 958 3853; x_wconf 83' lang='lat' dir='ltr'>vel</span> <span class='ocrx_word' id='word_1_236' title='bbox 980 3818 1104 3852; x_wconf 80' lang='lat' dir='ltr'>urna</span> <span class='ocrx_word' id='word_1_237' title='bbox 1132 3802 1398 3868; x_wconf 40' lang='lat' dir='ltr'>deligenda</span> <span class='ocrx_word' id='word_1_238' title='bbox 1427 3819 1547 3854; x_wconf 77' lang='lat' dir='ltr'>cor..</span> 
     </span>
     <span class='ocr_line' id='line_1_35' title="bbox 521 3882 1547 3954; baseline -0.003 -19"><span class='ocrx_word' id='word_1_239' title='bbox 521 3888 708 3954; x_wconf 70' lang='lat' dir='ltr'>rumpit</span> <span class='ocrx_word' id='word_1_240' title='bbox 718 3922 735 3950; x_wconf 87' lang='lat'><strong><em>‚</em></strong></span> <span class='ocrx_word' id='word_1_241' title='bbox 759 3885 838 3934; x_wconf 81' lang='lat' dir='ltr'>vel</span> <span class='ocrx_word' id='word_1_242' title='bbox 856 3883 1070 3933; x_wconf 76' lang='lat' dir='ltr'>delenda</span> <span class='ocrx_word' id='word_1_243' title='bbox 1087 3883 1282 3947; x_wconf 72' lang='lat' dir='ltr'>penitus</span> <span class='ocrx_word' id='word_1_244' title='bbox 1297 3882 1547 3936; x_wconf 78' lang='lat' dir='ltr'>obliterat.</span> 
     </span>
    </p>

    <p class='ocr_par' dir='ltr' id='par_1_4' title="bbox 517 3960 1547 4108">
     <span class='ocr_line' id='line_1_36' title="bbox 591 3960 1547 4025; baseline -0.005 -10"><span class='ocrx_word' id='word_1_245' title='bbox 591 3971 646 4017; x_wconf 73' lang='lat'>⁸.</span> <span class='ocrx_word' id='word_1_246' title='bbox 669 3969 791 4014; x_wconf 74' lang='lat' dir='ltr'>Sane</span> <span class='ocrx_word' id='word_1_247' title='bbox 809 3961 1086 4011; x_wconf 76' lang='lat' dir='ltr'>constituta.</span> <span class='ocrx_word' id='word_1_248' title='bbox 1111 3961 1236 4010; x_wconf 77' lang='lat' dir='ltr'>Nam</span> <span class='ocrx_word' id='word_1_249' title='bbox 1257 3960 1420 4025; x_wconf 74' lang='lat' dir='ltr'>legum</span> <span class='ocrx_word' id='word_1_250' title='bbox 1439 3964 1547 4012; x_wconf 78' lang='lat' dir='ltr'>vio-</span> 
     </span>
     <span class='ocr_line' id='line_1_37' title="bbox 517 4039 1424 4108; baseline -0.007 -11"><span class='ocrx_word' id='word_1_251' title='bbox 517 4047 696 4096; x_wconf 74' lang='lat' dir='ltr'>latione</span> <span class='ocrx_word' id='word_1_252' title='bbox 723 4041 938 4108; x_wconf 75' lang='lat' dir='ltr'>populus</span> <span class='ocrx_word' id='word_1_253' title='bbox 965 4055 1164 4104; x_wconf 83' lang='lat' dir='ltr'>quoque</span> <span class='ocrx_word' id='word_1_254' title='bbox 1191 4039 1424 4091; x_wconf 79' lang='lat' dir='ltr'>violatur.</span> 
     </span>
    </p>

    <p class='ocr_par' dir='ltr' id='par_1_5' title="bbox 587 4118 1544 4187">
     <span class='ocr_line' id='line_1_38' title="bbox 587 4118 1544 4187; baseline -0.001 -16"><span class='ocrx_word' id='word_1_255' title='bbox 587 4141 640 4187; x_wconf 83' lang='lat'>9.</span> <span class='ocrx_word' id='word_1_256' title='bbox 701 4119 898 4169; x_wconf 71' lang='lat' dir='ltr'>Indices</span> <span class='ocrx_word' id='word_1_257' title='bbox 953 4118 1294 4182; x_wconf 67' lang='lat' dir='ltr'>quaestionum.</span> <span class='ocrx_word' id='word_1_258' title='bbox 1343 4118 1544 4172; x_wconf 78' lang='lat' dir='ltr'>Tantua</span> 
     </span>
    </p>
   </div>
   <div class='ocr_carea' id='block_1_4' title="bbox 1624 3096 2658 4187">
    <p class='ocr_par' dir='ltr' id='par_1_6' title="bbox 1624 3096 2658 4187">
     <span class='ocr_line' id='line_1_39' title="bbox 1636 3096 2657 3159; baseline 0.002 -15"><span class='ocrx_word' id='word_1_259' title='bbox 1636 3097 1731 3144; x_wconf 82' lang='lat' dir='ltr'>fnit</span> <span class='ocrx_word' id='word_1_260' title='bbox 1766 3096 1850 3146; x_wconf 86' lang='lat' dir='ltr'>ille</span> <span class='ocrx_word' id='word_1_261' title='bbox 1884 3098 2157 3159; x_wconf 71' lang='lat' dir='ltr'>tumultun,</span> <span class='ocrx_word' id='word_1_262' title='bbox 2188 3109 2247 3147; x_wconf 82' lang='lat' dir='ltr'>ut</span> <span class='ocrx_word' id='word_1_263' title='bbox 2272 3111 2379 3147; x_wconf 82' lang='lat' dir='ltr'>non</span> <span class='ocrx_word' id='word_1_264' title='bbox 2402 3098 2552 3148; x_wconf 85' lang='lat' dir='ltr'>modo</span> <span class='ocrx_word' id='word_1_265' title='bbox 2580 3098 2657 3158; x_wconf 78' lang='lat' dir='ltr'>in·</span> 
     </span>
     <span class='ocr_line' id='line_1_40' title="bbox 1636 3174 2658 3242; baseline 0.001 -19"><span class='ocrx_word' id='word_1_266' title='bbox 1636 3174 1769 3224; x_wconf 72' lang='lat' dir='ltr'>dicen</span> <span class='ocrx_word' id='word_1_267' title='bbox 1786 3176 1871 3240; x_wconf 84' lang='lat' dir='ltr'>qui</span> <span class='ocrx_word' id='word_1_268' title='bbox 1898 3175 1963 3225; x_wconf 78' lang='lat' dir='ltr'>de</span> <span class='ocrx_word' id='word_1_269' title='bbox 1978 3187 2065 3226; x_wconf 86' lang='lat' dir='ltr'>tna</span> <span class='ocrx_word' id='word_1_270' title='bbox 2088 3193 2229 3226; x_wconf 73' lang='lat' dir='ltr'>causa</span> <span class='ocrx_word' id='word_1_271' title='bbox 2250 3177 2481 3242; x_wconf 66' lang='lat' dir='ltr'>agebant,</span> <span class='ocrx_word' id='word_1_272' title='bbox 2500 3175 2586 3225; x_wconf 74' lang='lat' dir='ltr'>aed</span> <span class='ocrx_word' id='word_1_273' title='bbox 2606 3183 2658 3225; x_wconf 87' lang='lat' dir='ltr'>et</span> 
     </span>
     <span class='ocr_line' id='line_1_41' title="bbox 1636 3255 2654 3320; baseline 0.002 -18"><span class='ocrx_word' id='word_1_274' title='bbox 1636 3255 1784 3302; x_wconf 81' lang='lat' dir='ltr'>ceteri</span> <span class='ocrx_word' id='word_1_275' title='bbox 1810 3271 1977 3304; x_wconf 72' lang='lat' dir='ltr'>omne·</span> <span class='ocrx_word' id='word_1_276' title='bbox 2006 3257 2093 3320; x_wconf 82' lang='lat' dir='ltr'>qni</span> <span class='ocrx_word' id='word_1_277' title='bbox 2114 3260 2167 3305; x_wconf 85' lang='lat' dir='ltr'>in</span> <span class='ocrx_word' id='word_1_278' title='bbox 2189 3257 2299 3312; x_wconf 74' lang='lat' dir='ltr'>foro</span> <span class='ocrx_word' id='word_1_279' title='bbox 2322 3257 2503 3318; x_wconf 82' lang='lat' dir='ltr'>judicia</span> <span class='ocrx_word' id='word_1_280' title='bbox 2524 3271 2654 3304; x_wconf 68' lang='lat' dir='ltr'>exeo·</span> 
     </span>
     <span class='ocr_line' id='line_1_42' title="bbox 1634 3333 2613 3395; baseline 0.002 -13"><span class='ocrx_word' id='word_1_281' title='bbox 1634 3333 1829 3395; x_wconf 73' lang='lat' dir='ltr'>cebant,</span> <span class='ocrx_word' id='word_1_282' title='bbox 1840 3335 2027 3385; x_wconf 80' lang='lat' dir='ltr'>fuerint</span> <span class='ocrx_word' id='word_1_283' title='bbox 2042 3351 2069 3384; x_wconf 92' lang='lat' dir='ltr'>a</span> <span class='ocrx_word' id='word_1_284' title='bbox 2090 3337 2333 3386; x_wconf 71' lang='lat' dir='ltr'>eubaelliia</span> <span class='ocrx_word' id='word_1_285' title='bbox 2352 3335 2613 3384; x_wconf 78' lang='lat' dir='ltr'>deturbati.</span> 
     </span>
     <span class='ocr_line' id='line_1_43' title="bbox 1714 3414 2650 3480; baseline 0.001 -19"><span class='ocrx_word' id='word_1_286' title='bbox 1714 3427 1789 3462; x_wconf 79' lang='lat' dir='ltr'>to.</span> <span class='ocrx_word' id='word_1_287' title='bbox 1816 3414 1931 3472; x_wconf 79' lang='lat' dir='ltr'>Hic,</span> <span class='ocrx_word' id='word_1_288' title='bbox 1966 3425 2025 3463; x_wconf 81' lang='lat' dir='ltr'>ut</span> <span class='ocrx_word' id='word_1_289' title='bbox 2064 3416 2273 3480; x_wconf 72' lang='lat' dir='ltr'>passim,</span> <span class='ocrx_word' id='word_1_290' title='bbox 2316 3415 2488 3463; x_wconf 78' lang='lat' dir='ltr'>lacuna</span> <span class='ocrx_word' id='word_1_291' title='bbox 2516 3424 2650 3474; x_wconf 86' lang='lat' dir='ltr'>erat,</span> 
     </span>
     <span class='ocr_line' id='line_1_44' title="bbox 1635 3491 2653 3556; baseline 0.004 -16"><span class='ocrx_word' id='word_1_292' title='bbox 1635 3491 1829 3556; x_wconf 73' lang='lat' dir='ltr'>expleta</span> <span class='ocrx_word' id='word_1_293' title='bbox 1872 3493 2085 3556; x_wconf 76' lang='lat' dir='ltr'>prinum</span> <span class='ocrx_word' id='word_1_294' title='bbox 2128 3494 2183 3540; x_wconf 79' lang='lat' dir='ltr'>in</span> <span class='ocrx_word' id='word_1_295' title='bbox 2220 3493 2336 3542; x_wconf 83' lang='lat' dir='ltr'>edit.</span> <span class='ocrx_word' id='word_1_296' title='bbox 2378 3491 2653 3544; x_wconf 68' lang='lat' dir='ltr'>camari.</span> 
     </span>
     <span class='ocr_line' id='line_1_45' title="bbox 1712 3571 2653 3638; baseline 0.002 -20"><span class='ocrx_word' id='word_1_297' title='bbox 1712 3586 1733 3618; x_wconf 91' lang='grc' dir='ltr'><strong>ι</strong></span> <span class='ocrx_word' id='word_1_298' title='bbox 1750 3587 1793 3620; x_wconf 76' lang='grc' dir='ltr'>ι.</span> <span class='ocrx_word' id='word_1_299' title='bbox 1820 3571 2018 3622; x_wconf 75' lang='lat' dir='ltr'>Licet-et.</span> <span class='ocrx_word' id='word_1_300' title='bbox 2056 3575 2177 3622; x_wconf 82' lang='lat' dir='ltr'>Jnre</span> <span class='ocrx_word' id='word_1_301' title='bbox 2210 3574 2467 3638; x_wconf 68' lang='lat' dir='ltr'>legationis</span> <span class='ocrx_word' id='word_1_302' title='bbox 2494 3586 2509 3622; x_wconf 75' lang='grc' dir='ltr'><strong><em>ε</em></strong></span> <span class='ocrx_word' id='word_1_303' title='bbox 2544 3587 2653 3620; x_wconf 77' lang='lat' dir='ltr'>nam</span> 
     </span>
     <span class='ocr_line' id='line_1_46' title="bbox 1636 3651 2656 3715; baseline 0.001 -17"><span class='ocrx_word' id='word_1_304' title='bbox 1636 3651 1719 3714; x_wconf 80' lang='lat' dir='ltr'>qui</span> <span class='ocrx_word' id='word_1_305' title='bbox 1748 3651 2029 3715; x_wconf 62' lang='lat' dir='ltr'>reipublicae</span> <span class='ocrx_word' id='word_1_306' title='bbox 2048 3667 2190 3700; x_wconf 68' lang='lat' dir='ltr'>earm</span> <span class='ocrx_word' id='word_1_307' title='bbox 2215 3653 2430 3714; x_wconf 69' lang='lat' dir='ltr'>abesset,</span> <span class='ocrx_word' id='word_1_308' title='bbox 2456 3667 2567 3700; x_wconf 72' lang='lat' dir='ltr'>en-</span> <span class='ocrx_word' id='word_1_309' title='bbox 2592 3665 2656 3698; x_wconf 73' lang='lat' dir='ltr'>ne</span> 
     </span>
     <span class='ocr_line' id='line_1_47' title="bbox 1634 3729 2653 3795; baseline 0 -19"><span class='ocrx_word' id='word_1_310' title='bbox 1634 3743 1813 3778; x_wconf 73' lang='lat' dir='ltr'>vocare</span> <span class='ocrx_word' id='word_1_311' title='bbox 1842 3729 1893 3776; x_wconf 87' lang='lat' dir='ltr'>in</span> <span class='ocrx_word' id='word_1_312' title='bbox 1924 3729 2165 3795; x_wconf 78' lang='lat' dir='ltr'>judicium</span> <span class='ocrx_word' id='word_1_313' title='bbox 2202 3731 2371 3780; x_wconf 78' lang='lat' dir='ltr'>liceret</span> <span class='ocrx_word' id='word_1_314' title='bbox 2388 3767 2403 3792; x_wconf 86' lang='lat'>‚</span> <span class='ocrx_word' id='word_1_315' title='bbox 2426 3729 2653 3780; x_wconf 76' lang='lat' dir='ltr'>Memmia</span> 
     </span>
     <span class='ocr_line' id='line_1_48' title="bbox 1624 3808 2653 3872; baseline 0.001 -17"><span class='ocrx_word' id='word_1_316' title='bbox 1624 3808 1739 3872; x_wconf 67' lang='lat' dir='ltr'>‚lege</span> <span class='ocrx_word' id='word_1_317' title='bbox 1762 3809 1999 3857; x_wconf 79' lang='lat' dir='ltr'>aaneitnm</span> <span class='ocrx_word' id='word_1_318' title='bbox 2025 3821 2142 3860; x_wconf 75' lang='lat' dir='ltr'>erat.</span> <span class='ocrx_word' id='word_1_319' title='bbox 2164 3811 2311 3860; x_wconf 79' lang='lat' dir='ltr'>Conf.</span> <span class='ocrx_word' id='word_1_320' title='bbox 2328 3810 2493 3859; x_wconf 70' lang='lat' dir='ltr'>Valet.</span> <span class='ocrx_word' id='word_1_321' title='bbox 2512 3811 2653 3858; x_wconf 72' lang='lat' dir='ltr'>Max.</span> 
     </span>
     <span class='ocr_line' id='line_1_49' title="bbox 1632 3885 2059 3954; baseline 0.007 -19"><span class='ocrx_word' id='word_1_322' title='bbox 1632 3885 1721 3936; x_wconf 84' lang='lat' dir='ltr'>lib.</span> <span class='ocrx_word' id='word_1_323' title='bbox 1740 3889 1815 3936; x_wconf 87' lang='lat'>111</span> <span class='ocrx_word' id='word_1_324' title='bbox 1830 3923 1847 3948; x_wconf 90' lang='lat'>,</span> <span class='ocrx_word' id='word_1_325' title='bbox 1876 3903 1985 3952; x_wconf 80' lang='lat' dir='ltr'>cap.</span> <span class='ocrx_word' id='word_1_326' title='bbox 2004 3903 2059 3954; x_wconf 84' lang='lat'>7.</span> 
     </span>
     <span class='ocr_line' id='line_1_50' title="bbox 1708 3964 2653 4030; baseline -0.001 -18"><span class='ocrx_word' id='word_1_327' title='bbox 1708 3981 1787 4015; x_wconf 78' lang='lat' dir='ltr'>n.</span> <span class='ocrx_word' id='word_1_328' title='bbox 1821 3967 2183 4030; x_wconf 70' lang='lat' dir='ltr'>Appellatione.</span> <span class='ocrx_word' id='word_1_329' title='bbox 2226 3968 2392 4028; x_wconf 81' lang='lat' dir='ltr'><strong>Quum</strong></span> <span class='ocrx_word' id='word_1_330' title='bbox 2426 3964 2653 4016; x_wconf 77' lang='lat' dir='ltr'>Clodium</span> 
     </span>
     <span class='ocr_line' id='line_1_51' title="bbox 1632 4043 2564 4105; baseline 0.001 -13"><span class='ocrx_word' id='word_1_331' title='bbox 1632 4044 1695 4092; x_wconf 86' lang='lat' dir='ltr'>ad</span> <span class='ocrx_word' id='word_1_332' title='bbox 1722 4044 2023 4093; x_wconf 76' lang='lat' dir='ltr'>deturbanda</span> <span class='ocrx_word' id='word_1_333' title='bbox 2046 4045 2231 4105; x_wconf 71' lang='lat' dir='ltr'>iudicia</span> <span class='ocrx_word' id='word_1_334' title='bbox 2248 4043 2564 4094; x_wconf 60' lang='lat' dir='ltr'>amavisti.</span> 
     </span>
     <span class='ocr_line' id='line_1_52' title="bbox 1704 4121 2657 4187; baseline -0.003 -16"><span class='ocrx_word' id='word_1_335' title='bbox 1704 4125 1825 4172; x_wconf 74' lang='lat' dir='ltr'>XV.</span> <span class='ocrx_word' id='word_1_336' title='bbox 1858 4139 1901 4174; x_wconf 78' lang='lat' dir='ltr'>t.</span> <span class='ocrx_word' id='word_1_337' title='bbox 1933 4125 2035 4172; x_wconf 81' lang='lat' dir='ltr'>Tua</span> <span class='ocrx_word' id='word_1_338' title='bbox 2056 4124 2179 4187; x_wconf 75' lang='lat' dir='ltr'>Iege.</span> <span class='ocrx_word' id='word_1_339' title='bbox 2204 4125 2336 4172; x_wconf 79' lang='lat' dir='ltr'>Inter</span> <span class='ocrx_word' id='word_1_340' title='bbox 2364 4123 2495 4186; x_wconf 73' lang='lat' dir='ltr'>leges</span> <span class='ocrx_word' id='word_1_341' title='bbox 2516 4121 2657 4170; x_wconf 77' lang='lat' dir='ltr'>Vati-</span> 
     </span>
    </p>
   </div>
  </div>
 </body>
</html>
