2996 4694
443 386 584 459 510
1077 388 1176 456 Μ.
1229 390 1306 457 Τ.
1359 390 1935 461 CICERONIS

439 510 748 607 gitarat?
771 510 912 583 Res
937 508 1296 607 loquitur,
1319 511 1347 605 j
1355 510 1601 583 udices
1617 566 1638 600 ‚
1664 514 1855 608 ipsa,
1890 536 2051 609 quae
2074 536 2363 610 semper
2386 516 2573 586 valet

437 621 858 720 plurimum.
887 621 962 690 Si
989 618 1142 691 haec
1171 644 1322 689 non
1361 634 1559 717 gesta
1596 621 1974 712 audiretis,
2000 622 2125 693 sed
2155 624 2347 721 picta
2376 623 2575 694 vide-

437 732 612 805 retis
633 728 701 819 5;
747 747 988 803 tamen
1031 744 1412 827 appareret
1431 785 1454 817 ,
1491 744 1659 803 uter
1700 745 1887 803 esset
1940 732 2319 803 insidiator
2340 786 2360 817 ‚
2412 748 2577 805 uter

439 840 622 913 nihil
667 842 1014 937 cogitaret
1049 839 1263 926 mali,
1311 864 1539 935 quum
1586 841 1768 912 alter
1809 840 2199 912 veheretur
2231 844 2307 927 in
2348 840 2577 913 rheda

437 950 858 1052 penulam»,
892 973 1042 1021 una
1073 945 1358 1019 sederet
1387 972 1597 1020 uxor.
1634 948 1833 1039 Quid
1860 950 2127 1020 horum
2166 974 2317 1020 non
2352 952 2575 1048 impe·

439 1060 924 1134 ditissimum?
955 1060 1256 1131 vestitus
1277 1112 1297 1146 ‚
1321 1082 1414 1129 an
1445 1058 1899 1145 vehiculum,
1934 1084 2028 1131 an
2056 1060 2351 1131 comes?
2379 1060 2573 1151 Quid

439 1174 683 1241 minus
726 1182 1152 1267 promptum
1195 1166 1284 1238 ad
1349 1192 1705 1267 pugnam,
1759 1188 1989 1266 quum
2030 1168 2301 1268 penula
2338 1171 2575 1241 irreti-

437 1297 556 1353 tus
569 1278 628 1367 ⁶,
657 1278 882 1351 rheda
907 1278 1332 1376 impedituS,
1355 1302 1587 1350 uxore
1616 1304 1821 1378 paene
1848 1285 2321 1353 constrictus⁷
2350 1282 2577 1353 esset?

435 1392 696 1465 Videte
729 1413 930 1461 nunc
967 1379 1240 1475 illum⁸‚
1274 1390 1591 1487 primum
1620 1388 2111 1487 egredientem
2148 1416 2189 1461 e
2220 1390 2383 1461 villa
2402 1444 2419 1477 ‚
2452 1400 2574 1461 sib-

435 1502 637 1589 bito;
681 1499 860 1595 eur?
889 1502 1204 1596 vesperi3
1241 1497 1422 1595 quid
1459 1522 1753 1570 necesse
1784 1500 1941 1570 est?
1978 1500 2213 1588 tarde;
2250 1502 2379 1597 qui
2406 1525 2577 1571 con-

435 1613 677 1699 venit,
737 1610 812 1680 id
874 1610 1261 1707 praesertim
1309 1610 1761 1705 temporissv?
1820 1612 2147 1681 Devertit
2204 1612 2281 1679 in
2334 1610 2575 1679 villam

435 1722 783 1819 Pompeii.
823 1723 1248 1818 Pompeium
1287 1732 1372 1789 ut
1403 1717 1731 1790 videret?
1766 1720 2049 1791 Sciebat
2078 1722 2155 1789 in
2187 1720 2489 1793 Alsiensi
2510 1731 2573 1763 ¹⁰

439 1856 617 1904 esse.
683 1830 944 1902 Villam
1023 1844 1109 1900 ut
1173 1830 1663 1927 perspiceret?
1716 1830 1973 1902 Millies
2042 1834 2116 1900 in
2172 1856 2255 1902 ea
2314 1830 2571 1902 fuerat.

437 1941 634 2033 Quid
687 1966 862 2039 ergo
919 1954 1074 2012 erat
1123 1964 1342 2011 morae
1385 1954 1462 2011 et
1517 1941 2175 2039 tergiversationis?
2214 1946 2409 2011 Dum
2458 1940 2576 2011 hic

437 2054 758 2139 veniret,
802 2051 1046 2123 locum
1077 2051 1493 2147 relinquere
1538 2050 1795 2121 noluit.
2518 2062 2531 2073 ·

533 2166 722 2233 XXI.
773 2168 921 2259 Age
967 2186 1203 2248 nunc,
1243 2162 1382 2233 iter
1419 2158 1739 2259 expediti
1778 2161 2075 2231 latronis
2098 2173 2119 2205 ¹
2158 2186 2325 2232 cum
2356 2160 2569 2232 Milo-

437 2274 550 2347 nis
587 2273 1124 2372 impedimentis
1167 2284 1602 2370 comparate.
1647 2275 1947 2369 Semper
1984 2271 2103 2342 ille
2154 2286 2365 2342 antea
2406 2294 2573 2342 eum

439 2397 736 2474 uxore²‚
789 2399 946 2454 tum
985 2385 1140 2454 sine
1185 2407 1290 2454 ea.
1341 2383 1761 2478 Numquam
1814 2407 1967 2453 non
2004 2385 2081 2453 in
2117 2383 2372 2471 rheda,
2414 2399 2574 2454 tum

511 2607 566 2660 5.
605 2610 707 2658 Sed
737 2608 874 2674 picta
911 2607 1162 2658 videretis.
1197 2609 1296 2656 Rea
1335 2605 1462 2654 adeo

439 2691 570 2738 clara
601 2699 704 2748 eat,
733 2698 792 2736 ut
815 2690 858 2735 ai
889 2703 995 2736 eam
1025 2687 1188 2735 tabula
1218 2686 1463 2752 depictam

436 2767 685 2824 videretis,
711 2781 814 2814 nou
834 2765 988 2814 dubio
1009 2765 1150 2814 locus
1166 2777 1292 2814 eaaet
1309 2782 1336 2812 a
1359 2779 1462 2829 quo

437 2857 620 2912 parata2
641 2846 742 2894 aiut
769 2845 974 2894 insidia.

510 2929 566 2976 6.
603 2926 800 2976 penula
851 2924 1078 2974 irretitus.
1119 2925 1284 2973 Vestia
1331 2933 1434 2972 erat
1451 2958 1468 2984 ,

439 3023 552 3072 quat
601 3021 750 3070 aupra
813 3005 1032 3054 tunicam
1089 3002 1430 3068 accingebatur
1445 3037 1464 3065 ‚

439 3103 684 3151 quamque
729 3086 984 3135 aumebaut
1023 3085 1269 3146 vinium,
1313 3093 1370 3132 ut
1413 3099 1466 3131 ae

439 3179 610 3216 contra
653 3168 752 3214 vim
785 3166 1018 3214 imbrium
1051 3181 1110 3214 ac
1152 3165 1350 3230 frigoria
1386 3163 1466 3212 de-

437 3245 708 3295 fenderent.
732 3247 880 3294 Veate
915 3245 998 3292 iu·
1038 3243 1236 3292 brachia
1269 3259 1466 3292 coeme-

436 3323 630 3372 bantur.

511 3419 560 3462 7.
585 3401 881 3449 Constrictus
899 3412 1038 3450 esset.
1061 3401 1186 3448 Nam
1209 3415 1336 3448 uxor
1359 3415 1466 3448 mu-

435 3479 580 3528 liebri
615 3479 791 3528 timore
823 3479 1042 3544 pereulaa
1058 3512 1075 3538 ,
1107 3495 1212 3526 nou
1237 3495 1350 3528 eum
1375 3493 1464 3544 p·-

437 3559 650 3608 tiebatur
673 3558 738 3606 ad
763 3575 978 3622 pugnam
1001 3559 1308 3606 descendere.

512 3638 565 3687 8.
601 3636 770 3686 Videte
797 3653 928 3684 nunc
950 3637 1105 3685 illum.
1130 3638 1410 3700 Antequam
1433 3653 1464 3684 a

437 3716 602 3768 Clodii
625 3715 888 3764 comitibus
901 3725 952 3762 et
969 3715 1164 3770 babitu.
1189 3715 1320 3763 idem
1339 3731 1465 3779 pre·

436 3807 596 3844 aumat
621 3804 960 3859 argumentum
973 3829 990 3855 ,
1019 3792 1242 3857 qua-dam
1259 3793 1322 3841 de
1341 3805 1466 3841 tem-

437 3891 560 3938 pore
605 3871 929 3938 profectioni·
965 3874 1140 3936 repetit
1155 3905 1172 3930 ‚
1215 3888 1316 3936 quo
1351 3873 1462 3938 plna

357 3953 364 3960 ‘
437 3954 674 4002 momenti
693 3952 944 4017 sequentia
967 3951 1239 4001 obtineant.

509 4049 560 4094 9.
595 4033 666 4082 Id
691 4031 966 4097 presertim
1005 4029 1252 4096 temporis.
1289 4031 1461 4078 Mense

435 4109 624 4160 seilicet
645 4111 906 4160 februario.

1630 2622 1709 2656 xo.
1747 2607 1975 2658 Alsiensi.
2017 2610 2259 2659 Prndium
2294 2625 2451 2674 prope
2488 2609 2577 2657 Al-

1552 2687 1702 2746 aium,
1734 2689 1941 2736 Etruria
1982 2688 2244 2753 oppidum.
2292 2691 2453 2736 Loeua
2490 2687 2576 2736 ille

1550 2781 1736 2814 summa
1762 2777 1866 2814 arte
1894 2768 2113 2815 oratoria
2138 2780 2211 2816 est
2238 2768 2574 2832 compositus:

1550 2846 1727 2894 etenim
1750 2863 1903 2910 quum
1928 2845 1989 2894 de
2014 2846 2205 2894 Milone
2214 2850 2397 2911 agitur,
2415 2846 2579 2894 verbis

1550 2925 1703 2974 tardis
1757 2926 2084 2990 gravibusque
2130 2927 2326 2988 utitur3
2372 2924 2579 2974 Clodiua

1550 3015 1711 3054 autem
1732 3006 1867 3053 nouis
1886 3004 2107 3069 abruptis
2128 3004 2459 3068 brevibusque
2490 3003 2576 3053 de·

1552 3085 1803 3149 pingitur;
1838 3100 1939 3148 quo
1994 3084 2170 3133 melius
2228 3083 2577 3150 impedimenta
2636 3087 2657 3102 ⁶

1550 3163 1721 3224 buius,
1744 3163 1876 3210 illius
1912 3177 2029 3210 vero
2062 3164 2233 3212 levitas
2264 3165 2328 3213 ad
2356 3179 2573 3229 pugnam

1552 3241 1917 3297 accommodata
1936 3241 2187 3302 iudicibus
2210 3253 2493 3308 appareant.

1624 3323 1747 3369 XX.
1790 3338 1836 3369 1.
1863 3321 2101 3384 Expedita·
2132 3323 2355 3370 latronis.
2382 3321 2545 3372 Clodii
2559 3355 2575 3380 ,

1552 3400 1641 3466 qui
1672 3413 1803 3450 certe
1830 3417 1935 3448 nou
1962 3401 2308 3465 impedimenta
2334 3401 2477 3450 aolita
2502 3417 2579 3448 re·

1512 3521 1525 3530 .
1546 3481 1767 3541 jeci-net,
1794 3480 1959 3528 uiaiae
1984 3479 2046 3526 ad
2068 3497 2283 3544 pugnam
2304 3491 2357 3529 et
2378 3479 2443 3528 ad
2466 3497 2577 3528 ace·-

1552 3559 1631 3610 lua
1650 3560 1959 3609 accinxisset.
2464 3587 2527 3648 n

1624 3654 1675 3688 α.
1726 3639 1847 3687 Cum
1880 3654 2057 3687 uxore.
2100 3641 2267 3702 Quare
2312 3653 2419 3686 nou
2452 3652 2581 3684 uxor

1550 3717 1875 3764 comitabatur
1910 3715 1973 3762 de
2008 3718 2179 3764 more?
2212 3717 2330 3780 quia
2358 3715 2577 3772 scilieet,

1550 3811 1705 3859 quum
1728 3795 1967 3842 Milonem
1994 3797 2139 3843 armia
2174 3795 2373 3859 aggredi
2407 3794 2581 3842 decre-

1548 3875 1719 3931 vianet,
1738 3889 1844 3922 eam
1860 3873 1923 3921 ab
1942 3889 2189 3922 armorum
2216 3873 2433 3922 tumultu
2457 3887 2575 3937 pro·

1550 3953 1631 4000 cul
1648 3953 1973 4002 submoverat.
2056 4015 2061 4022 Ι

1624 4033 1677 4078 3.
1714 4029 1916 4078 Comites
1944 4029 2181 4079 Groectdi.
2222 4030 2365 4080 Serri
2402 4028 2578 4076 molle·

1550 4121 1603 4160 et
1630 4107 1917 4158 libidinibus
1934 4109 2239 4169 diffluentea3
2260 4123 2471 4175 quorum
2494 4107 2581 4156 alii
