2996 4694
843 364 1231 433 ORATIO
1282 363 1495 434 PRO
1544 364 1643 431 M.
1694 362 2093 446 COELIO.
2390 360 2531 460 239

392 487 689 583 gloriam
711 538 734 575 ,
769 484 1228 581 dignitatem3
1261 483 1345 555 iis
1375 497 1619 555 autem
1653 479 1791 553 fuit
1816 482 2142 552 amicitiis
2174 482 2528 577 majorum

391 610 570 666 natu
587 606 642 683 ⁷,
699 618 1019 692 quorum
1069 593 1331 663 imitari
1383 590 1809 693 industriam
1858 592 2528 691 continentiamque

394 706 702 775 maxime
738 698 1044 791 vellet⁸;
1098 702 1184 773 iis
1225 701 1610 798 aequalium
1652 699 1907 773 studiis
1926 712 1984 789 9,
2021 714 2104 771 ut
2148 700 2524 788 eumdem,

393 838 610 911 quem
678 813 940 912 optimi
991 837 1075 885 ac
1135 810 1602 897 nobilissimi,
1649 824 1895 907 petere
1942 834 2233 883 cursum
2291 811 2525 893 laudis

391 921 758 997 videretur
778 932 800 967 ¹
811 936 868 994 ⁰.
930 926 1178 1013 Quum
1233 934 1476 993 autem
1525 920 1849 1019 paullum
1896 920 2047 1015 jam
2093 920 2379 993 roboris
2410 947 2525 993 ac·-

391 1034 716 1105 cessisset
749 1035 974 1117 aetati,
1023 1032 1098 1102 in
1136 1028 1446 1103 Africam
1480 1026 1847 1129 profectus
1878 1045 2019 1117 est,
2061 1033 2151 1121 Q.
2182 1034 2526 1130 Pompeio

391 1143 813 1240 proconsuli
869 1139 1410 1213 contubernalis
1433 1148 1525 1227 ¹¹,
1592 1140 1986 1227 castissimo
2053 1142 2211 1211 viro
2234 1194 2253 1227 ,
2306 1156 2526 1237 atque

391 1252 631 1323 omnis
669 1250 888 1323 officii
935 1250 1482 1348 diligentissimo
1513 1276 1531 1317 :
1580 1250 1659 1319 in
1693 1273 1839 1346 qua
1885 1250 2255 1348 provincia
2296 1275 2527 1347 quum

390 1386 508 1433 res
566 1375 773 1433 erant
824 1374 900 1432 et
958 1362 1450 1459 possessiones
1493 1373 1814 1457 paternae
1833 1413 1855 1448 ‚
1898 1374 2052 1430 tum
2100 1362 2315 1449 etiam
2354 1386 2529 1432 usus

391 1469 693 1568 quidam
733 1470 1303 1568 provincialis&
1357 1493 1511 1540 non
1569 1473 1726 1541 sine
1778 1493 1991 1541 causa
2040 1495 2081 1541 a
2132 1470 2529 1567 majoribus

393 1580 566 1653 huic
610 1584 799 1652 aetati
861 1578 1204 1653 tributus.
1266 1581 1611 1651 Discessit
1656 1579 1855 1651 illinc
1892 1582 2215 1677 Pompeii
2252 1580 2528 1677 judicio

392 1689 972 1788 probatissimum,
1011 1704 1098 1761 ut
1144 1692 1371 1787 ipsius
1422 1691 1839 1761 testimonio
1882 1693 2345 1789 cognoscetis.
2384 1697 2532 1763 Vo-

387 1802 526 1872 luit
572 1815 811 1873 vetere
859 1800 1198 1871 instituto
1226 1796 1317 1889 ¹³,
1370 1824 1627 1872 eorum
1668 1797 2240 1871 adolescentium
2283 1825 2531 1873 exem-

392 1910 518 2008 plo
537 1964 557 1999 ‚
587 1911 720 2007 qui
755 1924 921 2007 post
948 1910 1023 1979 in
1056 1910 1339 1981 civitate
1372 1912 1637 1981 summi
1668 1912 1799 1980 viri
1838 1924 1911 1980 et
1944 1909 2309 1981 clarissimi
2342 1912 2532 1983 cives

391 2022 852 2107 exstiterunt,
891 2018 1314 2091 industriam
1375 2044 1579 2091 suam
1642 2044 1684 2090 a
1743 2017 2019 2117 populo
2073 2042 2377 2093 romano
2440 2048 2529 2094 ex

389 2130 626 2229 aliqua
661 2131 917 2201 illustri
951 2131 1492 2202 accusationem
1531 2129 1887 2228 cognosci.

465 2290 512 2335 7.
547 2272 788 2322 Ληιίεἰεὶὺ
830 2271 1071 2341 majorum
1106 2283 1247 2321 natu.
1287 2272 1416 2321 Vide
1501 2284 1615 2323 snte
1640 2268 1694 2321 in
1730 2272 1841 2339 ipso
1874 2286 2018 2320 cursu
2046 2269 2344 2330 obruentur,
2380 2287 2527 2336 quam

393 2354 524 2402 diets
548 2355 612 2402 ad
635 2369 748 2417 cap.
767 2355 822 2414 4.
841 2355 903 2402 Et
925 2353 1248 2417 Xenophont.
1267 2353 1414 2401 initio
1506 2364 1703 2418 portum
1726 2353 2009 2418 conspicere
2025 2361 2296 2416 potuerunt
2314 2353 2327 2399 !
2348 2373 2375 2394 a·
2400 2351 2529 2400 'Vide

394 2433 483 2481 lib.
519 2436 588 2480 lv
629 2432 942 2481 Memorsbil.
975 2431 1036 2480 de
1069 2431 1414 2496 Euthydemo‚
1504 2432 1566 2481 de
1584 2432 1736 2483 Chris
1754 2430 2042 2480 Oratoribus
2064 2446 2176 2495 cap.
2200 2427 2316 2492 307.

387 2513 476 2577 qui
501 2513 740 2574 mierum
767 2522 890 2560 nstu
914 2522 966 2559 et
999 2510 1306 2560 eruditorum
1340 2526 1418 2558 so-
1580 2528 1661 2562 ιι.
1702 2510 2107 2560 Contubernalis.
2163 2510 2362 2573 Optime
2411 2519 2530 2558 tunc

388 2593 614 2641 cientem·
635 2591 872 2655 fugiebat.
1504 2601 1607 2640 erst
1622 2589 2004 2639 adolescentium
2023 2587 2299 2653 disciplina,
2326 2598 2383 2636 ut
2398 2585 2532 2654 apud

461 2673 510 2722 8.
541 2670 715 2721 Vellet.
734 2671 890 2718 Velit.
1503 2671 1661 2720 claros
1693 2669 1826 2718 viros
1852 2668 2185 2732 magistratum
2218 2679 2439 2732 gerentes
2476 2671 2530 2721 in

459 2767 512 2814 9.
537 2753 600 2799 In
629 2749 896 2815 aequalium
929 2747 1122 2799 studiis.
1146 2749 1240 2798 Vel
1274 2749 1414 2813 quod
1500 2749 1828 2798 contubernio
1855 2748 2098 2798 viverent.
2142 2745 2223 2796 Sic
2255 2747 2311 2796 1..
2344 2749 2532 2797 Gellius

389 2846 500 2878 enin
520 2830 726 2894 aquales
743 2829 1078 2888 observarent,
1093 2830 1412 2893 quemadmo-
1501 2829 1557 2878 C.
1577 2826 1817 2877 Csrbonis
1840 2825 2227 2890 eloquentissimi
2250 2827 2343 2875 viri
2363 2840 2533 2877 coutu-

391 2909 511 2958 dum
527 2909 810 2958 Ciceronem
839 2907 1000 2956 adhuc
1030 2923 1238 2971 puerum
1261 2907 1410 2958 uobi-
1500 2907 1708 2956 bernelis
1732 2907 1785 2954 in
1816 2905 2075 2954 consulatu
2100 2905 2227 2964 fuit,
2250 2917 2305 2955 nt
2325 2908 2377 2954 in
2404 2909 2529 2955 Bru·

390 2989 461 3036 les
501 2986 830 3051 condiscipuli
872 2986 939 3034 ob
985 2986 1235 3050 ingenium
1287 2988 1410 3036 tsuti
1497 2998 1553 3036 to
1579 3000 1594 3035 ε
1633 2989 1707 3034 sic
1740 2988 1796 3033 L.
1830 2981 2108 3048 Torqustus
2134 2985 2388 3034 Ciceronis
2413 3002 2534 3036 con-

389 3067 659 3127 ssciebsnt,
686 3077 746 3115 ut
783 3080 896 3112 eum
935 3063 1139 3129 singulis
1175 3065 1348 3114 diebus
1383 3081 1412 3114 e

388 3146 569 3196 scholis
594 3145 880 3194 redeuntem
906 3144 1110 3193 honoris
1149 3161 1294 3192 csuss
1324 3144 1416 3193 do·

391 3241 523 3274 mutu
542 3225 858 3283 deduces-eun
891 3219 974 3272 vel
999 3223 1135 3286 quod
1163 3223 1414 3271 mulare-

393 3315 474 3352 tur
497 3305 754 3368 equalium
777 3301 966 3363 studia,
989 3313 1038 3350 et
1065 3317 1178 3350 cum
1206 3301 1412 3367 quibus-

390 3385 466 3430 vis
487 3385 685 3447 iugenio
702 3417 716 3443 ,
744 3383 926 3430 virtute
951 3379 1287 3446 industriaque
1310 3398 1412 3428 cer-

390 3473 530 3513 taret.

463 3558 542 3591 10.
558 3545 728 3591 Petere
745 3557 938 3590 cursum
959 3540 1124 3590 laudis
1141 3539 1409 3588 videretur.

389 3624 526 3670 Voce
558 3620 786 3668 mnslsts
820 3621 898 3668 vel
933 3635 962 3667 s
991 3617 1248 3678 curribus,
1283 3617 1362 3666 vel
1386 3635 1414 3666 s

387 3699 598 3747 navibus
623 3714 732 3762 quie
761 3699 814 3745 iu
853 3712 984 3746 mare
1019 3697 1301 3744 decurrunt.
1332 3695 1414 3745 Ad

387 3790 644 3840 utramque
663 3776 1028 3825 translationem
1051 3775 1224 3822 alludit
1243 3773 1413 3822 lib.111

389 3855 452 3904 de
468 3857 610 3906 Orst.
639 3876 662 3898 ι
678 3857 725 3902 O
750 3854 970 3902 fallacem
985 3854 1240 3902 hominum
1258 3868 1413 3916 spem,

391 3934 702 4000 fragilemque
729 3933 976 3981 fortunam
991 3965 1006 3990 ,
1043 3941 1094 3980 et
1125 3933 1294 3979 inanes
1319 3947 1410 3979 no-

389 4025 514 4060 strss
529 4013 866 4062 contentiones
880 4045 896 4070 ,
914 4026 1024 4075 qua
1044 4010 1096 4057 in
1122 4009 1286 4059 medio
1302 4025 1413 4075 sps-

392 4090 464 4142 tio
492 4107 620 4159 soepe
647 4092 968 4158 franguntur,
996 4099 1047 4137 et
1068 4099 1328 4152 corruunt,
1355 4102 1412 4147 ut

1498 3065 1645 3125 sulis,
1672 3075 1726 3114 ut
1752 3064 1807 3112 in
1826 3074 1951 3113 orst.
1967 3079 2065 3128 pro
2091 3061 2243 3112 Sulla.

1578 3160 1659 3194 ω.
1698 3145 1817 3192 Usus
1852 3142 2057 3207 quidam
2082 3139 2418 3211 provincialis.
2463 3143 2525 3190 Id

1500 3233 1576 3272 est
1596 3256 1612 3281 ,
1670 3223 1913 3283 rusiorum
1968 3221 2227 3278 instituto,
2278 3220 2365 3284 qui
2416 3236 2529 3270 cum

1502 3301 1885 3369 proconsulibus
1899 3299 2235 3348 adolescentes
2260 3299 2451 3348 nobiles
2478 3302 2531 3350 in

1500 3381 1781 3449 provinciss
1814 3395 1877 3428 eo
1914 3377 2125 3426 consilio
2162 3377 2445 3438 mittebant,
2474 3389 2533 3430 ut

1498 3463 1595 3510 hoe
1625 3467 1774 3524 pecto
1813 3457 1877 3506 sd
1910 3455 2197 3522 reipublice
2226 3456 2532 3508 administra·

1502 3541 1687 3588 tionem
1737 3538 1847 3602 ipso
1904 3549 1997 3585 usu
2048 3535 2241 3600 optimo
2294 3539 2530 3603 magistro

1503 3617 1826 3668 erudirentur.

1579 3698 1663 3746 13.
1687 3700 1857 3745 Vetere
1875 3695 2103 3744 imtituco.
2124 3695 2204 3744 Sic
2227 3695 2283 3742 in
2306 3697 2526 3748 Divinst.

1501 3774 1743 3840 significet
1769 3787 1909 3824 vetus
1946 3773 2223 3822 institutum
2260 3774 2408 3824 fuisse
2426 3808 2443 3834 ,
2470 3785 2524 3824 ut

1501 3853 1836 3903 adolescentes
1870 3869 2031 3902 rerum
2068 3853 2351 3916 espitslium
2387 3869 2526 3901 sccu-

1500 3935 1709 3982 sstiones
1735 3933 2060 3997 susciperent,
2080 3929 2221 3994 quod
2245 3931 2391 3978 etism
2418 3930 2531 3980 Plu-

1500 4012 1696 4061 tarchus
1716 4012 1771 4059 in
1791 4011 2029 4061 Cicerone
2046 4018 2267 4058 testatur.

1580 4099 1660 4147 α.
1701 4088 1892 4138 utum-a·
1924 4085 2254 4136 accusatione.
2290 4087 2528 4160 Apuleius
