2996 4694
483 370 626 442 380
1111 373 1206 439 M.
1255 375 1332 442 T.
1381 373 1965 444 CICERONIS

481 491 798 563 exercitu
830 547 850 577 ,
915 494 1286 591 provincia
1341 495 1705 566 consulari
1738 496 1768 565 Ρ
1836 497 2034 585 Quas
2089 519 2205 566 res
2272 499 2609 594 gesserit,

479 625 726 698 quaero
745 627 762 671 ε
783 604 949 699 qui,
977 616 1061 673 ut
1078 605 1274 675 venit
1292 657 1312 691 ,
1341 605 1579 676 statim
1588 659 1705 676 .....
1712 594 1741 648 ⁵
1760 604 2087 676 nondum
2113 629 2611 680 commemoro

475 711 793 807 rapinas,
837 710 1166 783 nondum
1199 727 1480 786 exactas
1516 719 1859 814 pecunias
1883 770 1903 803 ,
1946 739 2097 786 non
2140 731 2419 814 captas,
2450 742 2607 790 non

477 823 896 918 imperatas,
938 846 1087 893 non
1134 847 1347 896 neces
1394 827 1759 897 sociorum
1784 879 1807 912 ,
1858 849 2011 896 non
2054 823 2315 896 caedem
2356 825 2605 925 hospi-

477 945 636 1002 tum
665 986 686 1021 ,
730 956 880 1003 non
925 931 1332 1030 perfidiam,
1372 959 1525 1006 non
1555 936 2111 1018 immanitatem,
2148 959 2301 1008 non
2340 936 2607 1009 scelera

478 1040 790 1138 praedico
840 1068 858 1113 ε
907 1067 1078 1114 mox
1103 1098 1124 1128 ‚
1191 1045 1253 1116 si
1295 1044 1703 1133 videbitur,
1740 1059 1825 1116 ut
1865 1069 2035 1117 cum
2077 1042 2273 1130 fure,
2321 1059 2403 1117 ut
2436 1071 2601 1118 cum

476 1152 860 1249 sacrilego,
905 1166 989 1224 ut
1045 1178 1214 1224 cum
1279 1155 1533 1226 sicario
1556 1207 1576 1242 ,
1632 1153 2063 1252 disputab03
2122 1177 2317 1226 nunc
2368 1179 2603 1228 meam

470 1260 846 1359 spoliatam
905 1260 1268 1335 fortunam
1325 1262 1699 1336 conferam
1754 1288 1919 1336 cum
1966 1263 2271 1336 florente
2310 1262 2602 1336 fortuna

465 1373 938 1470 imperatoris
983 1377 1164 1464 Quis
1201 1397 1549 1471 umquam
1590 1375 2033 1473 provinciam
2079 1399 2245 1446 cum
2282 1376 2601 1448 exercitu

471 1479 790 1554 obtinuit
808 1536 828 1569 ‚
853 1487 982 1581 qui
1006 1483 1240 1555 nullas
1267 1483 1357 1555 ad
1377 1500 1704 1557 senatum
1732 1483 1973 1556 literas
1986 1485 2303 1557 miserit?
2328 1499 2598 1556 tantam

469 1615 644 1662 vero
705 1593 1147 1691 provinciam
1208 1618 1374 1665 cum
1430 1608 1637 1667 tanto
1702 1596 2053 1679 exercitu,
2103 1593 2599 1668 Macedoniam

471 1703 896 1800 praesertim,
941 1729 1102 1802 quae
1147 1705 1363 1776 tantis
1394 1703 1888 1794 ,barbarorum
1938 1703 2273 1802 gentibus
2312 1705 2601 1802 attingi·

469 1811 625 1901 t'ur,
651 1828 736 1884 ut
770 1837 1058 1913 semper
1083 1813 1565 1888 Macedonicis
1592 1814 2151 1914 imperatoribus
2176 1812 2393 1886 iidem
2416 1814 2599 1886 fines

465 1924 853 2020 provinciae
882 1923 1186 2013 fuerint,
1215 1926 1340 2023 qui
1369 1921 1823 2023 gladiorum⁶
1862 1939 2082 2023 atque
2119 1924 2477 2024 pilorum;
2508 1949 2597 1996 ex

469 2057 616 2130 qua
639 2034 917 2133 aliquot
948 2037 1282 2133 praetorio
1302 2036 2017 2134 imperio,consulari
2052 2035 2343 2134 quidem
2378 2061 2597 2108 nemo

466 2143 717 2230 rediit,
746 2148 873 2243 qui
901 2146 1283 2218 incolumis
1317 2144 1539 2218 fuerit
1562 2199 1585 2234 ,
1619 2150 1744 2245 qui
1778 2171 1928 2218 non
1956 2145 2437 2244 triumpharit.
2472 2149 2599 2217 Est

467 2252 612 2326 hoc
663 2279 974 2344 novum3
1021 2256 1254 2327 multo
1301 2255 1481 2328 illud
1522 2258 1799 2357 magis:
1850 2256 2251 2357 appellatus
2310 2271 2416 2330 est
2474 2257 2595 2328 hic

465 2364 826 2437 vulturius
845 2378 870 2424 ⁷
907 2366 1094 2439 illius
1122 2368 1511 2465 provincioe
1531 2368 1629 2463 (si
1648 2367 1783 2439 diis
1806 2366 2071 2465 placet)
2098 2371 2491 2465 imperator
2504 2362 2562 2440 ⁸!

554 2477 778 2547 XVII.
823 2478 933 2547 Ne
967 2488 1122 2545 tum
1158 2474 1478 2573 quidem,
1495 2476 1735 2548 Paulle
1766 2488 2073 2562 noster-¹,
2098 2476 2408 2549 tabulas²
2444 2481 2593 2547 Ro-

463 2610 656 2657 mam
691 2608 857 2655 cum
893 2584 1135 2657 laurea
1163 2590 1448 2657 mittere
1483 2576 1849 2658 audebas?
1876 2587 2073 2665 Misi,
2106 2588 2367 2683 inquit.
2410 2585 2591 2675 Quis

464 2718 814 2792 umquam
854 2694 1216 2765 recitavit?
1257 2696 1460 2790 quia,
1504 2710 1588 2767 ut
1620 2696 2119 2780 recitarentur,
2157 2695 2591 2793 postulavit?

460 2802 654 2879 Nihil
673 2803 866 2874 enim
893 2826 1054 2874 mea
1075 2800 1321 2887 refert,
1341 2818 1584 2875 utrum
1609 2820 1713 2893 tu,
1736 2804 2177 2878 conscientia
2202 2827 2592 2902 oppressus

461 2911 811 2985 scelerum
836 2927 1126 2985 tuorum
1152 2967 1172 3000 ,
1204 2912 1390 2984 nihil
1412 2938 1761 3012 umquam
1790 2939 2008 2987 ausus
2036 2918 2129 2987 sis
2160 2912 2471 2991 scribere
2497 2913 2587 2984 ad

459 3049 628 3097 eum
689 3024 1066 3113 ordinem,
1121 3048 1342 3122 quem
1397 3024 1863 3125 despexeraS,
1925 3049 2147 3123 quem
2191 3022 2589 3110 afflixeras,

458 3161 678 3237 quem
703 3133 1063 3209 deleveras
1081 3190 1102 3225 ,
1123 3160 1214 3207 an
1232 3137 1441 3209 amici
1455 3140 1563 3209 tui
1580 3136 1859 3209 tabulas
1885 3132 2591 3223 abdiderint,iidem-

541 3362 592 3412 5.
613 3360 943 3425 Lagomarain.
963 3360 1076 3417 hic,
1099 3370 1157 3408 ut
1171 3360 1288 3409 alias
1311 3359 1362 3407 in
1384 3360 1478 3409 hac
1564 3360 1741 3411 illustri
1792 3361 2137 3411 inclaruerunt.
2190 3358 2303 3407 Piso
2352 3357 2481 3407 illud
2520 3358 2585 3406 ab
2623 3377 2627 3384 ·

455 3440 708 3499 oratione,
731 3456 836 3488 case
857 3440 1078 3488 lacunam
1100 3440 1400 3504 putat.J.V.
1417 3442 1476 3487 1..
1564 3440 1781 3489 exercitu
1804 3455 1895 3487 auo
1914 3438 2009 3487 sibi
2036 3435 2251 3487 dandum
2277 3446 2547 3487 curaverat.

525 3521 576 3571 6.
595 3518 904 3569 Gladiorum.
921 3520 1053 3569 Certi
1067 3532 1328 3581 numquam
1343 3516 1474 3565 fuere
1633 3520 1799 3568 xvll.
1842 3534 1887 3565 ι.
1926 3518 2099 3565 Paullo·
2138 3527 2317 3566 noster.
2360 3515 2583 3564 Paullum

451 3602 756 3654 Macedonia
791 3602 944 3662 finer,
983 3604 1080 3651 nisi
1121 3603 1208 3664 qui
1241 3598 1384 3645 armis
1425 3610 1474 3647 et
1562 3597 1807 3647 AEmilium
1856 3595 2116 3661 intelligit,
2164 3597 2252 3659 qui
2301 3594 2363 3647 de
2406 3597 2582 3643 Perseo

451 3682 629 3731 virtute
663 3696 974 3730 romanorum
1005 3682 1350 3744 imperatorum
1377 3686 1474 3725 sta·
1561 3675 1865 3727 Macedoniae
1900 3690 2009 3740 rege
2056 3675 2355 3738 triumphum
2398 3683 2579 3737 egerat.

451 3771 722 3812 tuerentur.
1560 3784 1631 3794 —
1646 3755 1761 3803 eum
1782 3756 1970 3803 laurea.
1988 3756 2105 3803 Mos
2124 3753 2206 3801 hic
2225 3752 2432 3801 ducibus
2447 3761 2549 3799 erat
2563 3785 2583 3809 ,

525 3858 573 3903 7.
599 3837 868 3887 Vultur-ius.
887 3838 1062 3885 Praedo
1083 3850 1140 3883 ac
1163 3834 1402 3899 direptor.
1560 3845 1617 3884 ut
1642 3834 1803 3881 literas
1828 3833 1979 3881 lauris
2001 3831 2246 3879 involutas
2266 3830 2331 3879 ad
2358 3840 2581 3878 senatum

524 3921 577 3970 8.
598 3921 889 3983 Imperator.
915 3912 1472 3964 Honorifioeutiunimum
1560 3914 1808 3963 mitterent
1826 3950 1843 3975 ‚
1880 3928 2032 3979 quum
2070 3910 2327 3961 victoriam
2358 3920 2580 3975 reporta-

457 4015 638 4049 nomen
663 3997 788 4045 illud
808 3994 872 4044 ab
899 3994 1134 4053 exercitu,
1156 4003 1240 4042 aut
1257 4008 1288 4041 a
1303 4003 1476 4043 senatu
1562 4006 1745 4043 verant.

455 4080 516 4127 iis
537 4076 892 4141 imponebatur,
917 4073 1004 4139 qui
1021 4074 1234 4122 facinore
1260 4072 1474 4138 quodam
1636 4090 1689 4123 2.
1711 4072 1905 4123 Lallem.
1923 4072 2004 4121 hic
2027 4083 2077 4121 et
2100 4071 2249 4131 infra,
2275 4066 2497 4117 tabellas.
