2996 4694
733 402 1126 472 ORATIO
1173 401 1375 470 PRO
1427 401 1511 470 C.
1550 401 1634 468 R.
1688 401 2221 472 POSTUMO.
2390 399 2533 487 455

397 549 696 623 quoque
729 522 1156 596 fefellissem.
1192 527 1288 592 At
1329 519 1420 592 de
1457 545 1575 592 me
1618 521 2073 610 omittamus3
2104 522 2193 594 ad
2236 524 2537 596 Alexan-

399 635 650 706 drinos
682 637 856 706 istos
885 649 1353 706 revertamur.
1387 631 1605 722 Quod
1643 631 1917 704 habent
1946 646 2071 704 os⁷
2100 631 2115 704 !
2162 659 2381 732 quam
2412 657 2538 707 au-

401 743 710 818 daciam!
753 743 1010 829 Modo,
1043 742 1252 814 vobis
1281 742 1893 841 inspectantibus,
1922 746 1995 814 in
2020 742 2295 840 judicio·
2324 745 2539 817 Gabi·-

403 858 543 944 nii,
587 858 802 926 tertio
856 878 1154 951 quoque
1195 851 1422 923 verbo
1459 845 2015 924 excitabantur⁸
2070 881 2087 924 z
2134 853 2534 952 negabant,

403 968 786 1062 pecuniam
859 962 1172 1035 Gabinio
1259 960 1520 1033 datam.
1602 961 2067 1036 Recitabatur
2120 964 2534 1066 ‘identidem

407 1075 728 1171 Pompeii
755 1074 1248 1146 testimonium
1279 1099 1295 1144 :
1334 1096 1581 1171 regem
1607 1073 1697 1144 ad
1729 1097 1805 1146 se
1832 1074 2234 1174 scripsisse,
2261 1075 2537 1147 nullam
2602 1125 2607 1136 .

409 1186 796 1281 pecuniam
821 1182 1168 1272 Gabinio,
1201 1184 1338 1254 nisi
1365 1184 1440 1254 in
1465 1209 1619 1256 rem
1650 1184 2053 1271 militarem,
2080 1183 2341 1256 datam.
2372 1191 2541 1258 Non

407 1308 557 1381 est,
629 1295 908 1393 inquit,
979 1309 1136 1366 tum
1225 1293 1721 1366 Alexandrinis
1785 1294 2092 1366 testibus
2156 1295 2535 1368 creditum.

409 1403 642 1495 Quid?
669 1419 912 1502 postea
932 1403 1331 1476 creditum?
1354 1414 1550 1475 non9
1572 1431 1587 1474 :
1612 1402 2131 1502 quamobrem?
2150 1407 2321 1503 quia
2346 1431 2543 1478 nunc

407 1519 644 1603 aiunt,
683 1512 885 1611 quod
919 1529 1094 1588 tunc
1131 1513 1517 1610 negabant.
1556 1513 1805 1605 Quid?
1840 1538 2013 1610 ergo
2054 1517 2187 1586 ista
2220 1515 2542 1588 conditio

407 1642 514 1696 est
551 1627 876 1714 testium,
916 1639 1035 1709 ut,
1075 1623 1346 1720 quibus
1375 1624 1733 1696 creditum
1760 1650 1911 1695 non
1944 1626 2036 1695 sit
2070 1624 2541 1720 negantibuS‚

404 1735 656 1809 iisdem
705 1735 1046 1808 credatur
1085 1732 1548 1806 dicentibus?
1593 1737 1721 1818 At,
1770 1736 1828 1804 si
1881 1758 2133 1804 verum
2176 1749 2331 1805 tum
2372 1760 2542 1807 cum

407 1848 772 1919 verissima
801 1845 1041 1916 fronte
1079 1844 1454 1924 dixerunt..
1495 1868 1699 1914 nuuc
1734 1845 2206 1914 mentiuntur.
2248 1848 2321 1915 si
2366 1859 2543 1917 tunc

407 1957 688 2027 mentiti
717 1971 918 2041 sunt,
943 1955 1246 2026 doceant
1273 1979 1406 2025 nos
1429 1955 1727 2024 verum?
1752 1951 1949 2042 Quid
1976 1955 2230 2024 vultis?
2260 1953 2539 2028 sileant.

404 2065 660 2136 Dicere
715 2062 1186 2135 audiebamus
1207 2073 1270 2107 ¹⁰
1333 2062 1871 2153 Alexandriam3
1920 2086 2119 2133 nunc
2166 2071 2543 2159 cognosci-

403 2196 588 2245 mus.
612 2174 820 2245 Illinc
853 2197 1108 2245 ornnes
1151 2174 1521 2272 praestigiae
1542 2184 1634 2258 ¹¹3
1668 2172 1899 2256 illinc,
1928 2173 2255 2268 inquam,
2288 2197 2541 2246 omnes

405 2285 734 2372 fallaciae;
770 2286 1012 2358 omnia
1055 2283 1374 2382 denique
1409 2283 1507 2355 ab
1542 2283 1655 2356 his
1684 2286 2073 2355 mimorum
2114 2299 2540 2381 argumenta

403 2416 574 2471 nata
609 2412 803 2469 sunt.
849 2400 1000 2470 Nec
1039 2396 1216 2467 mihi
1255 2396 1543 2493 longius
1584 2393 1985 2494 quidquam
2030 2409 2174 2483 est,
2212 2394 2535 2490 judiceS‚

402 2534 620 2609 quam
658 2505 904 2580 videre
939 2508 1322 2579 hominum
1351 2506 1615 2578 vultus.

498 2623 685 2691 XIII.
739 2620 1098 2690 Dixerunt
1141 2618 1258 2689 hic
1303 2615 1525 2689 modo
1566 2615 1951 2688 nobiscum
1970 2625 1991 2659 ¹
2042 2614 2133 2687 ad
2178 2614 2327 2687 haec
2369 2616 2535 2689 sub-

401 2730 634 2817 sellia,
674 2729 942 2826 quibus
999 2729 1402 2826 superciliis
1433 2734 1829 2799 renuentes
1869 2726 2039 2797 huic
2085 2726 2333 2797 decem
2381 2727 2539 2797 mil—

471 2953 716 3021 'thwd
735 2953 920 3003 habene
949 2968 1022 3001 os.
1017 2957 1032 2987 '
1065 2956 1126 3001 In
1161 2954 1418 3000 Pisonem:
1509 2954 1671 3016 signes
1708 2950 2079 3016 prestigiator-ee
2108 2952 2259 3000 fuisse
2294 2951 2540 3016 significat

403 2971 586 3082 «Nihil
619 3032 862 3081 incolume
900 3032 1099 3080 domum
1143 3042 1321 3095 preter
1363 3045 1420 3077 os
1509 3032 1673 3079 Julius
1689 3030 2037 3093 Capitolinus
2022 3047 2073 3077 ιιι
2092 3034 2240 3079 Vero.
2269 3032 2539 3097 Praestigia-

399 3112 521 3163 mad
539 3114 798 3178 pristinum
819 3122 958 3161 tuum
980 3108 1244 3159 retulisti».
1512 3122 1668 3159 torem
1684 3110 1911 3155 Proteum
1924 3112 2209 3174 Egyptian
2224 3110 2369 3158 fuisse
2384 3112 2537 3172 aiunt,

473 3194 522 3241 8.
551 3194 758 3256 Quoque
787 3190 940 3241 verbo
965 3188 1328 3239 excitabamur.
1363 3186 1425 3236 ld
1512 3189 1599 3253 qui
1616 3196 1939 3251 spontaneum
1958 3188 2119 3251 ignem
2138 3188 2405 3249 excitabat,
2425 3190 2537 3239 alia-

401 3281 503 3330 est,
531 3268 832 3332 iubebantur*
865 3268 929 3317 ad
973 3268 1306 3318 testimouium
1347 3267 1426 3316 di·
1513 3283 1610 3332 que
1634 3264 1841 3314 faciebat
1864 3282 1977 3331 quie
2004 3268 2285 3332 ignarorum
2310 3283 2539 3335 raperent

377 3348 610 3397 .eendum
639 3362 854 3412 surgere.
1514 3347 1716 3394 animos.
1739 3346 1815 3393 De
1843 3356 1949 3395 toto
1975 3346 2072 3395 hoe
2099 3348 2241 3407 loco,
2269 3349 2323 3395 in
2345 3366 2444 3413 quo
2465 3361 2535 3398 te-

474 3442 524 3491 9.
575 3425 747 3491 Quid?
775 3436 953 3491 postea
987 3424 1222 3473 creditum
1237 3428 1266 3472 θ
1311 3440 1425 3473 non.
1514 3426 1664 3475 stium
1686 3422 1834 3473 fidem
1865 3425 1984 3475 mire
2009 3426 2166 3477 elevat
2180 3464 2196 3489 ‚
2219 3428 2357 3493 quod
2384 3446 2539 3478 ceusae

401 3504 588 3555 wei-k.
602 3504 770 3568 «Quid
781 3506 974 3569 postea?
986 3503 1224 3555 Credatur
1233 3504 1424 3555 nunci'·
1514 3520 1616 3553 eun
1654 3503 1819 3554 obsint
1833 3539 1848 3564 ‚
1890 3504 2032 3572 plura
2074 3508 2212 3557 dabit
2248 3510 2409 3559 oratio
2446 3526 2539 3574 pru

402 3586 575 3635 Omnis
591 3584 675 3633 hic
693 3584 834 3633 locus
853 3584 1120 3633 intricatus.
1515 3584 1684 3633 nabit.
1726 3584 1867 3649 perd.
1918 3586 2023 3635 Nec
2073 3588 2341 3637 absurdum
2392 3590 2544 3638 fuerit

469 3666 558 3714 ἰο.
610 3665 783 3712 Dicere
833 3662 1172 3713 audiebamus.
1225 3659 1420 3710 Schiitz.
1513 3678 1615 3728 quo
1644 3664 1829 3728 ingenii
1868 3665 2078 3715 artifieio
2112 3679 2285 3728 testes,
2310 3670 2353 3717 si
2380 3684 2541 3717 causa

401 3744 588 3793 dudum
605 3742 940 3791 audiebamus.
963 3770 1028 3779 —-
1053 3740 1426 3791 alemanam.
1514 3745 1899 3807 patrocinentur,
1916 3744 2109 3805 lauden
2134 3747 2175 3795 si
2198 3760 2439 3807 noceant,
2457 3747 2546 3795 de-

401 3824 483 3873 Al.
503 3824 569 3871 de
586 3821 922 3871 Alexandria.
943 3821 1004 3869 Id
1021 3832 1122 3881 ent,
1140 3818 1428 3869 Alexandri·
1514 3822 1691 3885 primat
1746 3834 1915 3871 orator
1936 3858 1953 3885 ,
2016 3824 2427 3876 animadvertere.
2482 3830 2543 3874 Iu

402 3919 496 3953 noe
524 3918 628 3951 esee
655 3902 788 3951 leves
803 3936 820 3961 ,
853 3900 1168 3949 -daeeeve
1196 3899 1427 3947 audieba-
1514 3910 1767 3964 utremque
1819 3911 2002 3965 partem
2063 3905 2267 3953 consule
2312 3904 2543 3952 Vei-rim

403 3999 510 4031 mus
523 4016 540 4041 ,
562 3980 618 4029 id
643 3996 776 4029 nunc
799 3979 1122 4043 agnoscimus.
1518 3979 1766 4027 orationes
1788 3990 1837 4027 et
1860 3979 2029 4031 Rabir.
2050 3982 2189 4045 perd.

481 4078 503 4109 1
517 4078 562 4111 ι.
593 4060 738 4109 mine
769 4076 938 4109 omues
966 4055 1239 4124 pcaestigioe.
1275 4058 1429 4122 AEgy-
1590 4061 1731 4106 x111.
1754 4076 1771 4105 ι
1786 4094 1798 4107 .
1822 4058 1915 4107 Hie
1929 4060 2075 4107 modo
2092 4061 2353 4109 nobaekeum.
2376 4060 2543 4119 Quum

405 4141 536 4205 ptio·
557 4152 606 4189 et
629 4138 936 4206 potissimum
966 4126 1336 4187 Alexandrino&
1351 4138 1428 4185 in·
1520 4153 1611 4201 pro
1633 4136 1848 4187 Gabinio
1871 4135 2071 4187 diceret.
