2996 4694
676 385 693 402 =
761 357 1138 428 ORATIO
1188 360 1385 427 PRo
1435 360 1514 427 Τ.
1559 361 1642 428 A.
1693 359 2134 428 MlLoNE.
2377 354 2518 452 519

384 481 559 551 civis
588 493 662 551 et
698 479 831 550 viri
856 477 1077 550 fidem
1120 503 1275 550 non
1315 476 1726 565 faciehat²¹,
1768 493 1883 562 ut,
1917 503 2008 550 eo
2046 494 2360 564 tacente,
2403 503 2518 550 res

392 591 1020 688 ipsa.loqucretur.

483 705 705 772 XXV.
746 700 1007 772 Omnia
1033 697 1245 786 falsa,
1280 715 1500 798 atquc
1531 700 1912 772 insidiose¹
1949 700 2118 773 ficta
2151 716 2522 798 comperta

390 826 577 882 sunt.
618 809 839 901 Quod
874 813 933 881 si
978 817 1221 882 tamen
1258 813 1606 882 metuitur
1631 812 1842 882 etiam
1881 835 2079 883 nunc
2119 810 2328 896 Milo,
2369 835 2518 882 non

391 920 531 993 hoc
574 923 711 1016 jam
750 920 1177 992 Clodianum
1230 925 1506 992 crimen
1558 925 1928 1010 timemuS,
1967 921 2094 993 sed
2148 935 2340 1010 tuam,
2387 927 2516 993 Cn.

390 1036 685 1128 Pompei
733 1031 845 1126 (te
882 1032 1077 1101 enim
1128 1030 1271 1126 jam
1318 1031 1651 1129 appello²
1705 1057 1788 1104 ca
1831 1057 2052 1118 voce,
2105 1047 2188 1102 ut
2241 1057 2358 1102 me
2404 1055 2524 1101 au·

392 1138 595 1214 dire³
626 1140 899 1238 possis)
934 1155 1091 1210 tuas
1110 1195 1129 1227 ‚
1162 1155 1351 1226 tuaS,
1380 1142 1718 1237 inquam,
1749 1143 2196 1240 suspiciones
2221 1141 2524 1239 perhor-

394 1250 809 1323 rescimusti.
869 1253 939 1322 si
1004 1251 1351 1322 Milonem
1416 1254 1662 1340 times,
1714 1254 1774 1324 si
1824 1252 2022 1324 hunc
2065 1251 2156 1322 de
2207 1267 2330 1324 tua
2384 1253 2526 1322 vita

394 1360 662 1433 nefarie
716 1377 843 1433 aut
898 1387 1107 1433 nuno
1151 1364 1688 1460 cogitare,·aut
1743 1364 2076 1434 molitum
2137 1362 2530 1460 aliquando

396 1471 665 1569 aliquid
706 1485 953 1569 putas;
986 1475 1045 1542 si
1080 1471 1297 1543 Italiae
1331 1472 1652 1544 delectus
1674 1527 1693 1562 ,
1723 1489 1805 1544 ut
1855 1473 2184 1544 nonnulli
2224 1471 2530 1569 conqui-

395 1584 649 1678 sitores
701 1569 853 1651 tui5
919 1580 1281 1665 dictitant,
1350 1583 1409 1650 si
1462 1581 1614 1654 haec
1674 1607 1870 1654 arma
1891 1579 1947 1670 ⁶,
2003 1583 2066 1653 si
2117 1583 2534 1680 Capitolinae

327 1740 351 1763 ,
395 1690 767 1776 cohortes,
811 1693 869 1759 si
916 1689 1277 1776 excubiae,
1328 1691 1387 1760 si
1414 1693 1712 1789 vigiliae,
1751 1695 1808 1763 si
1847 1692 2124 1766 delecta
2156 1694 2531 1788 juventus,

396 1823 557 1894 quae
587 1813 793 1868 tuum
824 1821 1087 1895 corpus
1112 1798 1564 1896 domumque
1593 1801 1940 1888 custodit,
1973 1817 2226 1873 contra
2249 1800 2536 1872 Milonis

397 1910 749 2006 impeturn
781 1923 1050 1978 armata
1086 1922 1229 1993 est,
1266 1922 1483 2004 atque
1527 1909 1646 1980 illa
1681 1913 1927 1982 omnia
1962 1912 2036 1980 in
2076 1909 2534 1981 hunc'unum

398 2020 764 2102 instituta,
806 2032 1085 2115 parata,
1146 2018 1423 2088 intenta
1472 2034 1688 2106 sunt;
1743 2043 2004 2115 magna
2047 2021 2124 2089 in
2164 2019 2308 2090 hoc
2343 2034 2538 2091 certe

402 2132 506 2200 vis
567 2144 641 2200 et
688 2126 1126 2199 incredibilis
1176 2125 1500 2216 animm,
1545 2145 1618 2202 ct
1669 2155 1818 2202 non
1865 2133 2084 2200 unius
2133 2130 2309 2198 viri?
2353 2131 2540 2202 vires

402 2252 619 2336 atque
665 2261 841 2335 opes
892 2235 1329 2326 indicantur,
1374 2239 1433 2308 si
1480 2241 1780 2336 quidem
1823 2242 1896 2310 in
1952 2239 2154 2310 hunc
2197 2262 2424 2309 unum
2465 2253 2538 2310 et

404 2349 1029 2445 praestantissimus
1056 2347 1205 2420 dux
1224 2349 1495 2422 electus
1511 2406 1532 2438 ‚
1562 2367 1634 2425 et
1659 2368 1816 2425 tota
1837 2351 2246 2450 respublica
2271 2366 2540 2421 armata

474 2528 535 2559 αι
548 2548 561 2562 .
595 2509 761 2559 Fidem
774 2510 1019 2574 finiebat.
1044 2512 1162 2559 Non
1183 2509 1427 2559 efficiebat

404 2592 502 2639 vita
540 2590 745 2639 Milonis
782 2602 835 2639 nt
874 2591 1049 2651 iniuste
1076 2592 1294 2640 πεύκη-ἱ
1320 2606 1428 2639 cre·

1517 2514 1743 2563 smicitioe
1782 2524 1830 2562 et
1869 2512 2210 2563 benivolentiae
2251 2496 2430 2577 signis,
2475 2513 2540 2561 ita

1517 2594 1744 2643 leudibus
1784 2594 2170 2658 vituperationes
2211 2592 2415 2652 condit,
2455 2601 2544 2649 ut,

405 2671 614 2718 deretur.
1444 2722 1449 2727 ,

474 2750 643 2798 XXV.
672 2764 693 2796 ι
709 2785 722 2799 .
744 2750 933 2797 Ernest.
956 2748 1159 2809 coniicit
1177 2747 1427 2797 invidiose.

405 2830 437 2876 J
445 2866 457 2879 .
475 2830 537 2877 V.
565 2830 617 2875 L.

478 2924 526 2955 α.
552 2908 665 2954 Iam
690 2908 901 2972 appello.
934 2908 1193 2971 Pompeius
1218 2907 1347 2955 enim
1374 2907 1429 2954 iu

406 2988 517 3035 soro
567 2999 734 3051 septus
790 2986 974 3036 delecta
1031 3003 1177 3035 menn
1216 2986 1425 3035 militum

406 3065 708 3115 consederat.

480 3146 528 3192 3.
556 3144 773 3193 anbin.
800 3144 971 3191 maluit
994 3144 1263 3201 exaudire,
1290 3142 1429 3208 qnod

408 3226 525 3273 Em.
542 3224 983 3283 laudavit,Weisk.
1004 3224 1201 3287 recepit.
1223 3226 1346 3273 LV.
1368 3225 1426 3272 L.

482 3302 857 3367 4.’Saspiciones
872 3302 1292 3368 perhorrescimus.
1317 3302 1363 3349 N
1366 3318 1431 3349 on

412 3382 591 3431 caedcm
612 3382 775 3429 Clodii
800 3382 1056 3440 timemus,
1094 3398 1207 3429 nem
1224 3382 1336 3441 jure
1360 3392 1432 3430 est

410 3472 681 3525 perpetratu
697 3475 713 3520 ;
731 3463 817 3509 sed
836 3474 943 3509 tues
960 3462 1284 3526 suspiciones,
1299 3476 1428 3524 qun,

406 3539 643 3601 judicium
670 3540 1104 3588 extmordimrium
1129 3550 1185 3587 ut
1210 3540 1433 3587 decerne-

412 3634 487 3667 res
502 3652 519 3677 ‚
542 3620 793 3683 impulere.
818 3621 1025 3667 Primam
1047 3621 1173 3669 hanc
1199 3620 1433 3668 orationis

410 3710 593 3763 partem
632 3698 885 3747 concludit
918 3698 1091 3749 cicero
1125 3700 1431 3764 peroratione

412 3778 617 3841 quadam
635 3814 649 3838 ,
672 3794 767 3841 que
791 3779 1023 3843 Pompeio
1048 3779 1299 3841 probatur,
1322 3794 1431 3826 eum

412 3858 556 3905 citius
580 3856 859 3905 rumoribus
882 3856 1093 3921 publicis
1118 3857 1267 3905 fuisse
1294 3857 1433 3905 ten-i-

413 3950 535 3986 tum.
578 3938 695 3985 Non
729 3952 842 3984 sane
874 3937 1138 3999 Pompeius
1170 3934 1263 3983 hac
1302 3936 1355 3983 in
1384 3952 1435 3985 re

418 4020 589 4066 {ortem
608 4034 665 4065 sc
676 4018 861 4079 justum
882 4032 935 4063 se
952 4024 1159 4079 gesserat
1176 4029 1193 4073 ;
1220 4014 1305 4063 sed
1322 4030 1433 4063 ora-

420 4108 499 4145 tor
530 4096 830 4161 suspiciones
870 4093 1016 4143 diluit
1032 4128 1049 4154 ,
1086 4104 1163 4143 tot
1206 4104 1256 4141 et
1292 4091 1439 4141 tantis

1516 2689 1665 2738 quum
1685 2682 1876 2721 causam
1893 2688 2030 2720 snam
2048 2671 2147 2736 agit
2159 2707 2174 2729 ‚
2189 2688 2380 2720 omnem
2401 2672 2544 2719 Pom-

1516 2755 1630 2818 peio
1675 2751 1912 2800 inscendi
1967 2753 2216 2799 materiam
2271 2751 2508 2813 subn'pist
2528 2784 2543 2806 ‚

1515 2843 1566 2879 et
1608 2848 1718 2878 eum
1757 2830 1971 2895 propriis
2012 2830 2286 2878 commodis
2327 2830 2420 2877 sibi
2461 2828 2544 2877 de-

1513 2910 1714 2957 vinciet.
1755 2910 1840 2956 Est
1877 2910 2014 2956 locus
2056 2908 2138 2956 ille
2180 2924 2240 2955 eo
2277 2906 2542 2956 mirabilius

1517 2989 1817 3051 compositus
1841 2998 1890 3034 et
1913 2986 2168 3033 ordinatus
2184 3022 2198 3045 ,
2219 2986 2353 3049 qnod
2378 2996 2542 3049 aperte

1517 3076 1708 3124 orator,
1749 3066 1886 3125 odia,
1934 3080 2044 3128 quae
2088 3066 2379 3129 Pompeium
2418 3066 2545 3113 inter

1518 3156 1568 3192 et
1601 3146 1839 3194 cantem
1873 3158 2121 3205 exarsere,
2157 3143 2420 3207 previdi-t,
2447 3142 2544 3191 hoc

1519 3236 1739 3288 tempore
1775 3238 1876 3284 quo
1909 3223 2038 3271 intet-
2069 3238 2123 3269 se
2162 3222 2545 3283 conjunctissimi

1524 3301 1829 3350 videbantur.

1597 3382 1648 3429 5.
1674 3377 2035 3445 conquisitores
2053 3360 2243 3427 missio
2263 3378 2550 3428 dicebantur

1521 3462 1606 3525 qui
1643 3458 1930 3523 colligendis
1960 3456 2224 3517 militibus,
2258 3467 2305 3505 et
2334 3456 2546 3506 delectui

1522 3538 1750 3587 habendo
1770 3547 1905 3586 erant
1925 3538 2193 3602 praepositi.

1593 3616 1644 3665 6.
1683 3618 1801 3665 Haec
1827 3632 1987 3663 arma.
2029 3619 2070 3665 A
2096 3616 2333 3680 Pompeio
2361 3618 2412 3663 in
2435 3616 2548 3662 foro

1519 3696 1784 3746 collocata.
1811 3721 1884 3734 —
1912 3694 2202 3761 Capitolinoe
2225 3694 2459 3743 cohortes.
2489 3696 2551 3742 In

1520 3792 1632 3825 arce
1671 3774 1946 3840 Capitolina
1985 3774 2046 3822 ad
2083 3774 2220 3823 urbis
2269 3772 2548 3836 praesidium

1521 3857 1793 3905 conoe-tae.

1597 3952 1645 3997 7.
1669 3936 1779 3983 Non
1798 3932 1938 3981 unius
1955 3932 2068 3981 viri.
2087 3931 2266 3980 Animo
2285 3940 2374 3977 tuo
2387 3928 2552 3993 fingis,

1525 4031 1626 4063 non
1647 4024 1818 4062 contra
1833 4012 2072 4060 Milonem
2085 4026 2236 4058 unum
2249 4044 2264 4071 ,
2281 4008 2364 4055 sed
2379 4020 2549 4057 contra

1527 4093 1756 4142 satellites
1771 4094 1875 4153 ejus
1899 4106 1997 4137 rem
2019 4106 2121 4139 esse
2138 4086 2424 4137 habendam.
