2996 4694
459 344 599 417 328
1105 350 1205 416 Μ.
1256 350 1332 416 Τ.
1385 348 1934 419 CICERONIS

469 468 1134 540 senatusconsulta⁴
1168 468 1520 541 fecerunt.
1573 473 1811 541 Potuit
1849 472 2074 568 magis
2127 468 2394 543 fundus
2455 496 2584 569 po·

464 578 683 675 pulus
732 575 1128 650 Gaditanus
1154 577 1311 650 fieri
1344 580 1373 673 (
1408 582 1756 677 quoniam
1806 581 1946 652 hoc
1989 603 2424 679 magnopere
2463 579 2584 651 de-

466 686 729 759 lectare
790 686 1017 759 verbo
1050 689 1123 784 ),
1164 690 1223 759 si
1284 704 1437 759 tum
1498 688 1584 759 fit
1647 688 1944 778 fundus,
1982 716 2212 788 quum
2265 694 2438 761 scita
2499 714 2582 761 ac

455 796 651 891 jussa
700 808 947 868 nostra
984 820 1111 877 sua
1158 800 1510 869 sententia
1563 799 2022 894 comprobat,
2078 824 2292 898 quam
2351 825 2576 897 quum

466 904 857 1003 hospitium
910 905 1113 995 fecit,
1170 923 1251 979 ut
1303 924 1377 979 et
1432 910 1716 980 civitate
1769 909 1968 981 illum
2019 925 2372 981 mutatum
2429 934 2581 981 esse

461 1014 831 1104 fateretur,
872 1031 947 1089 et
974 1017 1195 1114 hujus
1216 1008 1580 1091 ⁵·civitatis
1621 1018 1904 1091 honore
1943 1020 2438 1118 dignissimum
2466 1021 2581 1116 ju·

460 1124 779 1198 dicaret?
831 1128 1069 1224 potuit
1126 1132 1393 1200 certius
1434 1132 1903 1227 interponere
1934 1130 2292 1226 judicium
2325 1130 2580 1201 volun·
2613 1130 2618 1135 ’

461 1236 623 1307 tatis
648 1260 816 1324 suae,
845 1262 1065 1335 quam
1096 1262 1324 1334 quum
1356 1239 1570 1309 etiam
1601 1255 2090 1311 accusatorem
2119 1240 2334 1335 hujus
2357 1239 2582 1310 multa

462 1362 539 1418 et
555 1371 771 1444 poena
794 1346 1171 1419 multavit?
1198 1350 1434 1446 potuit
1472 1350 1695 1445 magis
1715 1349 1806 1420 de
1836 1375 1915 1420 re
1934 1348 2256 1446 judicare
2281 1347 2336 1440 ⁶,
2364 1376 2580 1448 quam

464 1480 693 1552 quum
720 1455 809 1526 ad
844 1471 1165 1527 vestrum
1180 1456 1534 1551 judicium
1557 1459 1747 1529 cives
1775 1458 2250 1557 amplissimos
2283 1460 2539 1557 legavit
2561 1515 2580 1546 ‚

464 1579 679 1635 testes
711 1564 927 1659 hujus
965 1564 1179 1659 juris»,
1216 1568 1376 1637 vitae
1412 1567 1858 1657 lautlatoreS‚
1899 1570 2200 1667 periculi
2245 1570 2584 1667 depreca-

466 1675 705 1745 tores?
735 1679 1015 1745 Etenim
1044 1678 1207 1772 quis
1234 1691 1341 1747 est
1368 1692 1513 1748 tam
1553 1677 1852 1751 demens
1872 1734 1892 1767 ‚
1927 1682 2104 1777 quin
2149 1682 2443 1768 sentiat,
2467 1681 2585 1776 jus

466 1783 609 1855 hoc
662 1783 1033 1857 Gaditanis
1082 1810 1237 1858 esse
1287 1788 1747 1860 retinendum
1775 1844 1794 1875 ‚
1831 1816 1924 1862 ne
1962 1792 2436 1888 interseptum
2495 1792 2586 1861 sit

467 1896 549 1965 iis
586 1895 723 1967 iter
762 1911 1117 1993 perpetuo
1153 1895 1244 1967 ad
1276 1896 1420 1967 hoc
1456 1898 1975 1995 amplissimum
2010 1902 2384 1996 praemium
2421 1900 2584 1969 civi-

464 2007 667 2090 tatis3
716 2019 792 2076 et
828 2030 1265 2105 magnopere
1292 2008 1377 2079 iis
1409 2032 1562 2079 esse
1600 2006 1982 2081 laetandum
2003 2063 2023 2094 ‚
2057 2008 2276 2103 hujus
2302 2011 2380 2078 L.
2413 2011 2588 2079 Cor-

468 2117 634 2189 nelii
696 2116 1265 2190 benivolentiam
1331 2143 1500 2217 erga
1561 2144 1731 2191 suos
1784 2144 2155 2191 remanere
2219 2117 2586 2217 Gadibus3⁶

467 2229 765 2325 gratiam
810 2242 882 2299 et
926 2224 1341 2299 facultatem
1392 2228 1952 2301 commendandi
1984 2233 2060 2300 in
2119 2229 2254 2300 hac
2303 2230 2586 2299 civitate

466 2339 775 2411 versari?
805 2340 985 2431 Quis
1023 2342 1217 2411 enim
1266 2355 1601 2411 nostrum
1638 2357 1782 2425 est,
1823 2342 1938 2412 cui
1974 2366 2125 2412 non
2178 2339 2297 2411 illa
2343 2340 2588 2411 civitas

468 2449 559 2521 sit
593 2451 813 2545 hujus
850 2449 1124 2538 studi0‚
1152 2475 1319 2522 cura
1342 2506 1361 2538 ‚
1388 2449 1757 2548 diligentia
1777 2505 1796 2539 ‚
1823 2451 2444 2523 commendatior?

562 2565 749 2632 XIX.
794 2563 1111 2646 omitto,
1146 2563 1437 2657 quantis
1487 2563 1928 2632 ornamentis
1973 2559 2330 2660 populum
2369 2564 2584 2630 istum

474 2679 554 2748 C.
600 2679 869 2764 Caesar,
903 2699 1128 2772 quum
1170 2689 1355 2745 esset
1388 2676 1463 2746 in
1491 2677 1832 2774 Hispania
1868 2689 2154 2773 praetor‚
2193 2673 2586 2764 affecerat,

475 2784 998 2857 controversias
1033 2783 1291 2854 sedarit
1312 2795 1367 2871 ²,
1406 2785 1572 2881 jura
1599 2840 1618 2876 ‚
1645 2789 1971 2882 ipsorum
2014 2787 2401 2882 permissu,
2445 2797 2588 2854 sta-

474 2895 729 2980 tuerit3
784 2895 1253 2966 inveteratam
1284 2889 1702 2993 quondam-⁹³
1748 2895 2154 2967 barbariam
2193 2919 2279 2964 ex
2307 2895 2592 2964 Gadita-

468 3029 735 3079 norum
792 3005 1121 3077 moribus
1190 3004 1712 3104 disciplinaque
1768 3002 2114 3092 delerit43
2177 3029 2454 3075 summa
2509 3005 2587 3074 in

542 3145 591 3194 4.
604 3137 811 3184 Senatus
832 3135 1053 3184 convicia
1061 3133 1319 3201 fecerum,
1341 3137 1481 3201 qnod
1641 3138 1786 3184 nx.
1816 3149 1838 3183 1
1851 3171 1862 3184 .
1893 3131 2147 3200 Afficerie.
2170 3135 2359 3183 Ernest.
2389 3133 2590 3182 arbitra-

464 3217 662 3283 quidam
704 3216 961 3266 ediderunt
982 3254 999 3280 ,
1042 3218 1163 3265 nibil
1209 3227 1281 3265 est
1318 3217 1483 3277 alind,

346 3335 359 3348 .
466 3313 611 3362 quam
636 3297 891 3361 corruptio
927 3313 989 3345 ex
1024 3297 1229 3361 pessima
1254 3307 1480 3346 notarum

465 3377 557 3426 SC.
611 3377 1011 3440 interpretatione
1071 3375 1306 3439 profecta.
1356 3376 1481 3436 Quis

466 3453 566 3502 hoc
607 3469 710 3501 non
756 3454 887 3503 videt
903 3491 917 3514 ‚
959 3466 1044 3503 ant
1088 3457 1197 3518 qnia
1241 3454 1442 3500 miratur
1458 3455 1481 3501 Ρ

467 3532 777 3581 Contrarium
793 3533 957 3582 evenit
980 3533 1031 3580 in
1048 3534 1191 3581 Vei-r.
1214 3535 1255 3590 1,
1278 3523 1327 3590 8¹,
1348 3533 1481 3596 apud

465 3608 799 3658 Rufinianum.

538 3689 586 3736 ⁵.
606 3688 777 3753 Hujus.
795 3688 969 3752 A1.jm
994 3689 1213 3736 civitatis.

534 3766 584 3816 6.
620 3769 695 3814 De
726 3782 781 3813 re
804 3767 1055 3831 J'udu'eare.
1088 3767 1259 3816 Omnia
1290 3769 1341 3814 in
1368 3771 1473 3818 Bal-

462 3847 577 3894 bnm
602 3846 886 3909 conspirant
905 3879 919 3902 ,
943 3848 1029 3909 qui
1055 3863 1080 3894 a
1110 3847 1345 3910 Pompeio
1370 3847 1479 3897 viro

460 3925 858 3988 praestantissimo
887 3923 1124 3979 laudetur,
1148 3935 1198 3972 et
1223 3940 1252 3971 a
1286 3927 1477 3975 civibus

462 4001 561 4050 enin
584 4003 743 4050 modis
764 4000 992 4050 omnibus
1012 4001 1296 4066 celebretur,
1315 4016 1362 4052 et
1389 4005 1476 4052 arl-

457 4080 656 4140 juvetur
680 4081 731 4129 in
756 4080 853 4130 hoc
872 4081 1078 4140 judicio.

1572 3225 1650 3263 tur
1698 3213 1936 3263 excidisse
1999 3214 2097 3278 qm'.
2153 3211 2347 3262 Schiitz.
2399 3213 2592 3262 addidit

1572 3293 1708 3359 qnod
1721 3327 1736 3353 ‚
1779 3293 1938 3340 minus
1963 3292 2180 3341 feliciter.
2208 3295 2256 3343 J.
2271 3295 2336 3341 V.
2357 3296 2411 3341 L.

1641 3389 1692 3420 α.
1713 3371 2070 3420 controversias
2089 3371 2292 3420 sedarit.
2309 3375 2429 3421 Jura
2451 3371 2588 3436 ipso-

1572 3468 1679 3499 rum
1734 3453 1972 3516 permina
2017 3452 2183 3499 statuit
2203 3487 2216 3509 ‚
2257 3453 2369 3516 qnia
2417 3463 2589 3499 contra

1571 3545 1736 3577 eorum
1765 3529 2063 3578 voluntatem
2077 3529 2465 3590 iurisdictionem
2489 3546 2591 3577 non

1573 3619 1850 3673 usurpasset
1885 3609 1938 3655 in
1973 3607 2206 3656 foederata
2240 3620 2290 3657 et
2327 3609 2478 3656 libera
2517 3609 2592 3656 ci-

1574 3687 1737 3736 vitate.

1643 3767 1690 3815 3.
1713 3765 1990 3828 Quondam.
2009 3765 2157 3836 anlti
2183 3765 2396 3828 probant
2421 3767 2589 3827 conje-

1569 3856 1756 3892 cturam
1775 3843 2022 3904 Lambini,
2046 3865 2068 3888 ι
2090 3843 2348 3908 quamdam
2364 3879 2377 3903 ,
2399 3856 2494 3892 etc.
2511 3867 2536 3885 a

1641 3929 1688 3979 4.
1727 3923 2098 3988 Disciplinaque
2137 3922 2328 3971 delerit.
2379 3925 2454 3971 De
2491 3925 2592 3970 ritu

1567 4002 1920 4050 Gaditanorum
1934 4037 1950 4062 ,
1977 4002 2062 4066 qni
2084 4003 2345 4050 Saturnum
2369 4001 2592 4049 hnmani·

1566 4083 1739 4131 hostiis
1781 4082 2050 4147 placa-int,
2099 4097 2236 4145 mque
2279 4092 2335 4129 ut
2360 4082 2500 4146 Tyrii
2541 4089 2590 4128 et
