<?xml version="1.0" encoding="UTF-8"?>
<!DOCTYPE html PUBLIC "-//W3C//DTD XHTML 1.0 Transitional//EN"
    "http://www.w3.org/TR/xhtml1/DTD/xhtml1-transitional.dtd">
<html xmlns="http://www.w3.org/1999/xhtml" xml:lang="en" lang="en">
 <head>
  <title>
</title>
<meta http-equiv="Content-Type" content="text/html;charset=utf-8" />
  <meta name='ocr-system' content='tesseract 3.04.00' />
  <meta name='ocr-capabilities' content='ocr_page ocr_carea ocr_par ocr_line ocrx_word'/>
</head>
<body>
  <div class='ocr_page' id='page_1' title='image "./mtciceronisquae08lemagoog/mtciceronisquae08lemagoog_0405.png"; bbox 0 0 2996 4694; ppageno 0'>
   <div class='ocr_carea' id='block_1_1' title="bbox 769 368 2505 473">
    <p class='ocr_par' dir='ltr' id='par_1_1' title="bbox 769 368 2505 473">
     <span class='ocr_line' id='line_1_1' title="bbox 769 368 2505 473; baseline 0.003 -36"><span class='ocrx_word' id='word_1_1' title='bbox 769 369 1160 438; x_wconf 87' lang='lat' dir='ltr'><strong>ORATIO</strong></span> <span class='ocrx_word' id='word_1_2' title='bbox 1207 368 1316 438; x_wconf 87' lang='lat' dir='ltr'><strong>IN</strong></span> <span class='ocrx_word' id='word_1_3' title='bbox 1367 370 1444 438; x_wconf 90' lang='lat' dir='ltr'><strong>L.</strong></span> <span class='ocrx_word' id='word_1_4' title='bbox 1489 371 1573 442; x_wconf 87' lang='lat' dir='ltr'><strong>C.</strong></span> <span class='ocrx_word' id='word_1_5' title='bbox 1622 372 2112 443; x_wconf 87' lang='lat' dir='ltr'><strong>PISONEM.</strong></span> <span class='ocrx_word' id='word_1_6' title='bbox 2362 373 2505 473; x_wconf 82' lang='grc'><strong>399</strong></span> 
     </span>
    </p>
   </div>
   <div class='ocr_carea' id='block_1_2' title="bbox 269 487 2513 2793">
    <p class='ocr_par' dir='ltr' id='par_1_2' title="bbox 373 487 2513 1360">
     <span class='ocr_line' id='line_1_2' title="bbox 376 487 2507 590; baseline 0.003 -26"><span class='ocrx_word' id='word_1_7' title='bbox 376 491 810 577; x_wconf 83' lang='lat' dir='ltr'><strong>absentiam,</strong></span> <span class='ocrx_word' id='word_1_8' title='bbox 866 503 940 562; x_wconf 87' lang='lat' dir='ltr'><strong>et</strong></span> <span class='ocrx_word' id='word_1_9' title='bbox 979 487 1290 560; x_wconf 89' lang='lat' dir='ltr'><strong>reditum</strong></span> <span class='ocrx_word' id='word_1_10' title='bbox 1338 491 1434 562; x_wconf 88' lang='lat' dir='ltr'><strong>ita</strong></span> <span class='ocrx_word' id='word_1_11' title='bbox 1483 491 1695 589; x_wconf 89' lang='lat' dir='ltr'><strong>longe</strong></span> <span class='ocrx_word' id='word_1_12' title='bbox 1747 507 1879 564; x_wconf 86' lang='lat' dir='ltr'><strong>tuo</strong></span> <span class='ocrx_word' id='word_1_13' title='bbox 1931 497 2373 590; x_wconf 61' lang='lat' dir='ltr'><strong>praestitisse,</strong></span> <span class='ocrx_word' id='word_1_14' title='bbox 2425 516 2507 571; x_wconf 89' lang='lat' dir='ltr'><strong>ut</strong></span> 
     </span>
     <span class='ocr_line' id='line_1_3' title="bbox 373 599 2505 699; baseline 0.005 -27"><span class='ocrx_word' id='word_1_15' title='bbox 373 603 553 674; x_wconf 88' lang='lat' dir='ltr'><strong>mihi</strong></span> <span class='ocrx_word' id='word_1_16' title='bbox 599 599 722 673; x_wconf 86' lang='lat' dir='ltr'><strong>illa</strong></span> <span class='ocrx_word' id='word_1_17' title='bbox 767 601 1012 673; x_wconf 88' lang='lat' dir='ltr'><strong>omnia</strong></span> <span class='ocrx_word' id='word_1_18' title='bbox 1065 600 1545 672; x_wconf 83' lang='lat' dir='ltr'><strong>immortalem</strong></span> <span class='ocrx_word' id='word_1_19' title='bbox 1590 601 1889 699; x_wconf 81' lang='lat' dir='ltr'>gloriam</span> <span class='ocrx_word' id='word_1_20' title='bbox 1939 603 2305 695; x_wconf 84' lang='lat' dir='ltr'>dederint,</span> <span class='ocrx_word' id='word_1_21' title='bbox 2368 610 2505 682; x_wconf 91' lang='lat' dir='ltr'><strong>tibi</strong></span> 
     </span>
     <span class='ocr_line' id='line_1_4' title="bbox 375 710 2503 809; baseline 0.004 -25"><span class='ocrx_word' id='word_1_22' title='bbox 375 713 884 809; x_wconf 85' lang='lat' dir='ltr'><strong>sempiternam</strong></span> <span class='ocrx_word' id='word_1_23' title='bbox 921 710 1448 808; x_wconf 85' lang='lat' dir='ltr'><strong>turpitudinem</strong></span> <span class='ocrx_word' id='word_1_24' title='bbox 1475 713 1893 785; x_wconf 86' lang='lat' dir='ltr'><strong>inflixerint.</strong></span> <span class='ocrx_word' id='word_1_25' title='bbox 1932 720 2143 788; x_wconf 86' lang='lat' dir='ltr'><strong>Nunc</strong></span> <span class='ocrx_word' id='word_1_26' title='bbox 2179 721 2392 792; x_wconf 88' lang='lat' dir='ltr'><strong>etiam</strong></span> <span class='ocrx_word' id='word_1_27' title='bbox 2425 724 2503 794; x_wconf 90' lang='lat' dir='ltr'><strong>in</strong></span> 
     </span>
     <span class='ocr_line' id='line_1_5' title="bbox 375 819 2507 924; baseline 0.005 -32"><span class='ocrx_word' id='word_1_28' title='bbox 375 822 512 894; x_wconf 88' lang='lat' dir='ltr'><strong>hac</strong></span> <span class='ocrx_word' id='word_1_29' title='bbox 543 821 998 918; x_wconf 84' lang='lat' dir='ltr'><strong>quotidiana,</strong></span> <span class='ocrx_word' id='word_1_30' title='bbox 1041 819 1358 909; x_wconf 85' lang='lat' dir='ltr'><strong>assidua,</strong></span> <span class='ocrx_word' id='word_1_31' title='bbox 1395 821 1823 920; x_wconf 85' lang='lat' dir='ltr'><strong>urbanaque</strong></span> <span class='ocrx_word' id='word_1_32' title='bbox 1855 827 1997 896; x_wconf 85' lang='lat' dir='ltr'><strong>vita</strong></span> <span class='ocrx_word' id='word_1_33' title='bbox 2040 827 2507 924; x_wconf 82' lang='lat' dir='ltr'><strong>splendorem</strong></span> 
     </span>
     <span class='ocr_line' id='line_1_6' title="bbox 374 929 2503 1038; baseline 0.005 -36"><span class='ocrx_word' id='word_1_34' title='bbox 374 948 584 1004; x_wconf 90' lang='lat' dir='ltr'><strong>tuum</strong></span> <span class='ocrx_word' id='word_1_35' title='bbox 601 945 656 1021; x_wconf 86' lang='lat'><strong>9,</strong></span> <span class='ocrx_word' id='word_1_36' title='bbox 689 935 1022 1030; x_wconf 86' lang='lat' dir='ltr'><strong>gratiam,</strong></span> <span class='ocrx_word' id='word_1_37' title='bbox 1061 929 1549 1004; x_wconf 82' lang='lat' dir='ltr'><strong>celebritatem</strong></span> <span class='ocrx_word' id='word_1_38' title='bbox 1596 933 2167 1026; x_wconf 72' lang='lat' dir='ltr'><strong>domesticamw,</strong></span> <span class='ocrx_word' id='word_1_39' title='bbox 2206 964 2503 1038; x_wconf 83' lang='lat' dir='ltr'><strong>operam</strong></span> 
     </span>
     <span class='ocr_line' id='line_1_7' title="bbox 375 1039 2506 1135; baseline 0.004 -23"><span class='ocrx_word' id='word_1_40' title='bbox 375 1039 736 1114; x_wconf 88' lang='lat' dir='ltr'><strong>forensem</strong></span> <span class='ocrx_word' id='word_1_41' title='bbox 757 1053 844 1130; x_wconf 82' lang='lat'><strong>¹¹,</strong></span> <span class='ocrx_word' id='word_1_42' title='bbox 878 1042 1298 1131; x_wconf 87' lang='lat' dir='ltr'><strong>consilium,</strong></span> <span class='ocrx_word' id='word_1_43' title='bbox 1341 1042 1721 1128; x_wconf 86' lang='lat' dir='ltr'><strong>auxilium,</strong></span> <span class='ocrx_word' id='word_1_44' title='bbox 1763 1049 2303 1135; x_wconf 87' lang='lat' dir='ltr'><strong>auctoritatem,</strong></span> <span class='ocrx_word' id='word_1_45' title='bbox 2342 1072 2506 1121; x_wconf 88' lang='lat' dir='ltr'><strong>sen-</strong></span> 
     </span>
     <span class='ocr_line' id='line_1_8' title="bbox 377 1151 2509 1247; baseline 0.003 -23"><span class='ocrx_word' id='word_1_46' title='bbox 377 1154 674 1224; x_wconf 90' lang='lat' dir='ltr'><strong>tentiam</strong></span> <span class='ocrx_word' id='word_1_47' title='bbox 724 1153 1260 1241; x_wconf 36' lang='lat' dir='ltr'><strong>senatoriam&amp;</strong></span> <span class='ocrx_word' id='word_1_48' title='bbox 1317 1151 1569 1240; x_wconf 89' lang='lat' dir='ltr'><strong>nobis,</strong></span> <span class='ocrx_word' id='word_1_49' title='bbox 1612 1169 1773 1240; x_wconf 87' lang='lat' dir='ltr'><strong>aut,</strong></span> <span class='ocrx_word' id='word_1_50' title='bbox 1818 1168 1901 1225; x_wconf 92' lang='lat' dir='ltr'><strong>ut</strong></span> <span class='ocrx_word' id='word_1_51' title='bbox 1950 1159 2191 1227; x_wconf 85' lang='lat' dir='ltr'><strong>verius</strong></span> <span class='ocrx_word' id='word_1_52' title='bbox 2244 1157 2509 1247; x_wconf 81' lang='lat' dir='ltr'><strong>dicam,</strong></span> 
     </span>
     <span class='ocr_line' id='line_1_9' title="bbox 375 1258 2513 1360; baseline 0.004 -28"><span class='ocrx_word' id='word_1_53' title='bbox 375 1263 714 1359; x_wconf 84' lang='lat' dir='ltr'><strong>cuiquam</strong></span> <span class='ocrx_word' id='word_1_54' title='bbox 761 1285 838 1334; x_wconf 88' lang='lat' dir='ltr'><strong>es</strong></span> <span class='ocrx_word' id='word_1_55' title='bbox 889 1258 1218 1334; x_wconf 78' lang='lat' dir='ltr'><strong>infimo¹³</strong></span> <span class='ocrx_word' id='word_1_56' title='bbox 1263 1286 1346 1336; x_wconf 87' lang='lat' dir='ltr'><strong>ac</strong></span> <span class='ocrx_word' id='word_1_57' title='bbox 1390 1261 1971 1360; x_wconf 87' lang='lat' dir='ltr'><strong>desperatissimo</strong></span> <span class='ocrx_word' id='word_1_58' title='bbox 2018 1267 2513 1341; x_wconf 82' lang='lat' dir='ltr'><strong>antelaturus?</strong></span> 
     </span>
    </p>

    <p class='ocr_par' dir='ltr' id='par_1_3' title="bbox 269 1371 2513 2793">
     <span class='ocr_line' id='line_1_10' title="bbox 469 1371 2513 1470; baseline 0.004 -26"><span class='ocrx_word' id='word_1_59' title='bbox 469 1377 760 1444; x_wconf 86' lang='lat' dir='ltr'><strong>XXVII.</strong></span> <span class='ocrx_word' id='word_1_60' title='bbox 811 1378 998 1470; x_wconf 85' lang='lat' dir='ltr'><strong>Age,</strong></span> <span class='ocrx_word' id='word_1_61' title='bbox 1036 1387 1328 1446; x_wconf 88' lang='lat' dir='ltr'><strong>senatus</strong></span> <span class='ocrx_word' id='word_1_62' title='bbox 1369 1371 1523 1444; x_wconf 90' lang='lat' dir='ltr'><strong>odit</strong></span> <span class='ocrx_word' id='word_1_63' title='bbox 1558 1387 1669 1463; x_wconf 89' lang='lat' dir='ltr'><strong>te,</strong></span> <span class='ocrx_word' id='word_1_64' title='bbox 1710 1372 1913 1470; x_wconf 89' lang='lat' dir='ltr'><strong>quod</strong></span> <span class='ocrx_word' id='word_1_65' title='bbox 1949 1397 2115 1446; x_wconf 86' lang='lat' dir='ltr'><strong>eum</strong></span> <span class='ocrx_word' id='word_1_66' title='bbox 2155 1392 2235 1448; x_wconf 94' lang='lat' dir='ltr'><strong>tu</strong></span> <span class='ocrx_word' id='word_1_67' title='bbox 2278 1376 2513 1452; x_wconf 85' lang='lat' dir='ltr'><strong>facere</strong></span> 
     </span>
     <span class='ocr_line' id='line_1_11' title="bbox 366 1483 2510 1582; baseline 0.004 -28"><span class='ocrx_word' id='word_1_68' title='bbox 366 1484 530 1578; x_wconf 86' lang='lat' dir='ltr'><strong>jure</strong></span> <span class='ocrx_word' id='word_1_69' title='bbox 583 1485 916 1557; x_wconf 82' lang='lat' dir='ltr'><strong>concedis</strong></span> <span class='ocrx_word' id='word_1_70' title='bbox 935 1541 956 1574; x_wconf 92' lang='lat'><strong>,</strong></span> <span class='ocrx_word' id='word_1_71' title='bbox 1007 1483 1438 1557; x_wconf 84' lang='lat' dir='ltr'><strong>afflictorem</strong></span> <span class='ocrx_word' id='word_1_72' title='bbox 1487 1499 1562 1556; x_wconf 90' lang='lat' dir='ltr'><strong>et</strong></span> <span class='ocrx_word' id='word_1_73' title='bbox 1600 1483 2047 1582; x_wconf 88' lang='lat' dir='ltr'><strong>perditorem</strong></span> <span class='ocrx_word' id='word_1_74' title='bbox 2086 1511 2238 1559; x_wconf 90' lang='lat' dir='ltr'><strong>non</strong></span> <span class='ocrx_word' id='word_1_75' title='bbox 2287 1489 2510 1562; x_wconf 91' lang='lat' dir='ltr'><strong>modo</strong></span> 
     </span>
     <span class='ocr_line' id='line_1_12' title="bbox 375 1594 2510 1694; baseline 0.003 -28"><span class='ocrx_word' id='word_1_76' title='bbox 375 1594 738 1694; x_wconf 87' lang='lat' dir='ltr'><strong>dignitatis</strong></span> <span class='ocrx_word' id='word_1_77' title='bbox 777 1611 852 1668; x_wconf 90' lang='lat' dir='ltr'><strong>et</strong></span> <span class='ocrx_word' id='word_1_78' title='bbox 887 1599 1392 1683; x_wconf 82' lang='lat' dir='ltr'><strong>auctoritatis1,</strong></span> <span class='ocrx_word' id='word_1_79' title='bbox 1433 1595 1563 1666; x_wconf 90' lang='lat' dir='ltr'><strong>sed</strong></span> <span class='ocrx_word' id='word_1_80' title='bbox 1602 1601 1905 1668; x_wconf 90' lang='lat' dir='ltr'><strong>omnino</strong></span> <span class='ocrx_word' id='word_1_81' title='bbox 1940 1595 2217 1669; x_wconf 85' lang='lat' dir='ltr'><strong>ordinis</strong></span> <span class='ocrx_word' id='word_1_82' title='bbox 2248 1623 2331 1670; x_wconf 87' lang='lat' dir='ltr'><strong>ac</strong></span> <span class='ocrx_word' id='word_1_83' title='bbox 2378 1605 2510 1673; x_wconf 86' lang='lat' dir='ltr'><strong>n&#39;o-</strong></span> 
     </span>
     <span class='ocr_line' id='line_1_13' title="bbox 377 1704 2507 1805; baseline 0.003 -30"><span class='ocrx_word' id='word_1_84' title='bbox 377 1707 592 1778; x_wconf 80' lang='lat' dir='ltr'><strong>minis</strong></span> <span class='ocrx_word' id='word_1_85' title='bbox 620 1709 763 1793; x_wconf 79' lang='lat' dir='ltr'><strong>sui3</strong></span> <span class='ocrx_word' id='word_1_86' title='bbox 791 1704 1040 1778; x_wconf 81' lang='lat' dir='ltr'><strong>videre</strong></span> <span class='ocrx_word' id='word_1_87' title='bbox 1071 1707 1352 1803; x_wconf 85' lang='lat' dir='ltr'><strong>equites</strong></span> <span class='ocrx_word' id='word_1_88' title='bbox 1383 1707 1663 1776; x_wconf 81' lang='lat' dir='ltr'><strong>romani</strong></span> <span class='ocrx_word' id='word_1_89' title='bbox 1692 1730 1842 1776; x_wconf 89' lang='lat' dir='ltr'><strong>non</strong></span> <span class='ocrx_word' id='word_1_90' title='bbox 1872 1722 2211 1802; x_wconf 85' lang='lat' dir='ltr'><strong>possunt,</strong></span> <span class='ocrx_word' id='word_1_91' title='bbox 2242 1733 2393 1805; x_wconf 90' lang='lat' dir='ltr'><strong>quo</strong></span> <span class='ocrx_word' id='word_1_92' title='bbox 2418 1735 2507 1782; x_wconf 81' lang='lat' dir='ltr'><strong>ex</strong></span> 
     </span>
     <span class='ocr_line' id='line_1_14' title="bbox 375 1814 2509 1913; baseline 0.003 -29"><span class='ocrx_word' id='word_1_93' title='bbox 375 1814 632 1888; x_wconf 90' lang='lat' dir='ltr'><strong>ordine</strong></span> <span class='ocrx_word' id='word_1_94' title='bbox 667 1818 778 1886; x_wconf 87' lang='lat' dir='ltr'><strong>vir</strong></span> <span class='ocrx_word' id='word_1_95' title='bbox 811 1816 1432 1913; x_wconf 70' lang='lat' dir='ltr'><strong>praestantissimus</strong></span> <span class='ocrx_word' id='word_1_96' title='bbox 1469 1829 1545 1885; x_wconf 89' lang='lat' dir='ltr'><strong>et</strong></span> <span class='ocrx_word' id='word_1_97' title='bbox 1574 1815 2113 1886; x_wconf 82' lang='lat' dir='ltr'><strong>ornatissimus²</strong></span> <span class='ocrx_word' id='word_1_98' title='bbox 2156 1821 2238 1886; x_wconf 92' lang='lat' dir='ltr'><strong>L.</strong></span> <span class='ocrx_word' id='word_1_99' title='bbox 2281 1819 2509 1892; x_wconf 84' lang='lat' dir='ltr'><strong>AElius</strong></span> 
     </span>
     <span class='ocr_line' id='line_1_15' title="bbox 377 1921 2507 2024; baseline 0.002 -28"><span class='ocrx_word' id='word_1_100' title='bbox 377 1939 520 2011; x_wconf 88' lang='lat' dir='ltr'><strong>est,</strong></span> <span class='ocrx_word' id='word_1_101' title='bbox 567 1941 638 1998; x_wconf 89' lang='lat' dir='ltr'><strong>te</strong></span> <span class='ocrx_word' id='word_1_102' title='bbox 679 1925 1015 2013; x_wconf 87' lang='lat' dir='ltr'><strong>consule,</strong></span> <span class='ocrx_word' id='word_1_103' title='bbox 1061 1925 1448 2021; x_wconf 82' lang='lat' dir='ltr'><strong>relegatus3</strong></span> <span class='ocrx_word' id='word_1_104' title='bbox 1503 1921 1712 2021; x_wconf 88' lang='lat' dir='ltr'><strong>plebs</strong></span> <span class='ocrx_word' id='word_1_105' title='bbox 1754 1921 2095 1995; x_wconf 70' lang='lat' dir='ltr'><strong>romana3</strong></span> <span class='ocrx_word' id='word_1_106' title='bbox 2140 1926 2507 2024; x_wconf 89' lang='lat' dir='ltr'><strong>perditum</strong></span> 
     </span>
     <span class='ocr_line' id='line_1_16' title="bbox 378 2033 2507 2133; baseline 0.002 -27"><span class='ocrx_word' id='word_1_107' title='bbox 378 2039 618 2133; x_wconf 87' lang='lat' dir='ltr'><strong>cupit,</strong></span> <span class='ocrx_word' id='word_1_108' title='bbox 659 2038 736 2106; x_wconf 88' lang='lat' dir='ltr'><strong>in</strong></span> <span class='ocrx_word' id='word_1_109' title='bbox 773 2037 980 2131; x_wconf 86' lang='lat' dir='ltr'><strong>eujus</strong></span> <span class='ocrx_word' id='word_1_110' title='bbox 1013 2051 1094 2107; x_wconf 90' lang='lat' dir='ltr'><strong>tu</strong></span> <span class='ocrx_word' id='word_1_111' title='bbox 1137 2033 1505 2106; x_wconf 85' lang='lat' dir='ltr'><strong>infamiam</strong></span> <span class='ocrx_word' id='word_1_112' title='bbox 1544 2057 1663 2121; x_wconf 90' lang='lat' dir='ltr'><strong>ea,</strong></span> <span class='ocrx_word' id='word_1_113' title='bbox 1716 2058 1880 2129; x_wconf 81' lang='lat' dir='ltr'><strong>quae</strong></span> <span class='ocrx_word' id='word_1_114' title='bbox 1918 2059 2048 2132; x_wconf 91' lang='lat' dir='ltr'><strong>per</strong></span> <span class='ocrx_word' id='word_1_115' title='bbox 2085 2034 2399 2109; x_wconf 89' lang='lat' dir='ltr'><strong>latrones</strong></span> <span class='ocrx_word' id='word_1_116' title='bbox 2434 2054 2507 2110; x_wconf 87' lang='lat' dir='ltr'><strong>et</strong></span> 
     </span>
     <span class='ocr_line' id='line_1_17' title="bbox 269 2141 2509 2242; baseline 0.002 -27"><span class='ocrx_word' id='word_1_117' title='bbox 269 2169 278 2180; x_wconf 93' lang='lat'><strong>·</strong></span> <span class='ocrx_word' id='word_1_118' title='bbox 377 2167 510 2241; x_wconf 89' lang='lat' dir='ltr'><strong>per</strong></span> <span class='ocrx_word' id='word_1_119' title='bbox 555 2169 799 2238; x_wconf 82' lang='lat' dir='ltr'><strong>servos</strong></span> <span class='ocrx_word' id='word_1_120' title='bbox 846 2145 938 2217; x_wconf 91' lang='lat' dir='ltr'><strong>de</strong></span> <span class='ocrx_word' id='word_1_121' title='bbox 991 2169 1128 2218; x_wconf 87' lang='lat' dir='ltr'><strong>me.</strong></span> <span class='ocrx_word' id='word_1_122' title='bbox 1159 2167 1438 2242; x_wconf 86' lang='lat' dir='ltr'><strong>egeras,</strong></span> <span class='ocrx_word' id='word_1_123' title='bbox 1489 2141 1899 2224; x_wconf 77' lang='lat' dir='ltr'><strong>contulisti3</strong></span> <span class='ocrx_word' id='word_1_124' title='bbox 1952 2142 2200 2214; x_wconf 70' lang='lat' dir='ltr'><strong>Italia4</strong></span> <span class='ocrx_word' id='word_1_125' title='bbox 2250 2161 2509 2218; x_wconf 86' lang='lat' dir='ltr'><strong>cuncta</strong></span> 
     </span>
     <span class='ocr_line' id='line_1_18' title="bbox 377 2250 2509 2349; baseline 0.002 -25"><span class='ocrx_word' id='word_1_126' title='bbox 377 2267 810 2342; x_wconf 83' lang='lat' dir='ltr'><strong>exsecratur,</strong></span> <span class='ocrx_word' id='word_1_127' title='bbox 873 2254 1080 2349; x_wconf 85' lang='lat' dir='ltr'><strong>cujus</strong></span> <span class='ocrx_word' id='word_1_128' title='bbox 1139 2252 1334 2325; x_wconf 86' lang='lat' dir='ltr'><strong>idem</strong></span> <span class='ocrx_word' id='word_1_129' title='bbox 1389 2269 1470 2324; x_wconf 90' lang='lat' dir='ltr'><strong>tu</strong></span> <span class='ocrx_word' id='word_1_130' title='bbox 1522 2250 2033 2349; x_wconf 85' lang='lat' dir='ltr'><strong>superbissime</strong></span> <span class='ocrx_word' id='word_1_131' title='bbox 2094 2252 2379 2328; x_wconf 89' lang='lat' dir='ltr'><strong>decreta</strong></span> <span class='ocrx_word' id='word_1_132' title='bbox 2433 2271 2509 2328; x_wconf 86' lang='lat' dir='ltr'><strong>et</strong></span> 
     </span>
     <span class='ocr_line' id='line_1_19' title="bbox 379 2363 2505 2464; baseline 0.002 -31"><span class='ocrx_word' id='word_1_133' title='bbox 379 2387 630 2460; x_wconf 89' lang='lat' dir='ltr'><strong>preces</strong></span> <span class='ocrx_word' id='word_1_134' title='bbox 663 2366 1074 2464; x_wconf 86' lang='lat' dir='ltr'><strong>repudiasti.</strong></span> <span class='ocrx_word' id='word_1_135' title='bbox 1107 2371 1244 2436; x_wconf 84' lang='lat' dir='ltr'><strong>Fae</strong></span> <span class='ocrx_word' id='word_1_136' title='bbox 1269 2365 1489 2460; x_wconf 87' lang='lat' dir='ltr'><strong>hujus</strong></span> <span class='ocrx_word' id='word_1_137' title='bbox 1522 2364 1668 2435; x_wconf 91' lang='lat' dir='ltr'><strong>odii</strong></span> <span class='ocrx_word' id='word_1_138' title='bbox 1694 2363 1875 2433; x_wconf 87' lang='lat' dir='ltr'><strong>tanti</strong></span> <span class='ocrx_word' id='word_1_139' title='bbox 1902 2388 1987 2435; x_wconf 88' lang='lat' dir='ltr'><strong>ac</strong></span> <span class='ocrx_word' id='word_1_140' title='bbox 2018 2378 2163 2435; x_wconf 88' lang='lat' dir='ltr'><strong>tam</strong></span> <span class='ocrx_word' id='word_1_141' title='bbox 2190 2369 2505 2439; x_wconf 84' lang='lat' dir='ltr'><strong>universi</strong></span> 
     </span>
     <span class='ocr_line' id='line_1_20' title="bbox 378 2473 2509 2571; baseline 0.001 -26"><span class='ocrx_word' id='word_1_142' title='bbox 378 2475 819 2571; x_wconf 88' lang='lat' dir='ltr'><strong>periculum,</strong></span> <span class='ocrx_word' id='word_1_143' title='bbox 857 2480 916 2549; x_wconf 91' lang='lat' dir='ltr'><strong>si</strong></span> <span class='ocrx_word' id='word_1_144' title='bbox 971 2476 1212 2549; x_wconf 87' lang='lat' dir='ltr'><strong>audes.</strong></span> <span class='ocrx_word' id='word_1_145' title='bbox 1263 2480 1547 2547; x_wconf 86' lang='lat' dir='ltr'><strong>Instant</strong></span> <span class='ocrx_word' id='word_1_146' title='bbox 1594 2488 1761 2571; x_wconf 89' lang='lat' dir='ltr'><strong>post</strong></span> <span class='ocrx_word' id='word_1_147' title='bbox 1809 2473 2191 2544; x_wconf 89' lang='lat' dir='ltr'><strong>hominum</strong></span> <span class='ocrx_word' id='word_1_148' title='bbox 2237 2498 2509 2548; x_wconf 89' lang='lat' dir='ltr'><strong>memo-</strong></span> 
     </span>
     <span class='ocr_line' id='line_1_21' title="bbox 375 2582 2511 2684; baseline 0.003 -31"><span class='ocrx_word' id='word_1_149' title='bbox 375 2583 554 2653; x_wconf 84' lang='lat' dir='ltr'><strong>riam</strong></span> <span class='ocrx_word' id='word_1_150' title='bbox 594 2587 1112 2684; x_wconf 84' lang='lat' dir='ltr'><strong>apparatissimi</strong></span> <span class='ocrx_word' id='word_1_151' title='bbox 1145 2584 1981 2683; x_wconf 86' lang='lat' dir='ltr'><strong>magnificentissimique</strong></span> <span class='ocrx_word' id='word_1_152' title='bbox 2037 2582 2223 2669; x_wconf 87' lang='lat' dir='ltr'><strong>ludi,</strong></span> <span class='ocrx_word' id='word_1_153' title='bbox 2258 2586 2511 2681; x_wconf 88' lang='lat' dir='ltr'><strong>quales</strong></span> 
     </span>
     <span class='ocr_line' id='line_1_22' title="bbox 375 2690 2509 2793; baseline 0.002 -30"><span class='ocrx_word' id='word_1_154' title='bbox 375 2718 526 2765; x_wconf 89' lang='lat' dir='ltr'><strong>non</strong></span> <span class='ocrx_word' id='word_1_155' title='bbox 571 2694 791 2768; x_wconf 89' lang='lat' dir='ltr'><strong>modo</strong></span> <span class='ocrx_word' id='word_1_156' title='bbox 827 2720 1224 2793; x_wconf 85' lang='lat' dir='ltr'><strong>numquam</strong></span> <span class='ocrx_word' id='word_1_157' title='bbox 1267 2694 1615 2779; x_wconf 75' lang='lat' dir='ltr'><strong>fuerunt,</strong></span> <span class='ocrx_word' id='word_1_158' title='bbox 1652 2690 1779 2765; x_wconf 90' lang='lat' dir='ltr'><strong>sed</strong></span> <span class='ocrx_word' id='word_1_159' title='bbox 1804 2716 1901 2764; x_wconf 90' lang='lat' dir='ltr'><strong>ne</strong></span> <span class='ocrx_word' id='word_1_160' title='bbox 1938 2691 2315 2789; x_wconf 89' lang='lat' dir='ltr'><strong>quomodo</strong></span> <span class='ocrx_word' id='word_1_161' title='bbox 2350 2694 2509 2767; x_wconf 88' lang='lat' dir='ltr'><strong>fieri</strong></span> 
     </span>
    </p>
   </div>
   <div class='ocr_carea' id='block_1_3' title="bbox 381 2858 1402 4185">
    <p class='ocr_par' dir='ltr' id='par_1_4' title="bbox 381 2858 1398 2999">
     <span class='ocr_line' id='line_1_23' title="bbox 449 2858 1398 2920; baseline 0.002 -15"><span class='ocrx_word' id='word_1_162' title='bbox 449 2870 500 2918; x_wconf 85' lang='lat'><strong>9.</strong></span> <span class='ocrx_word' id='word_1_163' title='bbox 522 2858 830 2920; x_wconf 73' lang='lat' dir='ltr'><strong>Splendet-em</strong></span> <span class='ocrx_word' id='word_1_164' title='bbox 849 2870 1002 2908; x_wconf 77' lang='lat' dir='ltr'><strong>tuum.</strong></span> <span class='ocrx_word' id='word_1_165' title='bbox 1027 2858 1228 2907; x_wconf 76' lang='lat' dir='ltr'><strong>Privatis</strong></span> <span class='ocrx_word' id='word_1_166' title='bbox 1244 2858 1398 2907; x_wconf 79' lang='lat' dir='ltr'><strong>virtu-</strong></span> 
     </span>
     <span class='ocr_line' id='line_1_24' title="bbox 381 2934 1080 2999; baseline 0.007 -18"><span class='ocrx_word' id='word_1_167' title='bbox 381 2934 512 2983; x_wconf 69' lang='lat' dir='ltr'><strong>nibus</strong></span> <span class='ocrx_word' id='word_1_168' title='bbox 531 2939 782 2999; x_wconf 67' lang='lat' dir='ltr'><strong>quesitam</strong></span> <span class='ocrx_word' id='word_1_169' title='bbox 800 2938 1080 2986; x_wconf 70' lang='lat' dir='ltr'><strong>claritatem.</strong></span> 
     </span>
    </p>

    <p class='ocr_par' dir='ltr' id='par_1_5' title="bbox 381 3016 1400 3463">
     <span class='ocr_line' id='line_1_25' title="bbox 455 3016 1395 3065; baseline 0.002 -3"><span class='ocrx_word' id='word_1_170' title='bbox 455 3028 534 3064; x_wconf 79' lang='grc' dir='ltr'><strong>ιο.</strong></span> <span class='ocrx_word' id='word_1_171' title='bbox 569 3016 898 3065; x_wconf 72' lang='lat' dir='ltr'><strong>celebritatem</strong></span> <span class='ocrx_word' id='word_1_172' title='bbox 925 3016 1254 3065; x_wconf 71' lang='lat' dir='ltr'><strong>domesticam.</strong></span> <span class='ocrx_word' id='word_1_173' title='bbox 1283 3021 1395 3064; x_wconf 76' lang='lat' dir='ltr'><strong>Fre-</strong></span> 
     </span>
     <span class='ocr_line' id='line_1_26' title="bbox 381 3094 1396 3160; baseline 0.003 -21"><span class='ocrx_word' id='word_1_174' title='bbox 381 3094 628 3155; x_wconf 78' lang='lat' dir='ltr'><strong>quentiam</strong></span> <span class='ocrx_word' id='word_1_175' title='bbox 650 3095 878 3144; x_wconf 80' lang='lat' dir='ltr'><strong>clientum</strong></span> <span class='ocrx_word' id='word_1_176' title='bbox 893 3131 907 3156; x_wconf 93' lang='lat'><strong>,</strong></span> <span class='ocrx_word' id='word_1_177' title='bbox 932 3096 1020 3160; x_wconf 87' lang='lat' dir='ltr'><strong>qni</strong></span> <span class='ocrx_word' id='word_1_178' title='bbox 1042 3095 1240 3144; x_wconf 80' lang='lat' dir='ltr'><strong>domum</strong></span> <span class='ocrx_word' id='word_1_179' title='bbox 1265 3107 1396 3143; x_wconf 83' lang='lat' dir='ltr'><strong>tuam</strong></span> 
     </span>
     <span class='ocr_line' id='line_1_27' title="bbox 381 3172 1398 3225; baseline 0.004 -7"><span class='ocrx_word' id='word_1_180' title='bbox 381 3172 612 3221; x_wconf 82' lang='lat' dir='ltr'><strong>matutina</strong></span> <span class='ocrx_word' id='word_1_181' title='bbox 639 3174 926 3223; x_wconf 79' lang='lat' dir='ltr'><strong>salutatione</strong></span> <span class='ocrx_word' id='word_1_182' title='bbox 953 3174 1196 3225; x_wconf 82' lang='lat' dir='ltr'><strong>celebrent</strong></span> <span class='ocrx_word' id='word_1_183' title='bbox 1221 3190 1277 3223; x_wconf 80' lang='lat' dir='ltr'><strong>ae</strong></span> <span class='ocrx_word' id='word_1_184' title='bbox 1303 3175 1398 3222; x_wconf 75' lang='lat' dir='ltr'><strong>sre-</strong></span> 
     </span>
     <span class='ocr_line' id='line_1_28' title="bbox 381 3250 1400 3315; baseline 0.004 -18"><span class='ocrx_word' id='word_1_185' title='bbox 381 3261 635 3314; x_wconf 84' lang='lat' dir='ltr'><strong>quentent.</strong></span> <span class='ocrx_word' id='word_1_186' title='bbox 668 3255 797 3315; x_wconf 77' lang='lat' dir='ltr'><strong>Quia</strong></span> <span class='ocrx_word' id='word_1_187' title='bbox 818 3254 1046 3303; x_wconf 83' lang='lat' dir='ltr'><strong>videlicet</strong></span> <span class='ocrx_word' id='word_1_188' title='bbox 1071 3250 1400 3303; x_wconf 79' lang='lat' dir='ltr'><strong>honorificum</strong></span> 
     </span>
     <span class='ocr_line' id='line_1_29' title="bbox 383 3328 1399 3397; baseline 0.005 -21"><span class='ocrx_word' id='word_1_189' title='bbox 383 3328 476 3377; x_wconf 74' lang='lat' dir='ltr'><strong>fuit</strong></span> <span class='ocrx_word' id='word_1_190' title='bbox 499 3330 682 3379; x_wconf 85' lang='lat' dir='ltr'><strong>multos</strong></span> <span class='ocrx_word' id='word_1_191' title='bbox 703 3332 877 3381; x_wconf 81' lang='lat' dir='ltr'><strong>habere</strong></span> <span class='ocrx_word' id='word_1_192' title='bbox 899 3334 1124 3393; x_wconf 81' lang='lat' dir='ltr'><strong>clientes,</strong></span> <span class='ocrx_word' id='word_1_193' title='bbox 1151 3334 1238 3397; x_wconf 84' lang='lat' dir='ltr'><strong>qni</strong></span> <span class='ocrx_word' id='word_1_194' title='bbox 1259 3348 1399 3381; x_wconf 81' lang='lat' dir='ltr'><strong>mane</strong></span> 
     </span>
     <span class='ocr_line' id='line_1_30' title="bbox 381 3407 1088 3463; baseline 0.01 -8"><span class='ocrx_word' id='word_1_195' title='bbox 381 3407 443 3457; x_wconf 83' lang='lat' dir='ltr'><strong>ad</strong></span> <span class='ocrx_word' id='word_1_196' title='bbox 461 3408 770 3459; x_wconf 78' lang='lat' dir='ltr'><strong>salutandum</strong></span> <span class='ocrx_word' id='word_1_197' title='bbox 784 3413 1088 3463; x_wconf 79' lang='lat' dir='ltr'><strong>secederent.</strong></span> 
     </span>
    </p>

    <p class='ocr_par' dir='ltr' id='par_1_6' title="bbox 381 3489 1402 3793">
     <span class='ocr_line' id='line_1_31' title="bbox 457 3489 1399 3555; baseline 0.002 -20"><span class='ocrx_word' id='word_1_198' title='bbox 457 3504 480 3535; x_wconf 84' lang='lat'>1</span> <span class='ocrx_word' id='word_1_199' title='bbox 493 3504 538 3535; x_wconf 81' lang='grc' dir='ltr'><strong>ι.</strong></span> <span class='ocrx_word' id='word_1_200' title='bbox 566 3489 773 3553; x_wconf 80' lang='lat' dir='ltr'><strong>Operam</strong></span> <span class='ocrx_word' id='word_1_201' title='bbox 778 3491 1050 3555; x_wconf 78' lang='lat' dir='ltr'><strong>forensem.</strong></span> <span class='ocrx_word' id='word_1_202' title='bbox 1072 3491 1399 3541; x_wconf 78' lang='lat' dir='ltr'><strong>Patrocinium</strong></span> 
     </span>
     <span class='ocr_line' id='line_1_32' title="bbox 381 3568 1400 3634; baseline 0 -17"><span class='ocrx_word' id='word_1_203' title='bbox 381 3570 434 3617; x_wconf 88' lang='lat' dir='ltr'><strong>in</strong></span> <span class='ocrx_word' id='word_1_204' title='bbox 447 3568 602 3615; x_wconf 85' lang='lat' dir='ltr'><strong>causis</strong></span> <span class='ocrx_word' id='word_1_205' title='bbox 615 3569 812 3632; x_wconf 70' lang='lat' dir='ltr'><strong>agendis</strong></span> <span class='ocrx_word' id='word_1_206' title='bbox 825 3569 888 3617; x_wconf 82' lang='lat' dir='ltr'><strong>sd</strong></span> <span class='ocrx_word' id='word_1_207' title='bbox 899 3570 1208 3634; x_wconf 78' lang='lat' dir='ltr'><strong>splendorem</strong></span> <span class='ocrx_word' id='word_1_208' title='bbox 1220 3570 1400 3619; x_wconf 77' lang='lat' dir='ltr'><strong>civium</strong></span> 
     </span>
     <span class='ocr_line' id='line_1_33' title="bbox 381 3645 1402 3713; baseline 0 -16"><span class='ocrx_word' id='word_1_209' title='bbox 381 3645 657 3713; x_wconf 71' lang='lat' dir='ltr'><strong>pertinebat</strong></span> <span class='ocrx_word' id='word_1_210' title='bbox 679 3663 695 3709; x_wconf 86' lang='lat'>;</span> <span class='ocrx_word' id='word_1_211' title='bbox 727 3648 860 3695; x_wconf 85' lang='lat' dir='ltr'><strong>unde</strong></span> <span class='ocrx_word' id='word_1_212' title='bbox 896 3660 943 3696; x_wconf 90' lang='lat' dir='ltr'><strong>et</strong></span> <span class='ocrx_word' id='word_1_213' title='bbox 984 3650 1182 3697; x_wconf 83' lang='lat' dir='ltr'><strong>maximi</strong></span> <span class='ocrx_word' id='word_1_214' title='bbox 1219 3648 1402 3713; x_wconf 76' lang='lat' dir='ltr'><strong>quique</strong></span> 
     </span>
     <span class='ocr_line' id='line_1_34' title="bbox 383 3727 1367 3793; baseline 0 -16"><span class='ocrx_word' id='word_1_215' title='bbox 383 3744 582 3793; x_wconf 82' lang='lat' dir='ltr'><strong>operam</strong></span> <span class='ocrx_word' id='word_1_216' title='bbox 599 3728 651 3775; x_wconf 88' lang='lat' dir='ltr'><strong>in</strong></span> <span class='ocrx_word' id='word_1_217' title='bbox 672 3728 782 3775; x_wconf 81' lang='lat' dir='ltr'><strong>soro</strong></span> <span class='ocrx_word' id='word_1_218' title='bbox 798 3727 1090 3793; x_wconf 80' lang='lat' dir='ltr'><strong>judiciisque</strong></span> <span class='ocrx_word' id='word_1_219' title='bbox 1107 3728 1367 3778; x_wconf 79' lang='lat' dir='ltr'><strong>navabant.</strong></span> 
     </span>
    </p>

    <p class='ocr_par' dir='ltr' id='par_1_7' title="bbox 381 3806 1402 4015">
     <span class='ocr_line' id='line_1_35' title="bbox 459 3806 1402 3858; baseline 0.001 -2"><span class='ocrx_word' id='word_1_220' title='bbox 459 3822 538 3857; x_wconf 76' lang='lat'><strong>12.</strong></span> <span class='ocrx_word' id='word_1_221' title='bbox 585 3806 879 3857; x_wconf 75' lang='lat' dir='ltr'><strong>Sententiam</strong></span> <span class='ocrx_word' id='word_1_222' title='bbox 919 3807 1232 3858; x_wconf 75' lang='lat' dir='ltr'><strong>senatoriam.</strong></span> <span class='ocrx_word' id='word_1_223' title='bbox 1275 3811 1402 3857; x_wconf 87' lang='lat' dir='ltr'><strong>Pru-</strong></span> 
     </span>
     <span class='ocr_line' id='line_1_36' title="bbox 381 3886 1400 3937; baseline -0.002 -2"><span class='ocrx_word' id='word_1_224' title='bbox 381 3887 598 3936; x_wconf 86' lang='lat' dir='ltr'><strong>dentiam</strong></span> <span class='ocrx_word' id='word_1_225' title='bbox 639 3899 690 3937; x_wconf 87' lang='lat' dir='ltr'><strong>et</strong></span> <span class='ocrx_word' id='word_1_226' title='bbox 733 3888 1068 3937; x_wconf 82' lang='lat' dir='ltr'><strong>auctoritatem</strong></span> <span class='ocrx_word' id='word_1_227' title='bbox 1101 3888 1154 3937; x_wconf 89' lang='lat' dir='ltr'><strong>in</strong></span> <span class='ocrx_word' id='word_1_228' title='bbox 1192 3886 1400 3937; x_wconf 82' lang='lat' dir='ltr'><strong>dicenda</strong></span> 
     </span>
     <span class='ocr_line' id='line_1_37' title="bbox 382 3966 896 4015; baseline -0.004 0"><span class='ocrx_word' id='word_1_229' title='bbox 382 3966 617 4015; x_wconf 86' lang='lat' dir='ltr'><strong>sententia</strong></span> <span class='ocrx_word' id='word_1_230' title='bbox 638 3966 692 4015; x_wconf 91' lang='lat' dir='ltr'><strong>in</strong></span> <span class='ocrx_word' id='word_1_231' title='bbox 709 3976 896 4015; x_wconf 82' lang='lat' dir='ltr'><strong>senatu.</strong></span> 
     </span>
    </p>

    <p class='ocr_par' dir='ltr' id='par_1_8' title="bbox 459 4044 1256 4115">
     <span class='ocr_line' id='line_1_38' title="bbox 459 4044 1256 4115; baseline -0.004 -20"><span class='ocrx_word' id='word_1_232' title='bbox 459 4047 540 4095; x_wconf 75' lang='lat'><strong>13.</strong></span> <span class='ocrx_word' id='word_1_233' title='bbox 567 4046 647 4095; x_wconf 72' lang='lat' dir='ltr'><strong>Al.</strong></span> <span class='ocrx_word' id='word_1_234' title='bbox 672 4044 1012 4115; x_wconf 71' lang='lat' dir='ltr'><strong>infirmissimo.</strong></span> <span class='ocrx_word' id='word_1_235' title='bbox 1038 4048 1072 4095; x_wconf 83' lang='lat' dir='ltr'><strong>J</strong></span> <span class='ocrx_word' id='word_1_236' title='bbox 1076 4082 1089 4095; x_wconf 93' lang='lat'><strong>.</strong></span> <span class='ocrx_word' id='word_1_237' title='bbox 1113 4046 1175 4093; x_wconf 79' lang='lat' dir='ltr'><strong>V.</strong></span> <span class='ocrx_word' id='word_1_238' title='bbox 1201 4047 1256 4094; x_wconf 87' lang='lat' dir='ltr'><strong>L.</strong></span> 
     </span>
    </p>

    <p class='ocr_par' dir='ltr' id='par_1_9' title="bbox 454 4122 1402 4185">
     <span class='ocr_line' id='line_1_39' title="bbox 454 4122 1402 4185; baseline 0 -13"><span class='ocrx_word' id='word_1_239' title='bbox 454 4126 668 4175; x_wconf 80' lang='lat' dir='ltr'><strong>xxvn.</strong></span> <span class='ocrx_word' id='word_1_240' title='bbox 688 4142 735 4175; x_wconf 89' lang='lat'><strong>1.</strong></span> <span class='ocrx_word' id='word_1_241' title='bbox 758 4122 1090 4177; x_wconf 74' lang='lat' dir='ltr'><strong>Auctor-itatis.</strong></span> <span class='ocrx_word' id='word_1_242' title='bbox 1105 4124 1259 4173; x_wconf 83' lang='lat' dir='ltr'><strong>Bene:</strong></span> <span class='ocrx_word' id='word_1_243' title='bbox 1273 4138 1402 4185; x_wconf 82' lang='lat' dir='ltr'><strong>nam,</strong></span> 
     </span>
    </p>
   </div>
   <div class='ocr_carea' id='block_1_4' title="bbox 1482 2850 2511 4190">
    <p class='ocr_par' dir='ltr' id='par_1_10' title="bbox 1482 2850 2511 3063">
     <span class='ocr_line' id='line_1_40' title="bbox 1483 2850 2503 2919; baseline 0 -15"><span class='ocrx_word' id='word_1_244' title='bbox 1483 2867 1544 2904; x_wconf 91' lang='lat' dir='ltr'><strong>ut</strong></span> <span class='ocrx_word' id='word_1_245' title='bbox 1584 2856 1861 2919; x_wconf 83' lang='lat' dir='ltr'><strong>frequenter</strong></span> <span class='ocrx_word' id='word_1_246' title='bbox 1903 2850 2115 2899; x_wconf 84' lang='lat' dir='ltr'><strong>diximus</strong></span> <span class='ocrx_word' id='word_1_247' title='bbox 2132 2885 2147 2909; x_wconf 91' lang='lat'><strong>,</strong></span> <span class='ocrx_word' id='word_1_248' title='bbox 2188 2852 2409 2913; x_wconf 79' lang='lat' dir='ltr'><strong>majestas</strong></span> <span class='ocrx_word' id='word_1_249' title='bbox 2454 2858 2503 2904; x_wconf 89' lang='lat' dir='ltr'><strong>in</strong></span> 
     </span>
     <span class='ocr_line' id='line_1_41' title="bbox 1482 2932 2511 3000; baseline -0.006 -17"><span class='ocrx_word' id='word_1_250' title='bbox 1482 2935 1698 3000; x_wconf 83' lang='lat' dir='ltr'><strong>populo,</strong></span> <span class='ocrx_word' id='word_1_251' title='bbox 1716 2932 1971 2998; x_wconf 84' lang='lat' dir='ltr'><strong>imperium</strong></span> <span class='ocrx_word' id='word_1_252' title='bbox 1991 2933 2045 2979; x_wconf 84' lang='lat' dir='ltr'><strong>in</strong></span> <span class='ocrx_word' id='word_1_253' title='bbox 2063 2932 2279 2991; x_wconf 78' lang='lat' dir='ltr'><strong>consule,</strong></span> <span class='ocrx_word' id='word_1_254' title='bbox 2293 2938 2511 2986; x_wconf 75' lang='lat' dir='ltr'><strong>auotori-</strong></span> 
     </span>
     <span class='ocr_line' id='line_1_42' title="bbox 1485 3016 1841 3063; baseline -0.006 0"><span class='ocrx_word' id='word_1_255' title='bbox 1485 3024 1559 3063; x_wconf 88' lang='lat' dir='ltr'><strong>tas</strong></span> <span class='ocrx_word' id='word_1_256' title='bbox 1576 3016 1629 3062; x_wconf 84' lang='lat' dir='ltr'><strong>in</strong></span> <span class='ocrx_word' id='word_1_257' title='bbox 1654 3024 1841 3061; x_wconf 86' lang='lat' dir='ltr'><strong>senatu.</strong></span> 
     </span>
    </p>

    <p class='ocr_par' dir='ltr' id='par_1_11' title="bbox 1485 3090 2503 3221">
     <span class='ocr_line' id='line_1_43' title="bbox 1558 3090 2503 3143; baseline 0.003 -3"><span class='ocrx_word' id='word_1_258' title='bbox 1558 3109 1606 3141; x_wconf 65' lang='grc' dir='ltr'><strong>α.</strong></span> <span class='ocrx_word' id='word_1_259' title='bbox 1634 3094 1702 3139; x_wconf 74' lang='lat' dir='ltr'><strong>Ee</strong></span> <span class='ocrx_word' id='word_1_260' title='bbox 1722 3090 2078 3140; x_wconf 76' lang='lat' dir='ltr'><strong>ornatissimus.</strong></span> <span class='ocrx_word' id='word_1_261' title='bbox 2108 3091 2261 3141; x_wconf 79' lang='lat' dir='ltr'><strong>Abest</strong></span> <span class='ocrx_word' id='word_1_262' title='bbox 2282 3104 2329 3142; x_wconf 86' lang='lat' dir='ltr'><strong>et</strong></span> <span class='ocrx_word' id='word_1_263' title='bbox 2349 3112 2503 3143; x_wconf 80' lang='lat' dir='ltr'><strong>orna·</strong></span> 
     </span>
     <span class='ocr_line' id='line_1_44' title="bbox 1485 3172 1947 3221; baseline -0.002 -1"><span class='ocrx_word' id='word_1_264' title='bbox 1485 3172 1709 3221; x_wconf 66' lang='lat' dir='ltr'><strong>teitsimus.</strong></span> <span class='ocrx_word' id='word_1_265' title='bbox 1732 3172 1783 3219; x_wconf 85' lang='lat' dir='ltr'><strong>J.</strong></span> <span class='ocrx_word' id='word_1_266' title='bbox 1804 3173 1868 3216; x_wconf 75' lang='lat' dir='ltr'><strong>V.</strong></span> <span class='ocrx_word' id='word_1_267' title='bbox 1891 3173 1947 3219; x_wconf 90' lang='lat' dir='ltr'><strong>L.</strong></span> 
     </span>
    </p>

    <p class='ocr_par' dir='ltr' id='par_1_12' title="bbox 1485 3248 2510 3789">
     <span class='ocr_line' id='line_1_45' title="bbox 1560 3248 2507 3317; baseline 0.003 -18"><span class='ocrx_word' id='word_1_268' title='bbox 1560 3252 1609 3299; x_wconf 81' lang='lat'><strong>3.</strong></span> <span class='ocrx_word' id='word_1_269' title='bbox 1634 3250 1776 3297; x_wconf 80' lang='lat' dir='ltr'><strong>Plebs</strong></span> <span class='ocrx_word' id='word_1_270' title='bbox 1808 3264 2031 3297; x_wconf 81' lang='lat' dir='ltr'><strong>mmana.</strong></span> <span class='ocrx_word' id='word_1_271' title='bbox 2071 3248 2245 3299; x_wconf 82' lang='lat' dir='ltr'><strong>Infima</strong></span> <span class='ocrx_word' id='word_1_272' title='bbox 2280 3252 2417 3317; x_wconf 81' lang='lat' dir='ltr'><strong>plebs</strong></span> <span class='ocrx_word' id='word_1_273' title='bbox 2456 3268 2507 3305; x_wconf 82' lang='lat' dir='ltr'><strong>te</strong></span> 
     </span>
     <span class='ocr_line' id='line_1_46' title="bbox 1485 3328 2505 3393; baseline 0.004 -14"><span class='ocrx_word' id='word_1_274' title='bbox 1485 3330 1595 3379; x_wconf 77' lang='lat' dir='ltr'><strong>odit</strong></span> <span class='ocrx_word' id='word_1_275' title='bbox 1612 3367 1629 3392; x_wconf 85' lang='lat'><strong>,</strong></span> <span class='ocrx_word' id='word_1_276' title='bbox 1669 3328 1807 3393; x_wconf 84' lang='lat' dir='ltr'><strong>quod</strong></span> <span class='ocrx_word' id='word_1_277' title='bbox 1849 3328 2001 3392; x_wconf 84' lang='lat' dir='ltr'><strong>ipsius</strong></span> <span class='ocrx_word' id='word_1_278' title='bbox 2040 3330 2241 3379; x_wconf 86' lang='lat' dir='ltr'><strong>nomine</strong></span> <span class='ocrx_word' id='word_1_279' title='bbox 2282 3333 2505 3383; x_wconf 79' lang='lat' dir='ltr'><strong>exsilium</strong></span> 
     </span>
     <span class='ocr_line' id='line_1_47' title="bbox 1486 3405 2509 3477; baseline -0.003 -20"><span class='ocrx_word' id='word_1_280' title='bbox 1486 3408 1605 3457; x_wconf 83' lang='lat' dir='ltr'><strong>mihi</strong></span> <span class='ocrx_word' id='word_1_281' title='bbox 1626 3406 1883 3471; x_wconf 80' lang='lat' dir='ltr'><strong>irrogatis,</strong></span> <span class='ocrx_word' id='word_1_282' title='bbox 1907 3405 2047 3470; x_wconf 83' lang='lat' dir='ltr'><strong>quod</strong></span> <span class='ocrx_word' id='word_1_283' title='bbox 2067 3406 2133 3453; x_wconf 83' lang='lat' dir='ltr'><strong>ad</strong></span> <span class='ocrx_word' id='word_1_284' title='bbox 2156 3424 2378 3473; x_wconf 77' lang='lat' dir='ltr'><strong>magnam</strong></span> <span class='ocrx_word' id='word_1_285' title='bbox 2399 3412 2509 3477; x_wconf 67' lang='lat' dir='ltr'><strong>ple.</strong></span> 
     </span>
     <span class='ocr_line' id='line_1_48' title="bbox 1488 3485 2507 3548; baseline 0.006 -12"><span class='ocrx_word' id='word_1_286' title='bbox 1488 3488 1565 3536; x_wconf 84' lang='lat' dir='ltr'><strong>bis</strong></span> <span class='ocrx_word' id='word_1_287' title='bbox 1604 3486 1893 3535; x_wconf 78' lang='lat' dir='ltr'><strong>redundavit</strong></span> <span class='ocrx_word' id='word_1_288' title='bbox 1931 3485 2175 3533; x_wconf 79' lang='lat' dir='ltr'><strong>infamiam</strong></span> <span class='ocrx_word' id='word_1_289' title='bbox 2191 3524 2206 3548; x_wconf 87' lang='lat'><strong>,</strong></span> <span class='ocrx_word' id='word_1_290' title='bbox 2252 3488 2365 3538; x_wconf 87' lang='lat' dir='ltr'><strong>licet</strong></span> <span class='ocrx_word' id='word_1_291' title='bbox 2403 3508 2507 3541; x_wconf 89' lang='lat' dir='ltr'><strong>non</strong></span> 
     </span>
     <span class='ocr_line' id='line_1_49' title="bbox 1489 3564 2510 3633; baseline 0.006 -18"><span class='ocrx_word' id='word_1_292' title='bbox 1489 3566 1631 3633; x_wconf 81' lang='lat' dir='ltr'><strong>plebs</strong></span> <span class='ocrx_word' id='word_1_293' title='bbox 1668 3580 1865 3614; x_wconf 87' lang='lat' dir='ltr'><strong>romana</strong></span> <span class='ocrx_word' id='word_1_294' title='bbox 1883 3600 1899 3626; x_wconf 90' lang='lat'><strong>,</strong></span> <span class='ocrx_word' id='word_1_295' title='bbox 1938 3564 2027 3612; x_wconf 85' lang='lat' dir='ltr'><strong>sed</strong></span> <span class='ocrx_word' id='word_1_296' title='bbox 2064 3566 2189 3613; x_wconf 77' lang='lat' dir='ltr'><strong>servi</strong></span> <span class='ocrx_word' id='word_1_297' title='bbox 2224 3569 2423 3631; x_wconf 84' lang='lat' dir='ltr'><strong>quidam</strong></span> <span class='ocrx_word' id='word_1_298' title='bbox 2458 3583 2510 3621; x_wconf 83' lang='lat' dir='ltr'><strong>et</strong></span> 
     </span>
     <span class='ocr_line' id='line_1_50' title="bbox 1487 3644 2509 3711; baseline 0.004 -16"><span class='ocrx_word' id='word_1_299' title='bbox 1487 3647 1697 3697; x_wconf 78' lang='lat' dir='ltr'><strong>latmnes</strong></span> <span class='ocrx_word' id='word_1_300' title='bbox 1712 3646 1869 3711; x_wconf 77' lang='lat' dir='ltr'><strong>legem</strong></span> <span class='ocrx_word' id='word_1_301' title='bbox 1887 3644 2111 3694; x_wconf 82' lang='lat' dir='ltr'><strong>Clodiam</strong></span> <span class='ocrx_word' id='word_1_302' title='bbox 2130 3646 2193 3695; x_wconf 85' lang='lat' dir='ltr'><strong>de</strong></span> <span class='ocrx_word' id='word_1_303' title='bbox 2208 3664 2317 3699; x_wconf 79' lang='lat' dir='ltr'><strong>meo</strong></span> <span class='ocrx_word' id='word_1_304' title='bbox 2336 3652 2509 3701; x_wconf 71' lang='lat' dir='ltr'><strong>milio</strong></span> 
     </span>
     <span class='ocr_line' id='line_1_51' title="bbox 1487 3725 2257 3789; baseline 0 -14"><span class='ocrx_word' id='word_1_305' title='bbox 1487 3726 1589 3776; x_wconf 83' lang='lat' dir='ltr'><strong>suis</strong></span> <span class='ocrx_word' id='word_1_306' title='bbox 1606 3726 1847 3789; x_wconf 76' lang='lat' dir='ltr'><strong>suffragiis</strong></span> <span class='ocrx_word' id='word_1_307' title='bbox 1868 3725 2257 3789; x_wconf 72' lang='lat' dir='ltr'><strong>comprobarint.</strong></span> 
     </span>
    </p>

    <p class='ocr_par' dir='ltr' id='par_1_13' title="bbox 1487 3804 2511 4190">
     <span class='ocr_line' id='line_1_52' title="bbox 1560 3804 2508 3867; baseline 0.002 -14"><span class='ocrx_word' id='word_1_308' title='bbox 1560 3816 1609 3865; x_wconf 79' lang='grc'><strong>4.</strong></span> <span class='ocrx_word' id='word_1_309' title='bbox 1634 3804 1790 3853; x_wconf 73' lang='lat' dir='ltr'><strong>Italia</strong></span> <span class='ocrx_word' id='word_1_310' title='bbox 1811 3815 2007 3851; x_wconf 77' lang='lat' dir='ltr'><strong>cuncta.</strong></span> <span class='ocrx_word' id='word_1_311' title='bbox 2032 3806 2111 3853; x_wconf 82' lang='lat' dir='ltr'><strong>Ex</strong></span> <span class='ocrx_word' id='word_1_312' title='bbox 2128 3806 2267 3853; x_wconf 85' lang='lat' dir='ltr'><strong>omni</strong></span> <span class='ocrx_word' id='word_1_313' title='bbox 2288 3804 2457 3867; x_wconf 67' lang='lat' dir='ltr'><strong>Italiag</strong></span> <span class='ocrx_word' id='word_1_314' title='bbox 2481 3823 2508 3855; x_wconf 86' lang='lat' dir='ltr'><strong>e</strong></span> 
     </span>
     <span class='ocr_line' id='line_1_53' title="bbox 1487 3884 2510 3951; baseline -0.003 -16"><span class='ocrx_word' id='word_1_315' title='bbox 1487 3884 1769 3951; x_wconf 84' lang='lat' dir='ltr'><strong>municipiis</strong></span> <span class='ocrx_word' id='word_1_316' title='bbox 1786 3895 1835 3933; x_wconf 88' lang='lat' dir='ltr'><strong>et</strong></span> <span class='ocrx_word' id='word_1_317' title='bbox 1853 3884 2061 3933; x_wconf 83' lang='lat' dir='ltr'><strong>coloniis</strong></span> <span class='ocrx_word' id='word_1_318' title='bbox 2078 3884 2213 3933; x_wconf 82' lang='lat' dir='ltr'><strong>missi</strong></span> <span class='ocrx_word' id='word_1_319' title='bbox 2226 3885 2421 3933; x_wconf 79' lang='lat' dir='ltr'><strong>fuerant</strong></span> <span class='ocrx_word' id='word_1_320' title='bbox 2436 3884 2510 3933; x_wconf 87' lang='lat' dir='ltr'><strong>le-</strong></span> 
     </span>
     <span class='ocr_line' id='line_1_54' title="bbox 1487 3962 2509 4033; baseline -0.005 -18"><span class='ocrx_word' id='word_1_321' title='bbox 1487 3966 1591 4033; x_wconf 78' lang='lat' dir='ltr'><strong>gati</strong></span> <span class='ocrx_word' id='word_1_322' title='bbox 1612 3965 1676 4015; x_wconf 85' lang='lat' dir='ltr'><strong>ad</strong></span> <span class='ocrx_word' id='word_1_323' title='bbox 1696 3964 1921 4015; x_wconf 81' lang='lat' dir='ltr'><strong>exsilium</strong></span> <span class='ocrx_word' id='word_1_324' title='bbox 1937 3963 2103 4012; x_wconf 82' lang='lat' dir='ltr'><strong>Tullio</strong></span> <span class='ocrx_word' id='word_1_325' title='bbox 2123 3962 2509 4028; x_wconf 74' lang='lat' dir='ltr'><strong>deprecandum3</strong></span> 
     </span>
     <span class='ocr_line' id='line_1_55' title="bbox 1487 4042 2511 4108; baseline -0.003 -14"><span class='ocrx_word' id='word_1_326' title='bbox 1487 4045 1576 4094; x_wconf 83' lang='lat' dir='ltr'><strong>sed</strong></span> <span class='ocrx_word' id='word_1_327' title='bbox 1599 4046 1777 4096; x_wconf 79' lang='lat' dir='ltr'><strong>borum</strong></span> <span class='ocrx_word' id='word_1_328' title='bbox 1797 4059 1965 4108; x_wconf 74' lang='lat' dir='ltr'><strong>preces</strong></span> <span class='ocrx_word' id='word_1_329' title='bbox 1986 4058 2014 4091; x_wconf 86' lang='lat' dir='ltr'><strong>a</strong></span> <span class='ocrx_word' id='word_1_330' title='bbox 2036 4043 2211 4091; x_wconf 80' lang='lat' dir='ltr'><strong>Pisone</strong></span> <span class='ocrx_word' id='word_1_331' title='bbox 2232 4051 2281 4090; x_wconf 87' lang='lat' dir='ltr'><strong>et</strong></span> <span class='ocrx_word' id='word_1_332' title='bbox 2298 4042 2511 4091; x_wconf 82' lang='lat' dir='ltr'><strong>Gabinio</strong></span> 
     </span>
     <span class='ocr_line' id='line_1_56' title="bbox 1491 4124 1991 4190; baseline -0.012 -16"><span class='ocrx_word' id='word_1_333' title='bbox 1491 4124 1760 4190; x_wconf 68' lang='lat' dir='ltr'><strong>repudiate</strong></span> <span class='ocrx_word' id='word_1_334' title='bbox 1780 4124 1991 4171; x_wconf 72' lang='lat' dir='ltr'><strong>fuerunt.</strong></span> 
     </span>
    </p>
   </div>
  </div>
 </body>
</html>
