2996 4694
459 343 601 417 586
635 336 650 351 ⁰
1099 332 1199 418 M.
1246 348 1325 415 Τ.
1379 346 1957 419 CICERONIS

455 464 752 540 exsulat.
801 470 966 539 Non
1007 480 1088 539 tu
1129 492 1304 565 ergo
1339 467 1537 539 hunc
1572 472 1797 565 patria
1828 469 2147 567 privare,
2184 491 2330 566 qua
2364 486 2593 560 caret,

456 576 584 649 sed
627 578 805 663 vita,
847 578 974 647 vis.
1021 583 1111 649 At
1147 576 1342 649 istud
1379 603 1472 649 ne
1516 577 1711 675 apud
1754 602 1922 649 eum
1962 577 2261 675 quidem
2302 578 2601 652 dictato-

453 710 608 758 rem
625 680 683 773 ⁸,
708 689 838 783 qui
863 710 1150 775 omneS,
1183 712 1372 786 quos
1401 676 1693 776 oderat,
1724 703 1961 759 morte
1994 687 2376 779 multabat,
2405 692 2599 787 quis-

455 821 676 893 quam
751 797 900 894 egit
951 798 1090 869 isto
1158 798 1404 869 modo,
1469 802 1631 896 Ipse
1693 796 2001 893 jubebat
2060 798 2327 885 occidi,
2390 800 2596 872 nullo

451 908 906 1005 postulante;
968 910 1274 1007 praemiis
1353 910 1571 981 etiam
1638 906 2007 979 invitabat.
2070 909 2293 999 Quae⁹
2350 922 2595 979 tamen

455 1019 840 1093 crudelitas
897 1017 990 1090 ab
1047 1019 1306 1092 eodem
1365 1019 1646 1117 aliquot
1702 1020 1913 1090 anuis
1970 1032 2177 1116 post,
2234 1042 2459 1115 quem
2514 1032 2595 1091 tu

457 1154 655 1203 nunc
696 1128 1065 1202 crudelem
1111 1154 1264 1202 esse
1298 1133 1438 1215 vis,
1479 1130 1841 1203 vindicata
1878 1144 2009 1203 est.

547 1242 630 1311 V.
681 1244 834 1336 Ego
877 1264 1053 1311 vero
1101 1239 1292 1313 istud
1344 1265 1496 1313 non
1552 1240 1881 1338 postule,
1932 1240 2241 1337 inquieS.
2280 1243 2389 1311 Ita
2440 1264 2595 1313 me·

453 1348 696 1421 hercle
725 1351 1089 1436 existimo,
1124 1349 1420 1421 Tubero
1452 1378 1468 1421 :
1502 1352 1673 1421 novi
1702 1352 1897 1423 enim
1930 1366 2040 1435 te,
2072 1353 2243 1431 novi
2276 1364 2591 1447 patrem,

451 1460 622 1531 novi
662 1458 992 1547 domum,
1033 1484 1450 1557 nomenque
1481 1475 1841 1549 vestrum3
1868 1460 2105 1533 studia
2132 1461 2449 1559 denique
2474 1487 2593 1559 ge-

455 1570 650 1641 neris
711 1594 795 1640 ac
841 1567 1124 1641 familiae
1175 1584 1464 1655 vestrae,
1513 1572 1847 1657 virtutiS,
1904 1570 2409 1659 humanitatis,
2462 1571 2597 1643 do-

451 1680 736 1763 ctrinae,
779 1678 1254 1775 plurimarum
1309 1682 1577 1750 artium
1630 1694 1853 1777 atque
1898 1681 2372 1777 optimarum,
2420 1694 2595 1751 nota

449 1804 623 1859 sunt
659 1789 836 1859 mihi
875 1792 1189 1863 omnia1.
1237 1794 1491 1887 Itaque
1529 1805 1731 1862 certo
1772 1791 1955 1875 scio,
1994 1812 2125 1859 vos
2156 1814 2308 1860 non
2345 1803 2594 1887 petere

449 1901 920 1999 sanguinem²
962 1927 977 1969 ε
1023 1900 1150 1972 sed
1185 1924 1441 1997 parum
1473 1890 1863 1972 attenditis.
1908 1904 2047 1971 Res
2080 1899 2273 1969 enim
2312 1922 2403 1970 eo
2434 1923 2597 1996 spe-

449 2024 629 2099 ctat,
673 2025 758 2081 ut
793 2034 876 2082 ea
911 2034 1163 2107 poena,
1195 2012 1270 2081 in
1311 2036 1454 2108 qua
1497 2010 1740 2082 adhuc
1778 2013 1866 2101 Q.
1915 2010 2241 2106 Ligarius
2272 2010 2401 2097 sit,
2437 2030 2587 2081 non

447 2120 832 2195 videamini
863 2145 1026 2193 esse
1071 2124 1419 2194 contenti.
1460 2124 1640 2221 Quae
1690 2135 1801 2192 est
1856 2122 2076 2217 igitur
2112 2119 2287 2207 alia,
2334 2134 2593 2215 praeter

451 2232 804 2301 mortem?
839 2233 912 2301 Si
964 2234 1156 2302 enim
1195 2232 1272 2301 in
1307 2230 1559 2302 exsilio
1604 2246 1748 2318 est,
1788 2232 2001 2302 sicuti
2042 2243 2185 2319 est,
2220 2230 2400 2327 quid
2434 2254 2589 2300 am-

450 2340 642 2437 plius
683 2341 1109 2439 postulatis?
1152 2345 1297 2432 An,
1326 2367 1420 2414 ne
1455 2338 1959 2439 ignoscatur-”P
1985 2340 2127 2428 hoc
2151 2365 2329 2412 vero
2356 2340 2593 2412 multo

413 2449 814 2548 ‘acet-bium
856 2453 1239 2550 multoque
1283 2468 1393 2524 est
1431 2451 1705 2524 durius.
1740 2451 1957 2542 Quod
2001 2475 2138 2522 nos
2179 2451 2423 2530 domi‘·
2460 2474 2589 2549 pe-

451 2563 711 2649 timus,
745 2561 1081 2660 precibus
1109 2577 1182 2634 et
1209 2563 1542 2660 lacrymis
1558 2551 1614 2651 ⁵,
1646 2563 1989 2661 prostrati
2020 2561 2110 2639 ad
2140 2561 2397 2660 pedeS,
2432 2586 2585 2632 non
2612 2606 2631 2622 ·

453 2683 598 2742 tam
637 2685 898 2742 nostrae
943 2695 1172 2743 causae
1215 2669 1557 2762 fidenter,
1592 2697 1815 2770 quam
1850 2671 2073 2769 hujus
2118 2671 2590 2760 humanitati,
2632 2666 2645 2678 ”

519 2917 569 2964 8.
593 2913 910 2964 Dio-tamum.
937 2913 1119 2963 Sullam
1141 2914 1386 2979 iutelligit.

517 3011 570 3060 9.
607 2997 730 3060 Qua
759 3005 940 3044 tamen.
969 2995 1102 3044 Sulla
1131 2995 1231 3044 duo
1256 2995 1435 3044 talenta
1455 3030 1470 3054 ‚

446 3075 586 3141 quasi
611 3075 866 3140 premium
889 3075 950 3122 iis
973 3073 1219 3138 irrogabat
1242 3075 1330 3139 qui
1354 3090 1471 3139 pro-

445 3153 682 3218 scriptum
699 3155 855 3200 civem
873 3163 1029 3201 morte
1046 3153 1342 3217 plectebant.
1363 3153 1468 3202 Ca!-

445 3247 526 3282 sar
546 3241 660 3296 post
684 3231 962 3280 adiliutem
975 3263 992 3290 ,
1007 3230 1167 3293 judex
1185 3231 1471 3295 questionis

445 3323 520 3360 est
563 3311 771 3368 electus3
817 3319 1058 3374 tamquam
1103 3311 1303 3358 sicarios
1345 3325 1468 3358 cou-

447 3387 696 3439 dem-mit
717 3405 894 3438 omnes
912 3390 1002 3461 qui
1029 3389 1470 3454 proscriptionibus

446 3485 644 3534 operam
671 3467 937 3529 deden-anu
973 3480 1024 3517 et
1049 3468 1212 3532 coegit
1243 3468 1388 3516 etiam
1412 3477 1470 3516 ut

446 3547 618 3597 erario
638 3548 947 3596 restituerent
959 3581 974 3603 ,
999 3560 1194 3593 omnem
1212 3560 1470 3608 quam-pro

448 3627 736 3692 perpetratis
777 3624 1040 3672 sceleribus
1059 3622 1312 3687 pecuniam
1335 3639 1470 3672 acoe-

450 3707 650 3772 piasent.
679 3707 758 3754 Sic
787 3705 920 3752 Suet.
938 3703 1060 3752 Coen.
1087 3719 1132 3750 c.
1155 3715 1220 3750 2:
1249 3725 1274 3744 α
1293 3704 1470 3762 Caesar,

445 3785 500 3832 in
537 3782 804 3832 exercenda
853 3781 914 3829 de
957 3781 1138 3828 sicariis
1173 3781 1470 3844 quastione,

445 3879 532 3912 eos
571 3865 854 3912 sicariorum
891 3877 1096 3908 numero
1138 3860 1310 3908 habuit
1324 3895 1360 3920 „
1384 3861 1471 3923 qui

445 3943 832 4007 proscriptione,
845 3940 911 3987 ob
927 3940 1070 3987 relata
1085 3940 1263 3987 civium
1273 3939 1430 4003 capita
1453 3973 1470 3996 ,

447 4022 677 4085 pecunias
697 4037 762 4068 ex
781 4019 952 4067 serario
970 4029 1281 4084 acceperant,
1301 4035 1470 4084 quam·

433 4115 592 4163 quam
610 4111 842 4164 exceptos
857 4099 1098 4149 Corneliis
1115 4098 1304 4163 legibus
1323 4120 1368 4148 n.

1629 2917 1674 2961 V
1726 2930 1774 2965 x.
1809 2913 1941 2964 Mihi
1962 2913 2154 2965 omnia.
2174 2913 2461 2962 Tuberones
2485 2912 2591 2962 vir-

1558 3003 1691 3053 tute,
1718 3002 1767 3041 et
1792 2992 2068 3042 divitiarum
2094 3003 2380 3058 contemptu
2404 2993 2590 3042 florue-

1556 3083 1699 3134 παις
1722 3089 1849 3136 quos
1864 3073 1975 3121 Val.
2002 3075 2143 3122 Max.
2166 3071 2449 3138 Gelli-sque
2472 3087 2587 3136 pas·—

1557 3153 1648 3200 sim
1668 3151 1897 3200 laudibus
1916 3161 2179 3200 exornant.

1628 3246 1677 3279 a.
1708 3231 1823 3278 Non
1845 3238 2013 3293 potore
2030 3229 2341 3294 sanguinem.
2368 3232 2474 3278 Vos
2490 3263 2504 3288 ,
2530 3239 2593 3277 ut

1556 3308 1785 3365 arbitror,
1800 3309 1977 3372 Ligarii
1998 3318 2201 3356 mortem
2220 3323 2326 3356 nou
2338 3309 2557 3372 qum-itis
2570 3327 2589 3374 3

1556 3388 1643 3436 sed
1668 3387 1790 3453 quid
1822 3388 1921 3435 hoc
1946 3382 2129 3435 resert?
2154 3403 2307 3450 quum
2340 3389 2413 3434 sio
2439 3403 2583 3436 aeon-

1556 3467 1671 3515 setis
1688 3499 1703 3525 ,
1732 3477 1791 3515 ut
1812 3465 1949 3514 nulla
1968 3463 2061 3512 alia
2090 3479 2235 3528 ρει-ιιι
2256 3477 2431 3529 [ιι-εισι·
2454 3481 2589 3515 mor-

1559 3557 1657 3594 tem
1676 3545 1749 3593 illi
1769 3547 1835 3594 sit
1854 3544 2130 3608 irroganda.

1631 3627 1681 3673 3.
1717 3624 1850 3674 Libri
1877 3623 2077 3686 quida-
2108 3621 2277 3686 scripti
2294 3656 2310 3682 ,
2334 3621 2481 3670 'etiam
2502 3621 2591 3672 ed.

1559 3703 1798 3752 Waldarf.
1826 3701 2063 3767 ι’ςηωσαε.
2090 3705 2149 3751 J:
2162 3703 2225 3750 V.
2253 3702 2303 3749 1..

1632 3793 1683 3840 4.
1721 3781 1942 3832 Lambini.
1980 3780 2117 3829 Fahr.
2158 3779 2296 3827 doma·
2324 3779 2585 3830 delendum

1560 3873 1751 3927 putant.
1775 3866 1829 3911 J.
1850 3861 1913 3908 V.
1935 3847 1993 3910 1'..

1628 3943 1679 3990 5.
1714 3939 1943 3988 Precibus
1966 3951 2015 3987 ee
2037 3938 2281 4001 lacrymis.
2307 3939 2587 3988 Crudelita-

1556 4031 1653 4069 tem
1679 4020 1951 4068 Tuberonis
1973 4020 2065 4068 hnc
2082 4019 2273 4068 ratione
2288 4017 2553 4082 amplificat
2568 4053 2587 4080 ‚

1554 4101 1860 4164 invisumque
1878 4098 2054 4149 Caesari
2078 4096 2295 4163 prebere
2316 4098 2508 4149 nititur.
