2996 4694
805 391 1450 466 ORATIO-PRO
1504 391 1580 458 P.
1633 381 2064 461 sExT‘lo.‘
2379 393 2493 464 .13

369 541 572 589 mum
618 539 760 586 vox
814 512 968 584 haec
1028 513 1286 584 serviat
1311 563 1332 598 ‚
1389 531 1703 608 quorum
1756 533 1977 607 opera
2020 526 2100 583 et
2153 513 2371 600 mihi,
2426 531 2499 586 et

371 625 618 712 vobis,
661 638 734 695 et
777 623 1053 720 populo
1099 645 1402 692 romano
1437 620 1765 690 restituta
1801 633 1931 690 est.

469 739 559 805 II.
605 737 728 821 Et,
766 755 1208 830 quamquam
1244 755 1284 802 a
1321 733 1412 822 Q.
1449 729 1873 814 Hel-music,
1918 728 2309 803 clarissimo
2343 734 2499 804 viro

373 858 591 941 atque
639 841 1266 940 eloquentissimo,
1313 861 1527 910 causa
1572 852 1683 910 est
1731 842 1808 908 P.
1846 839 2066 910 Sextii
2102 853 2500 936 perorata¹,

373 954 702 1052 nihilque
743 953 836 1025 ab
882 977 970 1024 eo
1013 951 1572 1051 praetermissum
1610 964 1761 1038 est,
1801 949 2002 1046 quod
2048 963 2173 1022 aut
2213 972 2349 1048 pro
2386 976 2499 1021 re-

373 1063 668 1161 publica
726 1061 1321 1160 conquerendum
1375 1057 1549 1146 fuit,
1596 1059 1723 1130 eut
1778 1081 1913 1157 pro
1964 1083 2090 1132 reo
2132 1058 2503 1158 disputan-

373 1171 600 1260 dum;
653 1186 894 1243 tamen
949 1169 1320 1268 aggrediar
1371 1169 1460 1240 ad
1512 1168 1941 1256 dicendum,
1994 1195 2089 1241 ne
2134 1193 2295 1242 mea
2340 1195 2504 1269 pro·

375 1283 724 1380 pugnatio
757 1283 826 1353 ei
861 1281 1314 1380 potissimum
1362 1276 1673 1350 defuisse
1716 1279 2069 1368 videatur,
2110 1301 2242 1378 per
2281 1273 2503 1377 quern

375 1405 484 1462 est
518 1389 964 1490 perfectum,
1005 1413 1102 1460 ne
1145 1390 1400 1460 ceteris
1439 1387 1715 1461 civibus
1753 1388 2047 1460 deesset.
2096 1395 2332 1488 Atque
2364 1412 2501 1488 ego

375 1503 476 1572 sic
525 1516 805 1584 statue,
849 1501 1163 1596 judices,
1205 1523 1250 1570 a
1289 1523 1408 1571 me
1463 1503 1543 1570 in
1598 1499 1734 1571 hac
1790 1523 2037 1586 eausa,
2092 1514 2315 1598 atque
2360 1499 2504 1572 hoc

376 1627 700 1684 extremo
737 1609 1026 1682 dicendi
1062 1611 1222 1682 loco
1241 1619 1297 1700 ²,
1348 1611 1633 1709 pietatis
1670 1611 1949 1707 potiuS‚
1991 1632 2211 1706 quam
2253 1610 2505 1682 defen-

373 1724 634 1810 sionis;
691 1723 1002 1819 querelae
1027 1775 1048 1810 ‚
1095 1744 1312 1819 quam
1368 1720 1851 1817 eloquentiae3
1910 1716 2221 1808 doloris,
2284 1742 2505 1820 quam

374 1831 640 1931 ingenii
691 1847 950 1931 partes·
987 1857 1140 1904 esse
1187 1845 1578 1929 susceptas.
1634 1833 1927 1927 Itaque,
1983 1831 2044 1900 si
2094 1843 2221 1900 aut
2272 1832 2507 1902 acrius

375 1966 636 2038 egero,
699 1956 825 2014 aut
888 1940 1226 2028 liberius,
1275 1965 1496 2037 quam
1552 1941 1681 2037 qui
1730 1955 1898 2012 ante
1948 1963 2065 2010 me
2116 1939 2503 2030 dixerunt,

376 2063 550 2145 peto
599 2073 640 2118 a
689 2048 940 2134 vobi5‚
996 2065 1077 2119 ut
1123 2063 1403 2119 tantum
1455 2051 1767 2120 orationi
1822 2073 1999 2121 meae
2056 2050 2508 2138 concedatis,

377 2172 730 2253 quantum
771 2171 843 2228 et
877 2159 1000 2254 pio
1040 2157 1311 2244 dolori,
1353 2173 1424 2231 et
1454 2161 1664 2254 justae
1698 2159 2085 2231 iracundiae
2118 2161 2510 2234 conceden-

379 2266 556 2336 dum
607 2267 898 2363 putetis.
958 2269 1216 2363 Neque
1272 2269 1462 2338 enim
1512 2267 1755 2339 officio
1802 2268 2259 2363 conjunctior
2299 2269 2511 2340 dolor

377 2374 595 2446 ullius
629 2398 783 2446 esse
813 2390 1089 2473 potest,
1134 2400 1349 2473 quam
1393 2376 1514 2448 hic
1556 2402 1801 2463 meus,
1846 2392 2221 2475 susceptus
2255 2402 2343 2448 ex
2381 2378 2511 2447 ho-

378 2486 627 2574 minis,
681 2484 772 2555 de
827 2510 941 2557 me
995 2488 1268 2584 optime
1325 2488 1609 2575 meriti,
1672 2486 2037 2585 pericu103
2084 2511 2325 2585 neque
2368 2486 2508 2557 ira-

377 2594 642 2667 cundia
697 2596 918 2693 magis
961 2595 1106 2667 ulla
1156 2594 1514 2667 laudanda
1540 2649 1558 2683 ‚
1604 2615 1821 2693 quam
1871 2620 1989 2682 ea,
2032 2620 2194 2693 quae
2238 2620 2355 2668 me
2396 2600 2510 2666 in·-

381 2705 697 2775 flammat
761 2730 1012 2775 eorum
1075 2706 1378 2793 scelere,
1438 2708 1568 2803 qui
1628 2729 1795 2776 cum
1850 2704 2202 2777 omnibus
2264 2706 2510 2777 salutis

380 2839 558 2886 meae
595 2812 1094 2888 defensoribus
1133 2812 1404 2887 bellum
1440 2840 1595 2888 esse
1637 2816 1775 2887 sibi
1808 2816 2199 2913 gerendum
2234 2815 2509 2912 judica-

381 2938 662 2996 verunt.

479 3032 652 3123 Sed,
696 3036 1042 3131 quoniam
1083 3035 1379 3133 singulis
1412 3034 1835 3108 criminibus
1866 3038 2084 3106 ceteri
2112 3032 2508 3131 responde·

381 3159 595 3233 runt,
629 3143 860 3217 dicam
907 3171 1042 3245 ego
1093 3145 1182 3217 de
1233 3150 1431 3217 omni
1469 3160 1659 3218 statu
1692 3150 1767 3217 P.
1804 3146 2059 3231 Sextii,
2106 3142 2199 3213 de
2244 3166 2513 3240 genere

379 3255 583 3342 vitae,
631 3254 720 3325 de
771 3270 1066 3344 natura,
1118 3254 1621 3347 de'moribus‚
1678 3256 1768 3328 de
1814 3251 2219 3326 incredibili
2269 3276 2512 3324 amore

384 3364 458 3433 in
507 3363 786 3452 boum,
835 3364 928 3438 de
977 3366 1220 3439 studio
1269 3367 1777 3441 conservandae
1820 3366 2068 3438 salutis
2103 3367 2510 3435 communis

1485 3559 1695 3609 concedi
1731 3558 1927 3606 solitum
1956 3572 1983 3604 n
2010 3557 2184 3604 ceteris
2210 3554 2409 3605 dicendi
2436 3556 2515 3603 lo·

1485 3654 1624 3698 eum,
1646 3640 1751 3703 ipse
1770 3640 1825 3685 in
1850 3640 2057 3685 Oratore
2076 3643 2279 3684 testatur
2302 3632 2381 3682 his
2404 3649 2513 3683 vet-

1484 3718 1563 3765 bis
1590 3732 1603 3765 ε
1648 3738 1677 3759 ιι
1702 3717 1835 3780 Quid
1878 3730 1977 3781 ego⁴
2012 3716 2075 3763 de
2118 3712 2511 3762 miset-tionibus

453 3556 518 3601 n.
557 3571 601 3604 1.
642 3557 894 3605 Per-orata.
935 3558 1149 3607 Pet-seete
1185 3570 1320 3607 orata
1351 3570 1402 3608 et

383 3644 489 3681 net·
509 3632 780 3696 diligenter.
801 3638 879 3685 Sie
899 3654 992 3703 pro
1015 3638 1176 3687 Coelio
1191 3672 1206 3697 ,
1229 3656 1272 3685 e.
1302 3640 1399 3687 23:

383 3734 412 3755 ιι
431 3714 599 3775 ltaque
647 3712 778 3760 illm
826 3728 1010 3779 partem
1057 3732 1214 3766 causa
1259 3717 1402 3765 facile

384 3791 546 3856 patior
569 3791 776 3853 graviter
799 3806 848 3842 et
879 3808 1048 3845 ornate
1071 3813 1101 3845 ι
1125 3799 1198 3847 Μ.
1227 3800 1398 3846 Crasso

385 3882 658 3933 peroratam
677 3894 720 3920 ι.

457 3964 508 3995 2.
529 3950 588 3995 In
606 3949 702 3999 hae
717 3966 890 4010 cansa,
907 3964 1054 4021 atque
1073 3954 1164 4003 hoc
1183 3967 1402 4004 exer-emo

387 4026 584 4075 dicendi
617 4030 738 4078 Ioco.
783 4032 948 4092 Quum
985 4034 1148 4095 plum
1184 4036 1400 4083 eamdem

386 4120 576 4154 cansam
611 4122 838 4173 agerent,
877 4122 1144 4161 extremum
1183 4114 1276 4162 sibi
1303 4115 1402 4162 fere

1486 3794 1881 3861 loquari’quibus
1902 3812 1993 3860 ego
2016 3807 2121 3843 snm
2140 3808 2255 3841 usus
2274 3790 2514 3856 pluribus,

1486 3875 1653 3940 quod,
1680 3878 1824 3923 etiam
1852 3877 1891 3923 si
1922 3876 2085 3939 plum
2116 3871 2396 3921 dicebamus
2420 3884 2512 3933 per

1488 3957 1757 4003 orationem
1778 3993 1792 4017 ,
1830 3956 1949 4003 mihi
1988 3964 2147 4000 tamen
2172 3962 2341 3997 omnes
2366 3948 2515 3996 nelin-

1489 4034 1701 4099 quebant
1724 4046 1740 4080 τ
1769 4035 1821 4083 in
1844 4052 1945 4099 quo
1964 4044 2021 4081 ut
2044 4030 2235 4077 viderer
2250 4026 2510 4083 excellere,

1493 4129 1593 4161 non
1610 4115 1837 4179 ingenio,
1871 4112 1955 4162 sed
1976 4110 2147 4160 dolore
2163 4104 2451 4169 nouoquebnr
2468 4126 2516 4153 u.
