2996 4694
754 390 1149 465 ORATIO
1189 393 1387 462 PRO
1432 389 1510 460 Τ.
1553 393 1632 460 A.
1680 386 2120 466 MILONE.
2373 387 2513 492 529

376 535 451 594 et
485 519 755 592 libente
794 543 873 590 se
906 515 1194 603 fecisse,
1233 512 1584 586 libertatis
1623 515 1954 586 omnium
2001 539 2216 588 causa
2261 543 2278 587 ε
2309 515 2514 615 quod

376 638 443 704 ei
486 645 681 702 certe
716 653 865 701 non
900 621 1403 701 confitendum
1438 623 1662 698 modo
1681 634 1772 712 ¹¹,
1799 647 2058 696 verum
2083 627 2296 697 etiam
2332 651 2514 725 prae-

342 779 345 784 ·
376 735 795 810 dicandum.
1701 801 1706 806 .

472 851 695 919 XXX.
744 846 1033 918 Etenim
1060 843 1118 914 si
1160 841 1237 916 id
1274 868 1427 916 non
1456 853 1673 938 negat
1691 853 1742 931 ¹,
1789 867 1880 914 ex
1907 868 2059 940 quo
2087 842 2270 914 nihil
2295 847 2518 942 petit,

377 961 519 1030 nisi
560 972 645 1029 ut
686 958 1125 1054 ignoscatur,
1172 953 1541 1026 dubitaret
1586 953 1662 1024 id
1693 951 1902 1025 fateri
1921 1006 1942 1043 ,
1979 978 2068 1026 ex
2109 979 2260 1052 quo
2303 956 2521 1028 etiam

379 1069 666 1167 proemia
709 1065 939 1138 laudis
974 1080 1213 1138 essent
1242 1062 1610 1164 petenda?
1647 1065 1786 1134 nisi
1811 1087 1989 1136 vero
2018 1067 2288 1163 gratius
2311 1079 2522 1164 putat

380 1201 535 1250 esse
568 1175 779 1248 vobis
794 1186 851 1262 ²,
890 1176 1005 1272 sui
1040 1199 1119 1248 se
1162 1175 1455 1271 capitis,
1498 1195 1718 1270 quam
1751 1170 2018 1244 vestri³
2059 1172 2518 1246 defensorem

379 1287 645 1378 fuisse3
699 1310 927 1384 quum
979 1287 1377 1384 praesertim
1404 1286 1502 1356 in
1555 1307 1642 1354 ea
1679 1281 2179 1372 confessione,
2223 1284 2284 1355 si
2334 1287 2516 1381 grati

380 1421 535 1470 esse
562 1395 871 1482 velletis,
908 1393 1229 1468 honores
1246 1407 1755 1492 assequeretur
1773 1392 2278 1490 amplissimos.
2316 1395 2392 1465 Si
2412 1391 2520 1466 fa·

378 1521 581 1579 ctum
616 1504 823 1578 vobis
852 1530 1005 1578 non
1044 1505 1505 1603 probaretur,
1547 1505 2037 1602 (quamquam
2071 1504 2204 1601 qui
2239 1517 2526 1601 poterat

380 1617 571 1688 salus
612 1640 740 1688 sua
795 1619 1061 1713 cuique
1104 1640 1261 1687 non
1311 1605 1694 1713 probarii‘)
1738 1613 1868 1685 sed
1907 1627 2154 1694 tamen
2185 1616 2526 1712 siminus

380 1724 751 1797 fortissimi
786 1727 918 1794 viri
956 1724 1187 1796 virtus
1228 1722 1510 1801 civibus
1563 1737 1762 1821 grata
1801 1722 2214 1813 cecidisset,
2255 1747 2524 1822 magno

384 1837 627 1906 animo
661 1835 1173 1929 constantique
1222 1830 1517 1904 cederet
1555 1857 1642 1902 ex
1676 1833 1960 1927 ingrata
1995 1833 2307 1905 civitate.
2341 1834 2410 1907 N
2411 1857 2528 1905 am

385 1944 565 2042 quid
602 1945 1200 2040 esset-ingratius,
1235 1965 1457 2039 quam
1494 1940 1718 2012 laetari
1743 1954 2020 2012 ceteros
2041 1943 2336 2039 ,lugere
2361 1968 2532 2016 eum

388 2055 623 2126 solum
643 2103 662 2142 ‚
714 2067 1019 2151 propter
1060 2077 1283 2150 quem
1316 2051 1544 2124 ceteri
1575 2050 2037 2122 laetarenturi‘
2071 2053 2530 2150 Quamquam

386 2165 531 2237 hoc
581 2166 876 2236 animo4
926 2187 1217 2262 semper
1261 2162 1534 2234 fuimus
1577 2175 1833 2234 o‘mnes
1879 2164 1958 2232 in
2000 2162 2248 2259 patriae
2285 2161 2534 2261 prodi·

388 2274 671 2347 toribus
700 2272 1201 2374 opprimendis
1218 2325 1239 2363 ,
1271 2289 1389 2365 ut,
1423 2273 1772 2372 quoniam
1803 2285 2048 2344 nostra
2076 2269 2321 2344 futura
2347 2288 2536 2346 esset

386 2387 617 2483 gloria
634 2440 655 2474 ,
691 2387 1103 2485 periculum
1132 2409 1431 2483 quoque
1446 2438 1465 2473 ,
1504 2399 1578 2455 et
1607 2381 1948 2486 invidiam
1977 2398 2298 2455 nostram
2325 2398 2536 2483 puta-

385 2522 647 2569 remus.
682 2500 866 2569 Nam
905 2521 1065 2595 quae
1102 2496 1447 2594 mihiipsi
1477 2493 1863 2567 tribuenda
1885 2494 2040 2569 laus
2067 2508 2276 2585 esset,
2298 2518 2532 2594 quum

388 2623 671 2679 tantum
713 2608 791 2678 in
827 2606 1211 2679 consulatu
1242 2612 1411 2679 meo
1455 2631 1595 2706 pro
1628 2606 1842 2679 vobis
1871 2631 1954 2679 ac
1991 2604 2240 2679 liberis
2277 2610 2534 2683 vestris

387 2740 605 2788 ausus
632 2740 859 2788 essem
880 2772 899 2805 ,
934 2718 993 2787 si
1023 2717 1098 2788 id
1118 2772 1137 2805 ,
1170 2715 1375 2816 quod
1408 2715 1750 2805 conabar,
1784 2718 1942 2789 sine
1969 2718 2300 2789 maximis
2327 2717 2532 2789 dimi·

390 2825 791 2899 cationibus
850 2830 1029 2897 meis
1088 2852 1207 2900 me
1260 2852 1416 2900 esse
1469 2852 1819 2899 ausurum
1877 2824 2311 2900 arbitrarer?
2369 2852 2533 2927 quae

390 2926 697 3010 mulier⁵
741 2934 1171 3009 sceleratum
1230 2962 1315 3008 ac
1367 2939 1856 3036 perniciosum
1887 2938 2142 3009 'civem
2195 2937 2528 3009 occidere

464 3132 489 3165 1
504 3132 550 3165 1.
579 3115 727 3179 Quod
736 3114 785 3165 ei
810 3126 937 3163 certe
956 3132 1057 3165 non
1080 3112 1415 3183 confitendum
1505 3128 1616 3162 mm
1642 3112 1868 3163 beneficii
1895 3112 1950 3159 in
1975 3112 2328 3178 rempublicam
2355 3122 2535 3163 oom-

392 3194 552 3244 modo.
578 3196 825 3245 neaman.
855 3195 1057 3256 eoniieit
1070 3228 1086 3254 ,
1112 3192 1254 3258 quod
1273 3192 1321 3241 ei
1339 3208 1417 3241 es-
1502 3192 1642 3253 lerit,
1669 3194 1714 3241 si
1737 3191 1970 3243 Clodium
1993 3192 2062 3241 ob
2091 3192 2222 3241 hano
2245 3206 2396 3241 mm
2429 3208 2533 3243 rem

390 3283 475 3321 set.
502 3274 697 3323 hillen.
724 3278 840 3339 post
862 3274 1038 3335 modo,
1064 3270 1413 3337 additfm‘ssec.
1501 3272 1766 3334 occiderit,
1799 3280 1858 3320 ut
1874 3271 2108 3337 teipsum
2123 3280 2356 3321 tueretur.

390 3352 445 3400 J.
462 3354 527 3401 V.
548 3354 606 3401 L.
1577 3352 1628 3401 3.
1653 3354 1772 3401 Fere
1795 3366 1966 3400 omne·
1989 3351 2201 3413 habent,
2225 3352 2382 3401 meri
2401 3350 2532 3401 ordi·

462 3430 632 3479 XXX.
660 3444 706 3479 1.
732 3428 971 3479 Siidnon
996 3440 1165 3496 negat.
1192 3428 1243 3477 Si
1262 3426 1417 3493 profi·
1504 3430 1597 3481 nis.
1620 3434 1670 3482 J.
1689 3432 1756 3479 V.
1781 3433 1838 3480 1..

285 3518 289 3523 ’
392 3518 525 3557 tetur
550 3508 781 3559 clodium
805 3524 833 3557 ι
854 3526 909 3557 ιο
926 3510 1072 3559 fuisse
1096 3524 1411 3574 oppressum,
1580 3521 1631 3569 4.
1667 3514 1978 3577 Quamquam
2004 3512 2098 3561 Ιιοι·
2125 3510 2312 3562 αηίιοιο.
2347 3516 2534 3577 Quam·
2565 3564 2572 3571 ,

390 3603 543 3651 quum
584 3589 687 3637 vim
724 3589 775 3637 vi
811 3588 1097 3653 repelleret,
1130 3587 1355 3652 nihilque
1388 3606 1417 3637 a
1504 3606 1652 3657 quam
1691 3592 1852 3656 parati
1887 3593 2092 3641 omnino
2125 3593 2276 3642 simus
2309 3593 2374 3642 nd
2409 3593 2536 3643 tole·

392 3665 535 3721 vobis
564 3668 717 3731 petit,
746 3667 845 3716 nisi
870 3678 927 3716 ut
950 3664 1143 3717 veniam
1168 3668 1417 3731 ἱπομώς
1505 3670 1710 3719 rendam
1723 3671 1926 3736 ingrate
1937 3672 2150 3722 civitati·
2163 3672 2530 3737 neglig-tiam,

391 3762 455 3793 an
506 3745 755 3795 dubitaret
806 3746 968 3811 palam
1022 3747 1321 3812 proclamare
1368 3764 1419 3797 se
1505 3760 1564 3799 ut
1589 3750 1677 3814 qui
1703 3750 1888 3799 bonum
1910 3762 2263 3812 consectamur,
2281 3768 2384 3801 non
2409 3768 2536 3801 mer-

390 3836 579 3891 peetem
622 3826 791 3891 patrie
836 3826 1165 3887 interfecisse,
1214 3842 1317 3892 quo
1360 3842 1421 3875 ex
1507 3828 1628 3879 cede
1661 3828 1893 3890 adducti,
1933 3832 2022 3881 eod
2065 3842 2124 3881 ut
2161 3842 2326 3897 pecte·
2363 3832 2536 3896 patrie

394 3906 523 3954 facto
549 3904 745 3955 landem
772 3922 831 3953 ac
864 3906 1042 3955 samam
1080 3921 1343 3970 perennem
1368 3922 1421 3955 se
1507 3910 1656 3975 longe
1674 3928 1701 3957 a
1719 3910 1912 3959 civibus
1931 3912 2116 3960 nonu-is
2133 3911 2438 3976 repellemus.
2521 3968 2528 3976 ·

393 3996 811 4049 consequnturmn
832 3986 1077 4051 potuisset
1101 3999 1313 4049 sperare.
1583 3988 1636 4038 5.
1665 3992 1792 4053 Quae
1809 3990 2000 4040 mulier.
2025 3993 2144 4039 Vox
2167 3990 2252 4038 illa
2273 4004 2376 4038 non
2401 3991 2540 4038 femi-

464 4082 517 4113 π.
566 4069 719 4113 Putat
754 4082 857 4115 esse
888 4065 1055 4115 vobis.
1094 4064 1247 4127 Quod
1283 4064 1423 4114 nullo
1509 4082 1624 4116 mm
1651 4068 2016 4123 tantummode,
2039 4067 2128 4115 sed
2157 4069 2312 4115 virum
2339 4068 2538 4117 mollem

394 4146 547 4194 modo
566 4162 711 4194 sanus
731 4148 807 4193 vir
818 4148 1133 4212 cogitaverim
1152 4162 1263 4195 nam
1285 4146 1425 4211 quid-
1515 4158 1564 4195 et
1587 4148 1914 4195 effeminatum
1943 4148 2146 4197 indicat.

547 4236 630 4302 ‘v-
689 4252 777 4296 Cic.
796 4268 909 4311 pars
934 4252 1145 4295 secunda.
2213 4236 2301 4318 34
