2996 4694
452 387 552 472 46
1096 383 1192 453 Μ.
1243 385 1320 452 Τ.
1381 385 1951 458 elcERole

453 507 978 607 rempublicam
1035 521 1288 578 tenere
1343 529 1747 605 possemus.
1806 509 2051 600 Quid?
2108 513 2167 581 si
2226 513 2301 581 in
2362 515 2597 610 prima

451 621 956 706 contentione,
987 618 1058 686 vi
1088 616 1468 689 tribunitia
1496 621 1729 689 victus
1748 672 1773 705 5
1806 621 1881 688 in
1916 619 2075 690 foro
2095 672 2114 707 ‚
2150 643 2315 690 cum
2344 623 2597 693 multis

447 729 664 800 bonis
711 728 881 798 viris
931 726 1408 798 concidissem
1430 781 1450 814 ‚
1506 744 1835 802 senatum
1898 729 2269 820 consules,
2322 733 2581 822 crede,

450 852 864 924 vocassent,
902 860 1126 933 quem
1162 850 1399 906 totum
1440 833 1531 907 de
1564 842 1847 909 civitate
1884 839 2247 928 delerant3
2286 841 2375 912 ad
2402 861 2599 914 arma

449 955 945 1034 vocassentu,
989 949 1120 1044 qui
1165 970 1259 1018 ne
1301 948 1569 1018 vestitu
1607 947 1901 1044 quidem
1950 947 2245 1020 defendi
2296 973 2595 1049 rempu-

441 1058 706 1130 blicam
743 1059 1044 1142 sissent3
1079 1080 1121 1126 a
1151 1045 1454 1126 tribuno
1483 1056 1721 1154 plebis
1748 1073 1916 1155 post
1946 1059 2325 1137 interitum
2358 1082 2597 1132 meum

445 1167 930 1252 dissidissent‚
969 1169 1098 1262 qui
1137 1163 1468 1236 eamdem
1510 1165 1764 1236 horam
1804 1192 1979 1239 meae
2016 1173 2270 1266 pestis,
2314 1185 2391 1240 et
2423 1193 2599 1242 suo-

442 1301 608 1348 rum
647 1278 1118 1376 praemiorum
1156 1299 1310 1346 esse
1347 1275 1769 1347 voluissent.

543 1393 702 1457 XX.
737 1391 986 1456 Unum
1023 1389 1218 1456 enim
1253 1385 1431 1456 mihi
1459 1384 1777 1457 restabat
1810 1385 2028 1472 illud,
2066 1387 2268 1483 quod
2296 1385 2595 1458 forsitan

441 1523 599 1569 non
636 1487 857 1567 nemo
893 1495 1002 1565 vir
1029 1493 1270 1579 fortis,
1309 1510 1384 1566 et
1415 1497 1599 1568 acris
1626 1497 1847 1566 animi
1876 1498 2267 1594 magnique
2297 1497 2593 1570 dixerit:

447 1607 830 1678 restitisses
850 1657 869 1694 ‚
909 1629 1388 1705 repugnasses
1407 1661 1426 1696 ‚
1467 1621 1777 1677 morte·
1816 1631 2148 1704 pugnans
2184 1607 2599 1704 oppetisses.

447 1721 562 1788 De
600 1740 752 1812 quo
794 1730 903 1802 te,
951 1729 1064 1802 te,
1114 1719 1414 1812 inquam
1439 1769 1458 1804 ‚
1512 1716 1779 1812 patria,
1830 1730 2097 1804 testor,
2140 1730 2213 1787 et
2250 1740 2425 1805 vos,
2469 1737 2597 1814 pe-

443 1841 694 1914 nates,
753 1826 1113 1923 patriique
1151 1826 1298 1913 dii,
1343 1851 1462 1897 me
1504 1841 1905 1896 vestrarum
1945 1825 2241 1896 sedum¹
2286 1825 2599 1922 templo-

447 1961 766 2034 rumque
803 1961 1052 2022 causa‚
1091 1961 1209 2007 me
1253 1951 1556 2035 propter
1590 1936 1893 2007 salutem
1929 1958 2261 2006 meorum
2298 1937 2603 2020 civium,

444 2071 610 2144 quse
647 2047 824 2118 mihi
867 2071 1156 2146 semper
1191 2045 1330 2118 fuit
1367 2071 1531 2118 mea
1567 2048 1805 2119 carior
1836 2049 1983 2117 vita
2003 2098 2023 2134 ‚
2060 2046 2599 2117 dimicationem

445 2156 864 2255 caedemque
919 2155 1208 2255 fugisse.
1270 2159 1557 2228 Etenim
1584 2207 1605 2246 ‚
1656 2157 1717 2226 si
1758 2153 1977 2225 mihi²
2018 2156 2095 2225 in
2130 2153 2372 2251 aliqua
2416 2177 2601 2226 nave

445 2291 617 2338 cum
655 2270 834 2340 meis
873 2268 1120 2339 amicis
1165 2269 1575 2367 naviganti,
1624 2265 1803 2353 hoc,
1836 2265 2155 2362 judices,
2194 2262 2601 2351 accidisset,

442 2393 525 2451 ut
559 2379 769 2450 multi
807 2403 900 2449 ex
945 2379 1194 2449 multis
1233 2378 1412 2448 locis
1460 2376 1843 2475 praedones
1888 2374 2233 2446 classibus
2272 2398 2426 2445 eam
2470 2400 2599 2444 na·

439 2514 602 2559 vem
646 2513 721 2559 se
757 2511 1241 2583 oppressuros
1281 2484 1819 2573 minitarentur,
1858 2483 1993 2555 nisi
2031 2510 2149 2555 me
2190 2505 2421 2555 unum
2461 2480 2596 2552 sibi

443 2598 933 2680 dedidissent3
967 2596 1028 2663 si
1057 2594 1133 2663 id
1167 2608 1496 2663 vectores
1532 2608 1919 2687 negarent,
1954 2618 2037 2663 ac
2065 2614 2349 2663 mecum
2386 2589 2603 2660 simul

443 2705 740 2778 interire
763 2758 783 2789 ,
814 2724 1036 2798 quam
1063 2724 1182 2771 me
1211 2701 1496 2771 tradere
1524 2700 1857 2773 hostibus
1888 2703 2223 2789 mallent3
2270 2701 2599 2794 jecissem

447 2840 566 2887 me
615 2814 769 2909 ipse
815 2813 1062 2907 potius
1117 2813 1192 2881 in
1235 2809 1726 2907 profundum,
1772 2827 1852 2881 ut
1892 2827 2175 2882 ceteros
2216 2834 2600 2881 conserva-

444 2946 604 2995 rem
633 2974 652 3007 ,
711 2940 931 3016 quam
997 2919 1158 2988 illos
1218 2922 1358 2989 mei
1415 2935 1560 2990 tam
1619 2920 1964 3017 cupidos,
2026 2932 2177 2988 non
2238 2918 2460 2989 modo
2512 2918 2603 2989 ad

451 3042 724 3103 certam
768 3040 1121 3111 mortem,
1164 3024 1288 3097 sed
1338 3029 1410 3097 in
1457 3054 1805 3127 magnum
1858 3030 2016 3098 vitae
2054 3022 2437 3098 discrimen
2477 3026 2601 3097 ad-

449 3142 818 3212 ducerem.
879 3137 1130 3223 Quum
1183 3160 1352 3207 vero
1409 3140 1480 3209 in
1545 3138 1735 3208 hanc
1793 3133 2255 3233 reipublicae³
2310 3159 2603 3221 navem,

449 3315 754 3382 rii-publica,
783 3314 993 3377 pessimo
1029 3317 1250 3381 exemplo
1277 3320 1329 3365 in
1355 3320 1476 3367 civi·

455 3409 608 3447 mem
636 3392 860 3440 inducto.

533 3488 617 3521 ιι.
665 3471 752 3517 Aa
791 3486 934 3517 arma
971 3486 1242 3521 vocassem.
1287 3476 1372 3525 Al.
1409 3476 1488 3523 ad

457 3566 608 3603 ama
623 3542 882 3597 vocab-ene.
901 3552 954 3599 J.
968 3548 1032 3596 V.
1057 3552 1111 3599 1..

529 3628 656 3677 11.
705 3642 748 3672 ι.
791 3628 870 3674 Sic
910 3629 1139 3677 Princian.
1175 3630 1255 3677 Al.
1295 3631 1485 3679 malunt

457 3707 669 3756 sedium.
691 3706 854 3753 Recte.

537 3798 586 3832 2.
607 3780 663 3829 si
681 3781 812 3831 mihi.
845 3783 1167 3833 Pulcherrima
1189 3786 1244 3833 b.
1271 3787 1302 3833 Ι.
1327 3786 1486 3849 expli·

463 3874 606 3911 cetur
620 3860 906 3921 aimundo,
924 3872 974 3911 et
992 3876 1176 3911 suma
1199 3865 1420 3912 ven‘tati·
1433 3867 1488 3911 vi

462 3940 524 3988 ad
553 3938 752 3987 verbum
781 3957 892 3988 cum
918 3942 1168 3989 Ciceronis
1197 3942 1486 3989 conditione

463 4019 706 4084 congruit.

533 4100 588 4147 3.
627 4100 783 4161 Qum
813 4114 936 4147 ‘uero
967 4097 1020 4144 in
1053 4097 1186 4144 hanc
1212 4096 1488 4160 reipublica-

1572 3332 1765 3365 navem.
1792 3315 1903 3362 Nisi
1928 3324 2039 3361 ante
2063 3316 2163 3375 jam
2196 3315 2257 3362 de
2286 3330 2411 3362 nave
2436 3317 2607 3364 menni·-

1572 3397 1753 3451 fiisset‚
1786 3392 1919 3440 haud
1954 3394 2071 3441 satin
2106 3394 2379 3441 verecunda
2410 3396 2605 3445 inlatio
2642 3452 2653 3462 ·

1574 3473 1829 3521 videretur
1852 3484 1867 3517 ε
1894 3487 1997 3517 non
2035 3471 2163 3518 enim
2188 3484 2391 3536 repente
2416 3483 2468 3520 et
2492 3491 2608 3523 οιιιι

1576 3554 1769 3615 impetu
1804 3550 2029 3614 irrumpit
2042 3584 2059 3605 ,
2100 3552 2187 3599 sed
2224 3553 2521 3615 pedetentim
2556 3570 2607 3604 et

1576 3628 1775 3695 placide
1798 3630 1852 3674 in
1872 3630 2139 3676 orationem
2166 3630 2439 3691 ingreditur
2454 3644 2609 3681 meu.

1578 3707 1741 3772 phora
1755 3736 1771 3763 ‚
1790 3708 2055 3768 presertim
2076 3708 2165 3755 ubi
2184 3708 2349 3771 paullo
2370 3710 2611 3760 illuuiem

1580 3795 1683 3842 ent,
1714 3798 1805 3829 nec
1832 3799 1961 3843 uno,
1988 3796 2073 3832 aut
2091 3785 2243 3833 altero
2267 3788 2417 3836 verbo
2444 3794 2609 3838 termi-

1580 3872 1733 3909 mum·
1758 3875 1772 3907 ι
1810 3875 1957 3924 quare
1986 3878 2089 3911 non
2122 3864 2439 3914 offendumr
2464 3873 2611 3917 novi-

1582 3948 1685 3985 tate
1710 3952 1849 3985 aare·
1870 3950 2047 3988 nom
2063 3972 2077 3996 ‚
2107 3956 2261 4005 quun
2286 3943 2339 3989 in
2362 3943 2489 3993 haue
2513 3950 2611 3995 rei-

1582 4015 1799 4080 publicae
1830 4032 1999 4065 navem
2038 4019 2243 4067 audiunt
2272 4034 2285 4066 ε
2324 4021 2445 4071 nihil
2479 4028 2610 4073 enin

1586 4092 1653 4140 nd
1672 4092 1780 4139 illae
1798 4094 1974 4141 neeidit
1990 4096 2224 4143 incolens.
