2996 4694
826 380 1214 452 offlfflo
1261 381 1468 449 PRo
1519 379 1611 469 Q.
1660 376 2121 446 LIGAmo.
2404 373 2539 444 601

409 505 732 579 cessat-iis
784 506 968 591 suis,
1023 499 1154 573 sed
1208 500 1426 571 etiam
1479 496 1892 597 reipublicae
1944 494 2473 569 condonaveris
2494 493 2547 567 ⁸.

405 623 544 689 Fac
567 617 810 713 igitur,
848 610 1052 710 quod
1087 610 1180 683 de
1211 610 1511 682 homine
1536 608 1992 681 nobilissimo
2020 621 2095 680 et
2121 607 2550 694 clarissime,

404 731 504 798 M.
533 723 911 811 Marce110‚
937 719 1165 793 fecisti
1201 745 1440 819 nuper
1466 722 1543 792 in
1574 720 1809 807 curia,
1836 722 2036 792 nuric
2062 716 2257 790 idem
2281 719 2359 789 in
2384 717 2548 791 foro

407 838 500 911 de
556 838 850 936 optimis
913 850 988 907 et
1042 833 1212 905 huic
1273 836 1475 905 omni
1536 832 1960 933 frequentiae
2021 829 2549 930 probatissimis

403 946 769 1020 fratribus.
826 951 928 1019 Ut
973 946 1391 1031 concessisti
1449 942 1653 1014 illum
1700 944 2020 1029 senatui,
2067 944 2169 1014 sic
2206 939 2296 1012 da
2344 938 2549 1014 hunc

405 1056 684 1155 populo
697 1068 754 1143 9,
813 1055 1022 1151 cujus
1079 1052 1533 1125 voluntatem
1588 1054 2025 1125 carissimam
2089 1075 2375 1150 semper
2425 1049 2550 1123 ha-

405 1166 728 1239 buisti10.
757 1171 882 1255 Et,
931 1167 992 1237 si
1035 1164 1157 1236 ille
1194 1162 1346 1235 dies
1385 1161 1523 1235 tibi
1566 1162 2228 1261 gloriosissimusn,
2264 1161 2547 1260 populo

404 1300 712 1347 romano
779 1274 1223 1374 gratissimus
1275 1273 1449 1360 fuit,
1518 1272 1701 1361 noli,
1758 1272 2103 1361 obsecr0‚
2165 1271 2500 1344 dubitare
2524 1326 2545 1361 ,

405 1392 486 1459 C.
521 1391 777 1474 Caesar,
813 1385 1118 1459 similem
1149 1384 1252 1456 illi
1296 1384 1542 1483 gloriae
1582 1383 1871 1455 laudem
1904 1408 2122 1483 quam
2158 1383 2547 1481 saepissime

405 1522 731 1595 quaerere
751 1507 831 1567 ¹².
870 1494 1068 1569 Nihil
1097 1508 1205 1566 est
1241 1496 1440 1565 enim
1475 1508 1623 1566 tam
1663 1495 2057 1594 populare,
2089 1518 2310 1593 quam
2341 1492 2551 1565 boni-

406 1620 547 1694 tas3
583 1605 782 1677 nulla
807 1602 902 1677 de
923 1602 1315 1677 virtutibus
1339 1606 1486 1676 tuis
1509 1604 1841 1703 plurimis
1870 1630 2005 1677 nec
2032 1602 2545 1691 admirabilior,

404 1740 542 1787 nec
591 1718 860 1813 gratior
904 1712 1400 1785 misericordia
1444 1728 1576 1787 est.
1623 1718 1971 1787 Homines
2008 1719 2202 1788 enim
2243 1716 2332 1788 ad
2370 1715 2547 1789 deos

403 1823 604 1897 nulla
637 1849 717 1896 re
763 1825 1066 1923 propius
1101 1821 1496 1913 accedunt,
1530 1848 1753 1922 quam
1784 1822 2090 1897 salutem
2123 1824 2551 1899 hominibus

404 1928 751 2005 dand013.
790 1932 987 2005 Nihil
1031 1930 1255 2003 habet
1301 1955 1440 2003 nec
1490 1931 1789 2005 fortuna
1831 1947 1959 2007 tua
1992 1935 2268 2030 majus,
2320 1962 2544 2035 quam

403 2058 486 2115 ut
529 2045 800 2142 possis;
839 2067 976 2115 nec
1017 2057 1278 2115 natura
1313 2056 1438 2114 tua
1465 2043 1724 2116 melius
1743 2098 1763 2133 ,
1804 2068 2024 2143 quam
2068 2060 2153 2116 ut
2188 2046 2365 2118 velis
2400 2071 2547 2119 ser-

401 2162 655 2227 vare¹4
705 2178 926 2254 quam
957 2150 1420 2252 plurimos¹⁵.

497 2268 934 2364 Longiorem
975 2265 1376 2337 orationem
1414 2287 1629 2336 causa
1669 2262 1966 2337 forsitan
2006 2266 2324 2365 postulat
2344 2320 2365 2354 ‚
2417 2281 2545 2339 tua

405 2392 600 2450 certe
635 2392 900 2449 natura
927 2375 1338 2450 breviorem
1358 2365 1446 2446 ¹⁶.
1470 2379 1741 2468 Quare,
1754 2401 1987 2475 quum
2001 2376 2247 2450 utilius
2260 2403 2415 2451 esse
2438 2405 2548 2451 ar-

474 2545 524 2594 8.
563 2541 940 2593 condonaverit.
971 2543 1176 2594 Cauri·
1209 2543 1426 2592 animum

401 2623 654 2686 accendit,
673 2622 810 2687 quod
832 2621 916 2671 hic
941 2637 1048 2671 nou
1075 2621 1136 2670 de
1160 2623 1348 2689 privsts
1375 2639 1426 2671 rc

1515 2542 1661 2593 leude
1692 2559 1923 2609 umquem
1959 2543 2230 2610 deistigsri.
2265 2548 2423 2596 Totus
2458 2545 2543 2596 ille

1515 2623 1659 2672 locus
1710 2623 2025 2673 nobilissimis
2073 2624 2293 2673 sensibus
2335 2626 2543 2676 refertus

401 2713 571 2767 agatur
589 2739 606 2766 ,
629 2701 717 2750 sed
750 2701 814 2750 de
853 2700 1072 2750 hominis
1107 2702 1294 2761 salute,
1315 2718 1426 2768 qun

403 2793 556 2831 totsm
573 2797 728 2846 remp.
741 2781 911 2830 latitia
927 2781 1210 2844 perfundet.

474 2877 525 2925 9.
547 2861 746 2927 Populo.
770 2861 874 2924 Qui
889 2860 1106 2910 tribuual
1131 2871 1272 2910 tuum
1290 2861 1424 2910 obsi·

403 2939 516 3000 det,
540 2939 666 2989 sdeo
692 2956 788 3006 pro
811 2939 1006 3005 Ligurio
1030 2951 1391 2989 commovetur.

478 3034 556 3067 to.
601 3017 906 3068 Carissimum
959 3033 1146 3084 semper
1195 3016 1424 3067 habui'sei.

400 3101 569 3164 Quum
595 3098 880 3164 popularem
915 3097 1044 3146 vim
1079 3099 1133 3146 in
1173 3097 1426 3164 republica

401 3177 782 3227 administranda
809 3179 873 3228 sit
891 3193 1079 3243 semper
1100 3188 1362 3241 sequutus,
1378 3185 1428 3225 et

401 3257 498 3306 hoc
527 3268 770 3322 protextu
789 3258 934 3306 civile
953 3257 1138 3306 bellum
1165 3255 1426 3321 inceperit,

401 3349 458 3386 ut
483 3337 661 3386 violata
679 3337 987 3386 tribunorum
1009 3339 1117 3400 jus-s
1143 3345 1315 3386 coutrs
1335 3351 1426 3402 po-

403 3417 612 3465 tentium
629 3416 948 3467 ambitionem
965 3427 1196 3466 tueretur.

479 3513 502 3544 1
515 3511 562 3545 1.
605 3496 714 3546 Tibe·
749 3494 1136 3562 glonbsim'nsm.
1178 3495 1230 3545 Si
1270 3496 1426 3546 mxi-

402 3591 529 3624 mum
577 3577 669 3624 tibi
715 3575 916 3640 glos-ism
962 3575 1195 3642 peperisti
1209 3610 1225 3635 ,
1273 3591 1425 3641 quum

401 3655 692 3706 Marcellum
725 3655 896 3721 pstrise
929 3667 980 3704 et
1009 3656 1200 3706 seustui
1225 3655 1420 3704 condo·

402 3723 656 3796 nssti‚⁹ne
695 3735 866 3784 dubita
902 3749 1070 3800 parem
1103 3735 1196 3784 tihi
1229 3735 1424 3784 laudem

399 3816 498 3864 boc
527 3815 632 3876 die,
655 3815 798 3864 simili
827 3814 1158 3864 benivolentia
1174 3850 1190 3875 ,
1209 3831 1425 3880 querere

401 3912 459 3945 sc
493 3911 794 3961 comparare.
829 3895 910 3943 Sic
947 3910 1036 3958 spe
1075 3896 1246 3954 fnum,
1285 3896 1425 3957 cuius

399 3987 505 4024 erat
529 3977 689 4024 (Σαει-
711 3974 1084 4039 cupidissimus,
1108 3991 1220 4023 eum
1247 3973 1310 4023 sd
1329 3967 1426 4022 nii-

400 4053 709 4104 sericordism
737 4053 956 4120 impellit.

482 4149 563 4184 η.
587 4135 830 4197 Qum-ere.
852 4132 972 4182 Noli
993 4133 1047 4182 in
1065 4132 1146 4183 ills
1165 4133 1426 4199 querende
1461 4200 1466 4209 .

1516 2715 1617 2766 cst,
1652 2715 1702 2753 et
1741 2720 1916 2771 magns
1954 2703 2152 2770 quidem
2186 2704 2451 2769 eloquendi
2491 2708 2541 2756 vi

1515 2783 1797 2832 enuntietis.

1593 2863 1679 2911 13.
1698 2861 1915 2910 Salutem
1932 2861 2197 2911 Ιιοηιὺιίὂω
2210 2861 2404 2914 dando.
2422 2865 2559 2914 Seu·-

1516 2941 1680 2990 tentise
1710 2939 1811 2989 311ae
1840 2951 2107 2990 occurrunt
2132 2943 2310 3007 passim
2328 2942 2383 2990 iu
2408 2955 2539 2994 oret.

1514 3036 1608 3085 pro
1628 3019 1893 3078 Marcello,
1910 3019 2275 3085 presertimque
2292 3022 2437 3070 tertio
2458 3039 2538 3071 cs·

1516 3100 1622 3164 pits
1651 3099 1980 3146 continentur.
2004 3101 2066 3147 In
2094 3101 2319 3150 eumdem
2344 3118 2539 3151 sensum

1516 3175 1774 3228 Chudisu.
1804 3175 1869 3225 de
1901 3188 2078 3242 qusrto
2112 3180 2326 3229 Honorii
2359 3197 2542 3232 consu·-

1512 3257 1648 3306 lstn:
1672 3276 1699 3298 ‹-
1718 3255 1794 3306 εἰς
1818 3256 1933 3321 pius
1956 3257 2009 3305 in
2029 3257 2226 3322 primis3
2248 3275 2361 3308 usm
2387 3277 2541 3326 quum

1513 3337 1768 3386 vincemur
1789 3336 1853 3386 sb
1876 3337 2015 3386 omui
2037 3337 2272 3404 Munere,
2294 3341 2400 3390 sols
2424 3341 2542 3391 deos

1514 3428 1675 3482 aequst
1698 3417 1951 3466 clementis
1974 3416 2183 3469 nobis·-

1591 3505 1676 3554 14.
1714 3494 1799 3546 sio
1836 3496 2131 3561 Quintilian.
2168 3501 2273 3562 11,
2312 3509 2373 3562 4,
2422 3515 2537 3564 107.

1512 3577 1599 3626 Al.
1618 3592 1920 3626 conservare.

1592 3657 1675 3705 15.
1725 3659 1887 3721 Quam
1929 3652 2188 3722 plurimos.
2234 3661 2328 3708 nis
2374 3659 2536 3708 verbis

1514 3736 1723 3784 maxims
1743 3753 1857 3784 cum
1875 3737 2207 3787 concinuiute
2230 3749 2281 3787 et
2299 3738 2534 3803 elegantis
2552 3723 2575 3734 ’

1512 3816 1889 3880 complectitur,
1928 3817 2049 3881 quid
2076 3818 2297 3882 potentis
2324 3819 2537 3866 clemen-

1513 3896 1679 3961 tisque
1696 3896 1751 3944 in
1770 3911 1923 3944 unum
1952 3897 2229 3958 coniuncte
2256 3896 2447 3961 possint
2472 3898 2537 3946 sd

1515 3987 1789 4024 ceterorum
1812 3975 2014 4040 salutem
2040 3974 2358 4023 retinendam.

1592 4055 1675 4103 16.
1702 4056 1895 4104 Nauna
1914 4051 2186 4102 breviorem.
2209 4055 2377 4116 Quum
2394 4056 2539 4105 mise-

1517 4133 1725 4182 ricordis
1752 4144 1836 4182 tus
1858 4147 2115 4183 occurrere
2138 4133 2243 4200 ipss
2270 4133 2397 4182 solet
2420 4151 2538 4201 sup-
