2996 4694
487 351 626 432 402
1135 349 1231 415 M.
1283 349 1361 415 T.
1413 345 1963 415 CICERONIS

487 465 907 540 discederet.
949 469 1110 540 Non
1147 463 1342 564 apud
1377 465 1709 554 indpctos
1728 519 1748 551 ‚
1788 463 1915 535 sed
1934 517 1955 550 ,
1998 477 2079 534 ut
2110 488 2247 562 ego
2278 464 2615 550 arbitror,

487 582 560 648 in
625 578 1004 648 hominum
1071 577 1718 648 eruditissimorum
1796 589 1870 646 et
1929 574 2613 648 humanissimorum

399 777 412 786 ‘
487 703 682 760 eoetu
710 688 993 786 loquor.
1031 687 1347 760 Audistis
1375 685 1703 786 profecto
1728 673 1901 768 dici‚'
1938 683 2413 782 philosophos
2442 687 2614 784 Epi-

487 823 776 886 cureOS,
835 823 1086 870 omnes
1146 822 1298 884 res,
1358 822 1519 895 quae
1581 811 1751 869 sunt
1813 796 2093 867 homini
2152 795 2615 894 expetendae,

491 908 858 1006 voluptate
895 908 1176 991 metiri3
1212 922 1444 996 reete,
1483 933 1577 978 an
1615 930 1862 992 seona,
1905 906 2087 978 nihil
2122 904 2215 978 ad
2253 931 2421 995 nos3
2452 922 2613 993 aut,

485 1023 546 1088 si
577 1017 670 1090 ad
711 1019 842 1090 no's
860 1070 881 1105 ,
910 1016 1090 1088 nihil
1122 1015 1212 1088 ad
1243 1017 1386 1089 hoe
1417 1033 1705 1114 tempus
1735 1043 1751 1086 :
1784 1013 1911 1086 sed
1938 1031 2177 1088 tamen
2210 1015 2613 1088 lubricum⁴

485 1151 714 1224 genus
768 1127 1144 1212 orationis,
1185 1125 1623 1200 adolescenti
1678 1150 1829 1196 nou
1882 1129 2138 1198 acriter
2192 1127 2617 1224 intelligenti

483 1261 672 1336 saepe
713 1259 1052 1334 praeceps.
1093 1241 1346 1333 Itaque
1389 1235 1847 1308 admissarius
1860 1233 1893 1280 ⁵
1937 1240 2069 1307 iste
2088 1289 2107 1322 ‚
2146 1237 2359 1309 simul
2398 1253 2617 1336 atque

481 1346 790 1436 audivit,
829 1373 872 1418 a
911 1345 1350 1446 philosopho
1385 1348 1834 1446 voluptatem
1880 1358 2262 1446 tantopere
2301 1347 2615 1437 laudari,

487 1456 670 1528 nihil
707 1459 1112 1554 expisoetus
1142 1471 1252 1528 eat
1289 1485 1307 1528 τ
1347 1459 1448 1528 sic
1489 1481 1661 1529 suos
1694 1480 1949 1528 sensus
1984 1457 2431 1555 voluptarios
2466 1481 2620 1529 om·

489 1584 636 1639 nes·
660 1568 1016 1652 incitavit,
1067 1569 1168 1637 sic
1209 1567 1298 1638 ad
1335 1567 1529 1638 illius
1562 1567 1752 1640 hanc
1794 1567 2199 1639 orationem
2230 1566 2620 1654 adhinniit‚

491 1692 570 1748 ut
619 1701 766 1750 non
807 1679 1224 1774 magistrum
1263 1679 1579 1767 virtutis,
1632 1677 1757 1749 sed
1802 1692 2170 1750 auctorem
2218 1677 2537 1751 libidinis
2578 1704 2621 1750 a

487 1812 564 1860 se
605 1786 812 1858 illum
847 1788 1224 1860 inventum
1259 1787 1749 1860 arbitraretur.
1786 1790 2075 1860 Graecus
2106 1791 2345 1886 primo
2375 1788 2623 1861 distin-

490 1919 710 1996 guere
733 1912 952 1994 atque
977 1897 1296 1971 dividere
1323 1897 1442 1969 illa
1459 1951 1480 1986 ‚
1512 1894 2129 1995 quemadmodum
2160 1897 2573 1970 dicerentur
2600 1926 2617 1968 t

491 2010 624 2080 iste
665 2005 1034 2098 eiaudus⁶2
1073 2009 1444 2107 quomodo
1477 2011 1719 2094 aiunt,
1769 2005 2027 2104 pilam;
2064 2007 2377 2078 retinere
2422 2007 2623 2104 quod

491 2133 864 2216 acceperat
880 2172 901 2205 ,
939 2119 1304 2191 testificari
1323 2174 1343 2208 ‚
1375 2117 1657 2189 tabulas
1684 2115 2067 2212 obsignare
2108 2115 2291 2188 velle
2307 2171 2328 2205 ,
2368 2118 2624 2214 Epicu-

488 2251 652 2300 rum
695 2227 1043 2300 disertum
1077 2227 1316 2300 dicere
1330 2239 1378 2297 ⁷.
1425 2231 1517 2299 Et
1548 2241 1793 2298 tamen
1842 2224 2115 2297 dictum
2164 2229 2427 2325 opinor
2441 2223 2499 2316 ⁸,
2546 2249 2623 2298 se

489 2337 773 2411 nullum
815 2337 1098 2410 bonum
1155 2337 1561 2436 intelligere
1618 2360 1827 2437 posse
1848 2390 1867 2423 ,
1921 2334 2235 2435 demptis
2298 2338 2625 2437 eorporis

492 2447 1004 2546 voluptatibus.
1068 2448 1266 2538 Quid
1321 2450 1595 2519 multa?
1622 2451 1941 2519 -Graecus
1990 2444 2261 2519 facilis9
2300 2462 2374 2520 et
2419 2447 2625 2519 valde

493 2570 836 2629 venustus
855 2608 875 2641 ‚
909 2558 1121 2628 nimis
1153 2581 1441 2655 pugnax
1471 2572 1731 2631 eontra
1760 2571 2169 2629 senatorem
2209 2559 2467 2657 populi
2506 2584 2623 2629 ro-

497 2666 690 2735 mani
727 2687 882 2735 esse
919 2666 1174 2737 noluit.

591 2778 846 2847 XXIX.
897 2780 1024 2847 Est
1066 2793 1308 2849 autem
1353 2778 1507 2863 hic,
1554 2775 1645 2849 de
1687 2802 1839 2875 quo
1878 2778 2161 2875 loquor,
2196 2804 2348 2851 non
2393 2778 2627 2877 philo·

497 2882 754 2993 sophia
806 2884 1070 2971 solum‚
1127 2887 1252 2959 sed
1309 2890 1525 2960 etiam
1580 2888 1840 2974 literis,
1892 2889 2093 2985 quod
2145 2888 2295 2961 fere
2348 2904 2627 2962 ceteros

569 3056 617 3104 4.
651 3045 920 3096 Lab-icum.
937 3048 1200 3099 Lubrieum
1232 3066 1346 3099 saue
1382 3062 1434 3100 et
1465 3052 1519 3099 in
1604 3060 1749 3115 aptus
1766 3062 1872 3099 eat:
1898 3050 2119 3099 aimiliter
2146 3054 2257 3102 Piao
2276 3063 2461 3101 tautum
2478 3050 2626 3111 illud,

499 3142 600 3190 quo
633 3126 774 3175 facile
803 3138 966 3176 errent
985 3128 1338 3191 adolescentes,
1365 3131 1521 3179 oetatia

496 3218 616 3255 aeatu
632 3206 848 3271 abrepti3
862 3206 1228 3259 adolescentulo
1241 3223 1401 3260 autem
1415 3226 1521 3257 non

497 3284 704 3334 maxime
724 3284 922 3334 erudito
943 3302 1003 3333 ac
1025 3290 1293 3353 perspicaci
1313 3306 1374 3338 eo
1397 3288 1525 3354 peti·

498 3364 720 3415 culusum
737 3380 796 3411 ac
813 3380 924 3412 vere
940 3382 1159 3432 preceps
1173 3400 1189 3425 ‚
1203 3370 1316 3432 quia
1336 3382 1446 3432 quoe
1458 3368 1522 3415 sit

501 3458 614 3491 vera
625 3442 855 3506 voluptas
873 3458 976 3490 uon
993 3444 1329 3509 deprehendit.
1345 3447 1525 3496 Adole-

495 3530 878 3570 sceutemautem
887 3522 1035 3572 fuisse
1045 3524 1372 3587 Piaonemjam
1382 3526 1526 3583 dixit,

496 3615 646 3663 quum
663 3598 935 3648 Philodami
956 3604 1216 3652 amicitiam
1239 3606 1494 3670 appetivit.

567 3677 618 3727 5.
655 3677 997 3731 Admissarius.
1041 3684 1308 3749 Tamquam
1337 3700 1490 3749 equus
1504 3720 1519 3742 ‚

495 3758 583 3821 qui
619 3756 823 3806 rationis
866 3776 1038 3825 expers
1057 3798 1072 3824 ,
1117 3782 1262 3813 unam
1297 3766 1521 3829 eorporis

497 3837 798 3902 voluptatem
823 3840 966 3889 novit
995 3858 1009 3892 z
1037 3842 1150 3891 ideo
1179 3856 1424 3908 tamquam
1457 3841 1521 3889 de

497 3932 625 3981 equo
645 3917 880 3980 sequitur,
899 3920 1159 3973 adhinniie.

565 3998 618 4045 6.
662 3998 763 4042 Iste
795 3997 996 4049 claudus
1014 4035 1029 4061 ,
1073 4000 1313 4066 quomodo
1351 4000 1514 4053 aiunt»

489 4076 668 4137 pilam.
681 4074 898 4125 claudus
915 4080 1027 4142 pile
1047 4092 1234 4128 tantum
1255 4076 1523 4127 retinenda.-

1608 3129 1743 3193 quod
1772 3128 1988 3179 audierat
2002 3164 2020 3191 ‚
2050 3132 2353 3197 voluptatem
2370 3148 2474 3181 esee
2498 3146 2631 3181 aun-

1608 3224 1741 3255 mum
1784 3208 1998 3268 bouum,
2038 3210 2313 3262 observavit
2336 3248 2353 3274 ,
2376 3226 2435 3260 ae
2470 3220 2630 3259 mente

1610 3288 1826 3336 retinuit.
1864 3287 1969 3337 Nec
1994 3289 2261 3353 quidquam
2295 3289 2429 3340 aliud
2464 3289 2631 3337 audire

1610 3366 1763 3414 valuit
1776 3402 1792 3424 ‚
1830 3382 1931 3429 quo
1964 3366 2027 3415 de
2064 3368 2212 3415 animi
2251 3369 2505 3433 voluptate
2532 3368 2631 3417 dici

1614 3444 2039 3495 demonstraretur.

1686 3542 1733 3585 7..
1760 3524 1839 3571 Al.
1868 3524 2141 3573 ἄεσαν-ηενρ.
2162 3528 2212 3575 J.
2231 3527 2297 3575 V.
2328 3530 2383 3575 1..

1686 3604 1734 3650 8.
1782 3603 1911 3659 Alii,
1952 3620 2079 3667 quos
2120 3606 2338 3668 sequitur
2374 3606 2599 3655 Gravius
2616 3640 2633 3665 ,

1610 3704 1634 3723 ··
1647 3683 1736 3730 Est
1753 3690 1938 3731 tamen:
1954 3682 2089 3743 dicit,
2102 3696 2161 3732 ut
2174 3685 2406 3747 opinor».
2425 3686 2554 3733 J.V.
2578 3688 2632 3734 L.

1682 3776 1735 3822 9.
1768 3762 1964 3807 Graecus
1972 3759 2165 3825 facilis.
2202 3762 2514 3811 Philodemus
2540 3764 2635 3811 mi-

1609 3840 1739 3887 nime
1766 3849 2060 3898 contumax,
2085 3853 2135 3890 et
2170 3842 2304 3889 omni
2330 3842 2639 3890 humanitate

1606 3917 1877 3983 perpolitus
1894 3952 1911 3977 ,
1940 3930 1987 3966 et
2009 3920 2074 3967 ad
2100 3936 2313 3985 unguem
2340 3922 2497 3970 faetus
2512 3956 2527 3981 ,
2552 3922 2635 3969 Pi·

1608 3997 1719 4045 aoui
1735 3998 1843 4045 viro
1869 3998 2073 4061 patricio
2091 4010 2141 4047 et
2160 4000 2405 4048 senatorio
2428 4000 2637 4050 nimi-

1608 4076 1832 4138 reffraguri
1856 4076 2039 4124 noluit.
