2996 4694
497 377 636 450 528
1130 363 1226 446 Μ.
1278 379 1355 445 Τ.
1408 379 1985 450 CICERONIS

488 498 712 572 modo
748 497 867 568 ille
901 487 1029 566 {ros
1064 497 1267 568 vivus
1296 494 1616 570 afficeret
1639 551 1660 586 ‚
1701 520 1890 596 quos
1919 513 2256 574 mortuus
2281 506 2478 577 inani
2505 530 2631 580 co-

492 613 835 710 gitatione
852 603 887 652 ⁶
922 607 1325 704 percussit?
2065 633 2072 642 ·

590 719 833 811 Quid?
864 719 923 788 si
958 719 1111 816 ipse
1148 721 1283 788 Cn.
1324 721 1750 816 PompeiuS‚
1783 723 1912 816 qui
1943 745 2025 794 ea
2065 725 2328 798 virtute
2363 749 2447 798 ac
2477 727 2628 800 for-

493 847 671 904 tuna
712 841 854 912 est,
896 842 983 898 ut
1030 851 1115 898 ea
1156 829 1475 924 potuerit
1523 851 1834 928 semper,
1881 855 2046 929 quae
2093 857 2312 907 nemo
2369 851 2630 936 praeter

490 941 741 1028 illum;
786 941 847 1012 si
892 941 995 1024 is,
1046 939 1381 1035 inquam,
1438 939 1794 1036 potuisset
1833 957 1961 1014 aut
2009 947 2482 1042 quaestionem
2533 947 2628 1020 de

494 1065 725 1125 morte
766 1055 841 1122 P.
886 1048 1119 1122 Clodii
1170 1049 1387 1136 ferre,
1424 1065 1554 1122 aut
1586 1052 1826 1149 ipsum
1861 1051 1956 1124 ab
1993 1054 2240 1128 inferis
2277 1061 2630 1148 excitare,

487 1177 735 1236 utrum
775 1160 1043 1258 putatis
1091 1161 1337 1256 potius
1380 1156 1740 1232 facturum
1780 1160 2058 1235 fuisse?
2106 1167 2400 1239 Etiamsi
2449 1192 2628 1267 pro-

488 1288 653 1374 pter
689 1269 1075 1342 amicitiam
1096 1279 1123 1326 ⁷
1162 1268 1380 1341 vellet
1413 1269 1620 1341 illum
1671 1271 1764 1343 ab
1811 1271 2059 1348 inferis
2093 1302 2420 1367 evocare,
2453 1303 2626 1377 pro-

487 1397 655 1484 pter
706 1378 1229 1480 rempublicam
1293 1401 1443 1452 non
1505 1379 1810 1458 fecisset.
1866 1385 2040 1480 Ejus
2093 1387 2314 1484 igitur
2373 1396 2628 1462 mortis

474 1492 752 1588 ‘sedetis
788 1488 1096 1572 ultores,
1128 1485 1337 1583 cujus
1370 1491 1592 1560 vitam
1623 1488 1687 1562 si
1722 1495 1991 1590 putetis
2021 1519 2153 1594 per
2187 1521 2318 1570 vos
2339 1503 2624 1572 restitui

486 1625 733 1701 posse,
764 1597 1087 1685 nolletis3
1126 1612 1199 1671 et
1238 1594 1331 1668 de
1366 1599 1526 1694 ejus
1565 1623 1745 1674 nece
1784 1602 1924 1675 lata
1960 1609 2266 1701 quaestio
2303 1625 2452 1698 est,
2493 1615 2620 1708 qui

488 1713 547 1783 si
582 1710 831 1782 eadem
878 1707 1034 1805 lege
1077 1709 1503 1781 reviviscere
1545 1725 1818 1808 posset,
1869 1712 2011 1785 lata
2065 1713 2180 1786 lex
2221 1740 2620 1816 numquam

488 1835 697 1894 esset.
723 1817 959 1912 Hujus
984 1838 1157 1915 ergo
1188 1815 1614 1890 interfector
1644 1825 1774 1917 qui
1805 1837 1992 1894 esset
2005 1819 2062 1909 ⁸,
2101 1827 2176 1894 in
2206 1825 2626 1900 confitendo

484 1931 577 2006 ab
618 1931 799 2002 iisne
830 1949 1123 2027 poenam
1165 1928 1490 2014 timeret,
1536 1950 1724 2026 quos
1763 1928 2250 2004 liberavisset?

585 2040 819 2115 Graeci
852 2037 1188 2109 homines
1226 2037 1536 2110 deorum
1573 2033 1891 2110 honores
1925 2039 2260 2114 tribuunt
2295 2044 2382 2114 iis
2415 2047 2626 2134 viris,

480 2155 609 2253 qui
669 2167 1021 2249 tyrannos
1064 2161 1528 2220 necaverunt.
1587 2149 1768 2238 Quae
1821 2171 1960 2247 ego
2013 2151 2216 2224 vidis>
2271 2154 2622 2230 Athenis?

480 2281 645 2364 quae
681 2260 835 2332 aliis
862 2261 939 2328 in
966 2255 1277 2329 urbibus
1316 2257 1658 2330 Graeciaei‘
1692 2281 1872 2358 quas
1899 2283 2016 2334 res
2051 2261 2328 2336 divinas
2359 2265 2623 2339 talibus

482 2377 845 2447 institutas
880 2372 1099 2441 viris?
1134 2392 1321 2468 quos
1350 2370 1654 2442 cantus?
1695 2396 1856 2468 quae
1881 2375 2244 2446 camina?
2269 2396 2504 2475 prope
2531 2378 2621 2450 ad

484 2478 1043 2558 immortalitatis
1069 2490 1142 2551 et
1168 2479 1590 2578 religionem
1607 2531 1629 2568 ‚
1655 2495 1733 2551 et
1755 2486 2176 2555 memoriam
2201 2509 2624 2559 consecran-

484 2614 626 2671 tur.
682 2598 833 2664 Vos
884 2592 1065 2662 tanti
1112 2605 1692 2663 conservatorem
1745 2592 2042 2691 populi,
2101 2598 2284 2665 tanti
2335 2597 2620 2669 sceleris

482 2708 830 2789 ultorem,
884 2726 1037 2771 non
1092 2699 1315 2771 modo
1359 2698 1772 2771 honoribus
1815 2702 2032 2774 nullis
2069 2702 2394 2777 afficietis
2417 2761 2436 2791 ‚
2491 2706 2620 2779 sed

484 2818 699 2891 etiam
754 2810 845 2884 ad
900 2811 1339 2911 supplicium
1392 2814 1552 2909 rapi
1611 2812 2035 2910 patiemini?
2091 2814 2618 2907 eonfiteretur,

480 2924 975 3012 confiteretur,
1024 2924 1355 3020 inquam,
1404 2923 1464 2993 si
1513 2920 1796 2995 fecisset
1822 2934 1908 3013 ¹⁰,
1959 2938 2032 2995 et
2072 2948 2339 3025 magno
2375 2929 2620 3000 animo

481 3106 643 3157 reditu
656 3102 814 3168 fingit,
834 3100 969 3167 quasi
988 3100 1089 3149 oola
1103 3098 1248 3161 hujus
1265 3100 1357 3148 viri
1372 3116 1506 3149 com·
1593 3108 1760 3148 eeneet
1777 3116 1881 3149 eane
1905 3100 2086 3151 Miloni
2111 3101 2436 3153 decernendas
2447 3139 2462 3164 ‚
2482 3102 2620 3169 quod

482 3184 764 3236 memoratio
802 3197 886 3231 eos
926 3180 1131 3228 horrore
1174 3190 1471 3229 concuteret.
1593 3180 1801 3244 patriam
1818 3194 1845 3227 a
1865 3178 2194 3245 perditissimo
2207 3184 2314 3231 cive
2326 3182 2620 3243 liberaverit,

552 3268 602 3315 6.
658 3261 815 3313 Inani
858 3258 1173 3326 cogitatione.
1224 3258 1388 3307 luania
1431 3272 1506 3310 eet
1593 3274 1858 3323 numquam
1881 3258 2112 3309 Clodium
2132 3274 2162 3309 a
2190 3262 2376 3311 Milone
2399 3264 2616 3313 occisum

480 3342 733 3410 cogitatio,
750 3339 861 3404 quia
882 3353 983 3386 nou
1004 3338 1153 3386 vitam
1170 3336 1379 3387 Clodius
1396 3354 1503 3387 rur-
1591 3337 1742 3387 fuine
1771 3336 2050 3403 profitetur.

477 3441 561 3473 aua
578 3432 651 3470 eat
665 3420 1020 3485 auspicaturus.
1531 3460 1536 3463 .
1663 3432 1713 3478 9.
1747 3418 1872 3479 Qua·
1898 3432 1992 3482 ego
2016 3418 2128 3467 vida·
2145 3417 2384 3469 Athenis?
2409 3420 2620 3469 Videtur

552 3520 600 3564 7.
628 3503 835 3563 Propter
854 3494 1135 3544 amicitiam.
1161 3490 1290 3557 Quia
1312 3496 1506 3545 nonita
1592 3496 1832 3561 respicere
1862 3506 2046 3546 statuas
2071 3496 2326 3548 namneti
2349 3507 2401 3548 et
2425 3500 2620 3550 Aristo·

478 3582 669 3649 pridem
702 3578 757 3625 in
792 3575 991 3641 gratiam
1028 3572 1233 3625 Clodius
1266 3590 1323 3623 ae
1356 3578 1502 3625 Potn-
1592 3575 1774 3640 gitouie
1787 3612 1802 3637 ,
1829 3576 1917 3639 qui
1949 3576 2269 3627 Athenienaea
2297 3595 2327 3626 a
2351 3580 2618 3629 Pisistrati-

477 3663 619 3727 peius
644 3656 901 3707 redierant.
1592 3656 1761 3705 darum
1773 3656 2034 3721 tyrannide
2046 3656 2247 3706 liberare
2256 3660 2466 3723 aggi-enni
2479 3671 2618 3721 amtg

550 3740 601 3787 8.
631 3732 921 3799 Interfector
938 3731 1027 3797 qui
1045 3742 1193 3782 esset.
1219 3734 1270 3781 Si
1292 3750 1346 3805 ea
1368 3734 1504 3782 fuere
1591 3752 1704 3803 quie
1718 3738 1785 3786 ita
1799 3736 2014 3785 mirabili
2032 3748 2135 3786 arte
2147 3736 2340 3787 fuerant
2357 3738 2618 3799 consent,

476 3816 642 3871 Clodii
666 3816 913 3872 facinora,
940 3823 995 3861 ut
1020 3826 1117 3861 una
1144 3814 1248 3875 ejus
1272 3814 1503 3861 memoria
1590 3824 1649 3864 ut
1685 3827 1764 3864 eae
1793 3816 1847 3863 in
1877 3816 2123 3865 Peraidem
2157 3815 2352 3865 xerxes
2379 3819 2616 3879 auferrem

475 3916 569 3949 vos
588 3910 772 3945 ten-ore
802 3894 1067 3959 exagitaret
1086 3928 1102 3953 ‚
1128 3907 1255 3943 anne
1280 3892 1407 3943 mtto
1422 3928 1436 3954 ,
1462 3892 1505 3942 ai
1591 3894 1822 3945 Seleucus
1839 3909 1958 3944 vero
1977 3896 2160 3945 Grecis
2179 3896 2408 3947 restituit.

478 3982 581 4043 ejus
599 3978 767 4026 suisset
782 3975 1083 4033 interfector,
1110 3972 1295 4038 aliquid
1316 3989 1343 4020 a
1361 3972 1502 4021 vobis
1669 3992 1744 4023 ιο.
1781 3974 1834 4023 Si
1848 3974 2079 4040 fecisset.
2109 3976 2162 4024 Si
2189 3976 2472 4042 reipublice
2497 3976 2616 4027 ulei-

476 4058 679 4108 haberet
737 4049 1049 4103 metuendum
1109 4068 1261 4117 quum
1322 4053 1501 4101 sactum
1590 4054 1780 4103 scenae
1815 4070 1960 4103 eausa
1997 4056 2188 4105 fecisset
2205 4092 2219 4116 ‚
2257 4072 2358 4106 nou
2385 4068 2442 4106 ut
2469 4060 2615 4106 vitam

478 4134 822 4185 eonfiteretur?
846 4135 1045 4191 Orator,
1080 4131 1301 4193 quamvis
1338 4128 1504 4181 landes
1591 4133 1890 4185 defenderet.
