2996 4694
530 369 677 455 340
1182 368 1278 437 M.
1326 370 1401 436 T.
1456 368 2022 441 ciciznoms

628 494 875 563 xxvi.
917 491 1375 586 Quamquam
1421 492 1726 560 istorum
1781 491 2097 580 animos,
2131 492 2260 589 qui
2309 494 2444 591 ipsi
2479 498 2658 565 Cor-

530 603 722 674 nelio
760 599 1085 672 invident
1108 654 1127 685 ‚
1164 624 1316 671 non
1352 615 1462 671 est
1496 598 1995 673 difficillimum
2035 603 2362 699 mitigare
2389 632 2410 673 t
2453 630 2658 678 more

530 714 909 783 hominum
946 709 1302 797 invident,
1356 714 1433 781 in
1492 712 1839 782 conviviis
1883 712 2191 801 rodunt,
2237 716 2313 784 in
2369 716 2656 789 circulis

522 824 857 894 vellicant
882 832 951 908 ¹;
988 844 1141 891 non
1176 820 1301 891 illo
1338 824 1632 893 inimico
1653 877 1672 908 ,
1711 820 1836 894 sed
1870 821 2012 893 hoc
2047 822 2400 897 maledico
2435 824 2654 898 dente

524 946 855 1032 carpunt.
925 933 1071 1021 Qui
1118 933 1367 1002 amicis
1414 936 1493 1003 L.
1543 932 1911 1003 Cornelii²
1947 948 2075 1005 aut
2118 937 2386 1006 inimici
2439 951 2653 1023 sunt,

522 1058 648 1115 aut
680 1042 1037 1127 invident,
1076 1042 1153 1111 hi
1190 1057 1359 1112 sunt
1394 1041 1568 1113 huic
1617 1043 1848 1113 multo
1887 1043 2388 1116 vehementius
2431 1050 2654 1143 perti·

523 1152 911 1226 mescendi.
954 1158 1131 1224 Nam
1187 1152 1360 1224 huic
1401 1151 1694 1250 quidem
1754 1157 1883 1251 ipsi
1938 1158 2102 1251 quis
2147 1170 2256 1227 est
2305 1180 2650 1253 umquam

522 1270 859 1335 inventus
913 1264 1295 1333 inimicus?
1338 1277 1461 1332 aut
1503 1264 1668 1359 quis
1713 1264 1878 1359 jure
1917 1289 2070 1337 esse
2109 1266 2648 1364 potuiti’Quem

520 1373 802 1445 bonum
863 1397 1011 1443 non
1048 1372 1321 1443 coluit?
1359 1374 1567 1468 cujus
1615 1371 1924 1444 fortunae
1970 1372 2444 1472 dignitatique
2499 1400 2650 1446 non

522 1484 927 1557 concessit?
974 1486 1317 1553 Versatus
1376 1484 1451 1551 in
1503 1486 1756 1555 intima
1810 1483 2287 1575 familiaritate
2335 1484 2652 1556 hominis

518 1590 1075 1693 potentissimi³‚
1108 1595 1182 1663 in
1240 1594 1566 1663 maximis
1619 1595 1884 1663 nostris
1924 1593 2176 1664 malis4
2226 1608 2446 1689 atque
2501 1590 2648 1662 dis-

522 1702 827 1777 cordiis-¹*
862 1706 1225 1775 neminem
1262 1726 1611 1799 umquam
1649 1703 1940 1775 alterius
1967 1702 2262 1773 rationis
2288 1726 2370 1773 ac
2401 1704 2646 1801 partis,

522 1840 673 1887 non
709 1840 827 1903 re,
860 1840 1009 1885 non
1042 1811 1308 1899 verb0,
1346 1836 1500 1883 nou
1532 1812 1737 1883 vultu
1773 1813 2091 1910 denique
2121 1810 2451 1884 offendit.
2491 1814 2653 1884 Fuit

520 1927 661 1997 hoc
682 1926 828 1997 sive
854 1948 1095 1995 meum
1116 1975 1135 2010 ‚
1165 1926 1313 1995 sive
1337 1921 1754 2019 reipublicae
1778 1919 2002 1992 fatum
2020 1973 2039 2005 ‚
2059 1937 2145 1993 ut
2174 1922 2248 1991 in
2279 1946 2396 1992 me
2421 1944 2650 1991 unum

520 2040 757 2107 omnis
774 2035 892 2106 illa
908 2034 1280 2105 inclinatio
1298 2036 1792 2103 communium
1815 2048 1959 2103 tem
1967 2030 2274 2130 porum⁶
2291 2030 2655 2104 incumbe·

520 2162 663 2219 ret:
684 2172 833 2217 non
850 2142 1067 2215 modo
1084 2168 1236 2213 non
1257 2143 1642 2215 exsultavit
1670 2144 1742 2212 in
1767 2143 1994 2212 ruinis
2013 2143 2304 2212 nostris⁷
2325 2140 2652 2239 [nostris-

520 2282 666 2356 que
696 2252 1117 2352 discordiis]
1146 2254 1559 2342 Cornelius;
1590 2250 1714 2323 sed
1753 2253 1954 2322 omni
1981 2250 2226 2323 officio
2245 2309 2264 2342 ‚
2297 2254 2646 2351 lacrymis,

518 2469 784 2533 adoptione
805 2465 1013 2531 adeptus
1040 2465 1195 2512 suerat
1216 2463 1423 2530 largitus
1453 2475 1539 2514 est.

520 2548 601 2596 Sic
646 2545 813 2593 saltem
859 2545 1088 2608 opinatur
1126 2543 1394 2590 Manutius.
1446 2543 1542 2592 Sed

519 2628 660 2674 aliter
699 2625 839 2671 locus
884 2621 1087 2685 intelligi
1135 2633 1311 2687 potest.
1363 2623 1542 2670 Balbus

519 2703 643 2753 nihil
670 2701 786 2749 iude
812 2701 1017 2766 adeptus
1042 2713 1140 2759 eat,
1169 2701 1263 2747 nisi
1286 2701 1365 2762 jue
1382 2701 1540 2748 hiere-

520 2781 688 2832 ditatia
700 2779 1013 2844 accipienda,
1027 2780 1069 2826 ai
1084 2795 1211 2827 nova
1225 2795 1285 2827 ex
1304 2779 1382 2827 illa
1398 2791 1542 2843 gente

414 2872 419 2888 ¹
519 2860 741 2926 quaedam
774 2859 839 2907 ad
874 2875 983 2907 eum
1013 2860 1214 2908 veniret.
1254 2859 1435 2906 Contra
1468 2861 1540 2920 ai,

518 2950 575 2988 ut
604 2938 803 3003 quidam
838 2936 976 2986 docti
1012 2936 1346 2998 contendunt,
1377 2937 1542 2985 Theo·

518 3019 703 3082 phanea
716 3033 745 3066 a
760 3017 989 3066 Cornelio
1006 3017 1097 3064 fuit
1111 3015 1388 3080 adoptatus,
1401 3017 1542 3064 'locua

520 3111 635 3148 tunc
662 3097 1030 3162 intelligendum
1058 3095 1221 3153 dabit,
1254 3096 1460 3144 Balbum
1486 3099 1540 3145 iu

518 3180 729 3243 priorem
769 3177 997 3226 familiam
1050 3189 1316 3238 regressum
1368 3175 1536 3224 fuisse.

514 3258 836 3322 Theophanen
874 3255 1175 3318 mityleneus
1216 3255 1415 3302 civitate
1451 3269 1536 3302 ro·

516 3353 655 3384 mana
680 3337 836 3383 fuerat
859 3351 887 3381 a
914 3336 1149 3398 Pompeio
1183 3333 1420 3392 donatus,
1453 3333 1538 3380 ad·

512 3425 669 3464 stante
713 3427 919 3461 romano
966 3413 1201 3460 exercitu.
1252 3413 1429 3461 Cicero
1473 3411 1538 3459 ad

512 3496 669 3543 Attic.
693 3495 791 3539 vn
806 3527 821 3552 ,
848 3509 896 3552 7,
921 3491 1047 3539 hane
1067 3489 1385 3553 adoptionem
1408 3490 1536 3537 vitu-

510 3582 665 3636 perat,
682 3585 833 3633 quum
852 3569 1034 3616 Balbus
1053 3579 1178 3616 eaaet
1194 3569 1395 3616 Caesans
1416 3569 1532 3615 ami-

510 3665 596 3696 cus
622 3684 637 3706 ,
686 3647 1009 3711 Theophane·
1069 3657 1231 3694 autem
1290 3647 1528 3712 Pompeii.

510 3729 765 3776 Invehitur
790 3741 989 3790 quoque
1022 3727 1076 3774 in
1106 3725 1347 3773 luxuriam
1371 3726 1534 3774 Theo-

506 3808 697 3872 phanis.
756 3807 815 3852 In
858 3805 935 3852 his
976 3803 1130 3852 literis
1174 3821 1294 3868 quaa
1334 3804 1534 3869 scripsit

506 3903 589 3934 nex
612 3885 791 3934 abhinc
812 3883 951 3930 annia
970 3917 986 3944 ,
1014 3884 1189 3935 Cicero
1216 3899 1325 3948 quae
1352 3883 1525 3940 sentit,

503 3967 661 4030 palam
682 3961 967 4029 profitetur-3
982 3962 1065 4010 hic
1080 3963 1260 4013 Caesari
1276 3961 1530 4026 indulgere

508 4055 692 4091 tautum
718 4043 869 4107 cupit.

574 4123 763 4169 XX'Vl.
792 4137 810 4167 ι
823 4156 834 4167 .
854 4123 909 4167 In
926 4120 1115 4169 circulis
1128 4117 1379 4188 vellicant.
1400 4119 1526 4166 Mss

1623 2480 1760 2513 omn.
1800 2463 2038 2529 amplius,
2081 2487 2107 2507 ιι
2129 2465 2186 2513 in
2231 2464 2426 2513 circulia
2461 2465 2648 2514 idcireo

1629 2539 1739 2590 v'ell.
1760 2564 1784 2583 ι-
1819 2559 1880 2590 an
1913 2543 2040 2591 fuit?
2081 2545 2175 2592 «iu
2211 2545 2404 2591 circulis
2436 2545 2486 2591 in
2514 2545 2648 2590 circo

1625 2619 1741 2670 vell.
1764 2643 1810 2674 ιο.
1862 2623 1957 2670 Sed
2007 2639 2108 2670 uon
2156 2623 2331 2683 video,
2376 2641 2519 2688 quem
2565 2622 2646 2670 hie

1623 2701 1785 2748 locum
1806 2699 1985 2748 idcirco
2001 2701 2178 2750 habere
2193 2703 2366 2767 pouit.

1699 2795 1749 2826 2.
1783 2779 1965 2827 Amicis
1993 2783 2047 2830 1..
2081 2781 2307 2830 Cornelii.
2337 2781 2572 2844 Pompeio
2598 2791 2648 2828 et

1623 2859 1799 2906 Caeaari
1822 2863 2103 2923 praeaertim.

1699 2941 1748 2988 3.
1783 2939 1999 2988 Hominis
2021 2939 2358 3004 potentis-uhi.
2394 2939 2515 2990 sulii
2541 2940 2646 2990 Cie-

1623 3019 1744 3066 aaria
1759 3056 1774 3080 ,
1797 3035 1899 3083 quo
1919 3030 2138 3084 tempore
2163 3019 2334 3068 consul
2357 3017 2505 3068 multa
2524 3033 2646 3082 eon·-

1624 3108 1698 3144 tra
1715 3109 1907 3146 senatus
1926 3098 2227 3147 voluntatem
2247 3097 2466 3146 faciebat.

1698 3183 1746 3233 4.
1773 3178 1960 3226 Nostris
1981 3178 2142 3226 malis.
2168 3175 2494 3242 Temporibus
2515 3177 2647 3224 seili-

1622 3267 1700 3303 eet
1723 3256 1997 3316 Clodianis,
2011 3255 2192 3320 quibus
2215 3255 2388 3304 Cicero
2401 3255 2538 3302 exaul
2559 3271 2647 3320 pa·

1621 3335 1713 3384 tria
1731 3337 1918 3397 ejectua
1932 3345 2020 3383 eat.

1694 3415 1745 3463 5.
1783 3414 2065 3462 Discorde‘i‘s.
2097 3415 2261 3476 Quum
2287 3414 2350 3460 ab
2377 3428 2475 3461 uua
2507 3422 2645 3476 parte

1620 3503 1826 3555 uterque
1848 3494 2046 3550 consul,
2072 3491 2189 3540 Piso
2215 3501 2266 3539 et
2291 3491 2559 3552 Gabinius,
2587 3491 2644 3538 Ρ.

1619 3569 1825 3620 Clodius
1849 3569 2074 3619 tribunus
2095 3570 2167 3634 pl.
2192 3579 2241 3617 et
2262 3585 2430 3618 omnea
2451 3572 2644 3634 impro-

1618 3648 1696 3708 bi,
1723 3664 1957 3696 novarum
1983 3664 2140 3696 rerum
2164 3649 2370 3712 cupidi:
2401 3649 2464 3696 ab
2495 3648 2642 3696 altera

1617 3728 1906 3792 optimum,
1947 3738 1997 3776 et
2023 3727 2109 3791 qui
2150 3743 2306 3791 remp.
2333 3727 2514 3776 salvam
2544 3727 2646 3774 vel-

1616 3807 1717 3853 lent
1729 3841 1743 3866 ,
1761 3821 1854 3870 pro
1873 3807 2124 3856 Ciceronis
2143 3806 2301 3852 salute
2319 3815 2516 3853 starent.

1689 3887 1738 3933 6.
1788 3885 2120 3933 Communium
2162 3897 2449 3948 temporum.
2496 3883 2643 3933 Com·

1617 3965 1836 4011 munium
1861 3965 2101 4012 malorum
2125 3963 2209 4011 :in
2237 3963 2436 4009 summis
2459 3963 2640 4010 civium

1617 4041 1877 4090 discordiis
1899 4059 2026 4090 unua
2041 4057 2133 4106 ego
2151 4042 2468 4090 ca'amita'tem
2487 4041 2640 4090 subii.

1692 4139 1737 4182 7.
1777 4121 1860 4170 Al.
1906 4121 2108 4171 vestris.
2158 4123 2208 4169 J.
2237 4123 2300 4168 V.
2343 4109 2402 4170 1,.'
2437 4147 2508 4158 -
2543 4121 2640 4168 sed
