2996 4694
731 410 1117 480 oRArio
1166 409 1369 477 Plio
1416 409 1493 474 T.
1541 407 1620 474 A.
1671 405 2106 476 MILONE.
2251 377 2268 386 ’
2345 402 2476 478 531

356 549 493 598 nec
514 521 1033 596 vicissitudines
1058 543 1301 592 rerum
1326 535 1546 616 atque
1565 516 1856 588 ordines
1872 533 2190 608 movent,
2219 545 2488 620 neque,

360 637 431 707 id
479 633 682 733 quod
728 634 1119 705 maximum
1158 645 1300 718 est,
1344 631 1701 724 majorum
1747 643 2164 702 nostrorum
2201 633 2488 730 sapien-

360 748 497 831 tia,⁴
541 748 669 843 qui
718 767 950 831 sacra,
997 745 1124 840 qui
1174 741 1650 829 caerimoniaS,
1703 742 1832 836 qui
1883 739 2196 838 auspicia
2241 757 2312 813 et
2351 746 2488 842 ipsi

363 856 805 928 sanctissime
841 853 1253 938 coluerunt,
1292 867 1363 922 et
1408 849 1661 936 nobis,
1702 852 1848 921 suis
1883 852 2222 946 posteris,
2249 855 2496 951 prodi-

364 965 649 1038 derunt.

462 1080 719 1174 XXXI,
759 1081 927 1161 Est,
970 1088 1079 1144 est
1131 1070 1457 1170 profecto
1508 1071 1630 1143 illa
1681 1074 1830 1142 vis¹
1891 1099 1908 1140 ε
1959 1096 2200 1168 neque
2255 1078 2328 1146 in
2383 1075 2495 1146 his

366 1186 794 1284 corporibus
848 1200 1065 1281 atque
1119 1185 1199 1252 in
1267 1181 1401 1254 hac
1462 1179 1948 1253 imbecillitate
2003 1195 2251 1253 nostra
2312 1186 2502 1257 inest

368 1296 747 1394 quiddam,
780 1295 979 1393 quod
1020 1295 1271 1391 vigeat
1298 1307 1370 1364 et
1412 1293 1698 1376 sentiat,
1731 1306 1804 1363 et
1838 1317 1988 1362 non
2029 1293 2215 1363 inest
2243 1296 2318 1364 in
2359 1294 2500 1366 hoc

367 1423 571 1479 tanto
616 1421 921 1493 naturae,
966 1420 1111 1476 tam
1158 1406 1500 1503 praeclaro
1533 1417 1761 1474 motu.
1809 1404 1960 1476 Nisi
1997 1401 2185 1476 forte
2229 1406 2502 1478 idcirco

368 1541 521 1588 esse
577 1541 725 1599 non
766 1526 1067 1613 putant,
1117 1516 1287 1610 quia
1337 1539 1489 1584 non
1545 1527 1886 1611 apparet,
1943 1537 2080 1585 nec
2120 1521 2444 1587 cernitur
2483 1545 2498 1588 ε

304 1623 313 1630 ’
368 1625 677 1723 proinde
719 1625 925 1720 quasi
958 1636 1277 1707 nostram
1305 1625 1535 1720 ipsam
1575 1637 1891 1694 mentem
1913 1677 1932 1711 ‚
1967 1649 2114 1720 qua
2149 1628 2505 1724 sapimus,

369 1762 511 1833 qua
556 1734 1059 1833 providemuS‚
1112 1757 1259 1828 qua
1306 1731 1459 1804 haec
1507 1733 1661 1829 ipsa
1711 1735 1990 1828 agimus
2036 1758 2119 1805 ac
2159 1734 2506 1823 dicimuS‚

369 1850 645 1933 videre,
697 1863 820 1919 aut
859 1847 1109 1944 plane,
1162 1843 1433 1942 qualis,
1474 1859 1602 1915 aut
1645 1846 1776 1915 ubi
1815 1848 1939 1931 sit,
1981 1849 2248 1919 sentire
2283 1852 2510 1951 possi·

370 1983 554 2029 mus,
594 1963 695 2028 Ea
741 1960 891 2043 vis,
942 1979 1025 2028 ea
1072 1958 1293 2053 igitur
1351 1959 1550 2054 ipsa,
1595 1979 1758 2050 quae
1811 1978 2002 2052 saepe
2051 1957 2508 2031 incredibiles

372 2066 541 2138 huic
578 2066 744 2138 urbi
793 2064 1167 2138 felicitates
1217 2079 1437 2162 atque
1482 2088 1662 2162 opes
1711 2063 1988 2150 attulit,
2023 2064 2221 2136 illam
2265 2071 2508 2164 perni-

372 2180 557 2249 ciem
591 2179 932 2248 exstinxit
966 2200 1049 2246 ac
1084 2175 1373 2246 sustulit
1406 2202 1422 2246 ε
1464 2179 1582 2246 cui
1624 2174 1942 2272 primurn
1974 2187 2294 2246 mentem
2329 2179 2508 2274 inje-

375 2289 538 2375 cit’,
563 2301 645 2359 ut
658 2288 736 2367 *vi
754 2287 1031 2358 irritare
1052 2285 1396 2383 ferroque
1413 2273 1761 2357 lacessere
1779 2281 2250 2357 fortissimum
2273 2290 2508 2360 virum

372 2398 704 2485 auderet,
739 2398 1299 2494 vincereturque
1328 2395 1420 2467 ab
1449 2421 1576 2483 e0,
1617 2416 1836 2493 quem
1867 2396 1924 2465 si
1950 2396 2235 2468 vicisset
2255 2452 2275 2485 ‚
2307 2396 2508 2470 habi-

373 2522 579 2579 turus
638 2522 823 2578 esset
874 2510 1385 2604 impunitatem
1435 2520 1509 2578 et
1560 2504 1915 2576 licentiam
1974 2511 2504 2605 sempiternam.

372 2620 537 2689 Non
581 2633 689 2689 est
732 2618 1055 2689 humano
1086 2618 1428 2703 consilio,
1468 2640 1562 2687 ne
1597 2613 1992 2687 mediocri³
2030 2617 2357 2714 quidem,
2388 2620 2508 2714 ju·-

374 2727 595 2818 diceS,
634 2728 939 2799 deorum
984 2728 1498 2799 immortalium
1553 2751 1768 2814 cura,
1827 2752 1940 2798 res
1989 2726 2107 2798 illa
2163 2727 2504 2826 perfecta.

374 2839 785 2936 Religiones
810 2834 1227 2909 mehercule
1245 2840 1413 2937 ipsae
1434 2893 1455 2920 .,
1491 2862 1653 2935 quae
1675 2835 1868 2908 illam
1902 2835 2224 2908 belluam
2254 2840 2510 2913 cadere

374 2948 747 3035 viderunt,
784 2973 1187 3021 commosse
1231 2972 1306 3020 se
1340 2948 1708 3036 videntur,
1749 2963 1822 3018 et
1853 2948 1974 3042 jus
2008 2952 2086 3017 in
2127 2948 2254 3019 illo
2294 2974 2504 3022 suum

372 3060 776 3131 retinuisse.
818 3064 967 3130 Vos
1009 3063 1203 3129 enim
1237 3059 1420 3154 jam,
1456 3057 1717 3130 Albani
1762 3056 2026 3127 tumuli
2057 3072 2277 3156 atque
2319 3057 2505 3149 luci,

444 3262 641 3310 XXXI.
678 3278 723 3310 ι.
768 3261 987 3328 Profecto
1016 3262 1108 3311 illa
1132 3260 1226 3311 vis.
1258 3261 1397 3326 opti-

376 3355 452 3386 me
499 3338 580 3387 hie
622 3341 683 3388 de
726 3340 819 3390 diis
865 3352 1033 3391 orator
1070 3342 1214 3390 verba
1251 3340 1397 3403 facit,

376 3417 491 3481 quin
537 3429 721 3467 mentes
766 3422 924 3469 acrius
964 3419 1213 3485 percellit3
1256 3431 1305 3467 et
1344 3420 1396 3465 in

1482 3256 1682 3307 tandem
1721 3256 1984 3321 aliquando
2023 3274 2050 3305 a
2089 3257 2200 3307 viro
2226 3260 2510 3335 ’fortissimo

1480 3336 1768 3385 incendium
1793 3336 1916 3385 illud
1935 3336 2214 3401 reipublieae
2233 3340 2512 3407 exstingue..

1482 3425 1632 3465 retur.
1659 3418 1766 3465 Hac
1792 3416 2006 3475 ratione,
2038 3417 2175 3465 nullo
2202 3419 2354 3468 modo
2381 3422 2512 3471 vitu-

374 3510 473 3542 une
516 3496 681 3546 Clodii
722 3499 937 3547 facinora
978 3500 1149 3549 oculos
1187 3500 1395 3557 detinet,

377 3575 591 3639 deosque
615 3576 765 3624 iratos
790 3579 859 3626 ita
879 3578 1068 3627 inducit
1082 3615 1098 3641 ,
1120 3590 1174 3626 ut
1193 3578 1395 3626 omnino

376 3670 478 3703 non
498 3656 598 3715 jem
628 3656 808 3704 Miloni
842 3658 1117 3705 accusando
1140 3658 1283 3706 locus
1314 3673 1399 3705 en-

374 3748 565 3797 peresee
582 3734 821 3783 videatur.

448 3828 497 3859 2.
518 3815 731 3862 Mentem
750 3812 931 3881 injecit.
952 3815 1247 3865 Jamdudum
1268 3815 1399 3879 apud

376 3892 495 3941 deos
509 3904 743 3942 statutum
758 3906 859 3942 erat
876 3906 933 3942 ut
946 3893 1148 3945 Clodius
1159 3910 1186 3942 a
1208 3896 1395 3943 Milone

376 3974 747 4038 opprimeretur.
798 3976 969 4038 Itaque
1008 3990 1187 4021 numen
1237 3975 1399 4038 ipsum

375 4052 503 4099 hanc
542 4052 877 4103 incredibilem
918 4052 1097 4103 Clodio
1150 4053 1397 4101 andaciam

377 4130 649 4192 efflueret,
687 4134 908 4198 viresqne
948 4133 1251 4183 ministrabat
1269 4169 1285 4192 ‚
1324 4132 1401 4195 nti

1483 3498 1642 3561 pei-eri
1661 3496 1788 3543 Milo
1811 3507 2004 3562 potest,
2031 3498 2118 3561 qni
2143 3514 2171 3545 ι
2199 3498 2292 3547 diis
2312 3499 2512 3551 immor·

1486 3576 1664 3625 talibus
1694 3574 1758 3624 nd
1792 3576 1982 3625 facinus
2011 3578 2392 3642 perpetrandum
2417 3582 2512 3629 fnit

1482 3656 1738 3720 impulsus.

1561 3737 1608 3783 3.
1631 3733 1886 3783 Mediocri.
1910 3735 2154 3799 Singulari
2175 3736 2380 3785 deornm
2398 3755 2513 3804 pro·

1486 3814 1700 3862 videntia
1725 3830 1800 3861 ree
1819 3824 1927 3862 acta
1946 3824 2043 3872 eet;
2065 3829 2165 3877 quo
2187 3816 2340 3879 magis
2357 3832 2512 3881 appa-

1482 3906 1588 3953 ret,
1609 3904 1806 3961 'quanto
1835 3894 1952 3941 odio
1983 3894 2214 3943 Clodium
2237 3910 2509 3960 proseque-

1484 3984 1679 4033 rentur,
1729 3989 1880 4037 quum
1929 3973 1991 4020 de
2034 3972 2376 4022 interficiendo
2422 3975 2508 4023 illo

1486 4052 1746 4101 consilium
1761 4053 1828 4099 ita
1846 4052 2027 4099 inirent
2043 4084 2059 4110 ,
2079 4062 2133 4098 ut
2155 4068 2204 4099 se
2217 4052 2318 4111 jam
2336 4052 2512 4117 laqueo

1488 4148 1590 4180 non
1611 4140 1777 4196 posset
1793 4129 2040 4195 expedire.
