2996 4694
502 401 641 473 356
1147 395 1245 462 M.
1294 393 1371 458 T.
1418 385 1992 458 'CICERONIS

500 551 659 626 quae
688 525 1201 594 constitueram
1230 542 1249 602 3
1277 536 1658 610 quumque
1688 510 1744 578 is
1771 505 1949 577 mihi
1973 499 2484 575 tantummodo
2502 556 2521 588 ‚
2558 514 2643 569 ut

494 638 811 731 jurarem
868 628 1365 728 permitteret;
1423 624 1576 692 sine
1624 619 1766 690 ulla
1829 615 2280 687 dubitatione
2329 601 2642 708 jilravi⁴,

498 741 1025 842 rempublicam
1053 754 1269 834 atque
1298 735 1485 804 hanc
1516 730 1772 802 urbem
1799 753 1961 799 mea
1993 731 2207 797 unius
2241 747 2461 821 opera
2491 745 2644 794 esse

501 858 786 930 salvam.
827 852 1008 924 Mihi
1051 848 1365 946 populus
1390 867 1735 915 romanus
1781 841 2159 910 universus
2197 835 2314 905 illa
2351 835 2426 905 in
2466 858 2645 904 con-

498 971 707 1040 cioue
748 989 897 1035 uon
930 965 1147 1033 unius
1170 957 1310 1029 diei
1340 953 1894 1053 gratulationem
1913 947 1968 1038 ⁵,
2008 947 2132 1021 sed
2171 947 2646 1017 :eternitatem

504 1075 1259 1168 immortalitatemque
1316 1067 1642 1146 donavit,
1701 1085 1928 1159 quum
1989 1073 2234 1128 meum
2278 1055 2650 1151 jusjuran-

505 1183 731 1261 dum⁶
770 1184 945 1266 tale,
983 1196 1203 1278 atque
1240 1192 1521 1248 tanturn
1545 1230 1563 1261 ‚
1609 1173 1881 1264 juratus
1919 1172 2120 1268 ipse,
2148 1193 2289 1238 una
2331 1189 2542 1251 voce,
2577 1177 2650 1234 et

503 1321 860 1370 consensu
907 1287 1353 1390 approbavit.
1409 1287 1578 1374 Quo
1623 1282 1916 1380 quidem
1965 1295 2296 1375 ternpore
2347 1277 2407 1346 is
2447 1297 2650 1345 meus

504 1411 807 1482 domum
846 1401 1023 1474 suiv
1073 1426 1113 1472 e
1162 1397 1320 1468 foro
1363 1395 1688 1478 redium,
1725 1407 1808 1463 ut
1853 1413 2104 1472 nern0‚
2151 1388 2284 1457 uisi
2331 1385 2458 1484 qui
2499 1407 2650 1453 me-

404 1530 411 1535 “
507 1544 675 1590 cum
724 1529 948 1597 esset,
1006 1512 1270 1580 civium
1311 1531 1464 1578 esse
1503 1507 1577 1574 in
1631 1525 1936 1574 numero
1981 1497 2368 1569 videretur.
2417 1501 2654 1590 Atque

508 1631 605 1700 ita
631 1641 738 1713 est
766 1649 801 1694 a
836 1647 949 1692 me
986 1617 1399 1691 consulatus
1434 1629 1804 1713 pet-acum,
1839 1625 1921 1680 ut
1958 1609 2143 1679 nihil
2171 1610 2325 1678 sine
2354 1605 2654 1676 consilio

514 1753 827 1822 senatuS,
858 1731 1039 1804 nihil
1067 1755 1214 1801 non
1245 1725 1696 1826 approbante.
1725 1721 1998 1820 populo
2029 1743 2333 1789 romano
2359 1715 2654 1813 egerim3

512 1865 598 1923 ut
635 1870 921 1944 semper
952 1847 1024 1912 in
1058 1840 1333 1912 Rostris
1374 1831 1716 1918 curiam⁸‚
1749 1835 1820 1902 in
1857 1846 2106 1903 senatu
2143 1827 2496 1926 populum
2535 1823 2658 1895 de·

515 1959 863 2030 fenderim
883 1981 901 2039 3
930 1967 1007 2024 ut
1024 1948 1562 2022 multitudinem
1583 1968 1747 2015 curn
1768 1940 2656 2040 principibuS,equestrem

518 2069 846 2142 ordinem
892 2088 1057 2135 cum
1112 2075 1363 2132 senatu
1412 2055 1939 2152 conjunxerim.
1983 2052 2302 2150 Exposui
2348 2049 2663 2120 breviter

514 2179 975 2254 consulatum
1013 2196 1280 2244 meum.

616 2295 739 2364 lv.
786 2285 989 2360 Aude
1024 2307 1258 2369 nunc,
1292 2306 1338 2351 o
1374 2277 1598 2363 furia,
1637 2275 1726 2345 de
1765 2287 1895 2344 tuo
1934 2271 2214 2342 dicere:
2251 2268 2494 2365 cujus¹
2529 2265 2665 2338 fuit

527 2463 657 2518 inis,
693 2474 815 2521 quas
846 2456 898 2504 itt
926 2468 985 2501 eo
1010 2452 1295 2515 magistratu
1322 2454 1548 2509 gesserat.

600 2550 643 2597 4.
673 2533 857 2584 Jurave'.
904 2529 1150 2579 Plutarch.
1173 2524 1371 2578 scribit,
1402 2538 1555 2585 quum

533 2618 709 2669 Cicero
756 2610 1047 2659 concionem
1094 2604 1351 2653 habiturus
1397 2611 1556 2657 esset,
1581 2646 1594 2661 ὁ

530 2694 787 2747 Metellum
822 2700 871 2737 et
908 2685 1117 2734 Bestiam
1146 2681 1372 2729 tribunos
1400 2678 1558 2742 plebis

532 2772 777 2825 obstitisse
792 2804 807 2830 ,
826 2779 874 2814 et
898 2781 990 2830 pro
1018 2762 1187 2810 rostris
1210 2758 1433 2807 subsellia
1454 2758 1558 2804 col-

532 2857 718 2904 locasse
732 2884 747 2905 ,
768 2865 829 2895 ne
852 2840 1197 2892 conscenderet
1210 2876 1223 2899 ,
1238 2854 1405 2901 neque
1426 2834 1561 2883 aliud

474 2988 479 2994 ,
536 2936 581 2984 ei
610 2930 908 2998 permisisse,
944 2938 1089 2987 quam
1132 2930 1189 2967 ut
1233 2932 1294 2965 ex
1332 2916 1560 2963 inferiore

534 3016 650 3064 loco
670 3008 1001 3071 magistratum
1027 3001 1253 3060 ejuraret.
1274 2997 1562 3045 Ciceronem

540 3104 701 3142 autem
726 3103 827 3135 nou
848 3084 1106 3139 usitatum,
1134 3076 1219 3125 sed
1248 3090 1433 3124 novum
1458 3075 1560 3137 ius-

532 3170 795 3237 juraudum
810 3166 1011 3227 jurasse.

614 3252 663 3299 5.
711 3248 819 3295 Non
857 3241 1000 3290 unius
1039 3234 1140 3283 diei
1163 3234 1565 3300 gratulationem.

536 3334 749 3380 Tantum
774 3338 833 3371 ex
861 3337 921 3368 eo
950 3316 1127 3383 populi
1168 3330 1295 3362 rom.
1324 3312 1491 3361 studio
1517 3322 1566 3359 et

540 3403 897 3475 approbatione
920 3399 972 3445 in
992 3411 1153 3443 meum
1176 3410 1353 3442 nomeu
1374 3392 1566 3439 decoris

541 3488 803 3553 gloriaeque
828 3480 1039 3527 manavit
1057 3512 1070 3535 ,
1100 3485 1156 3522 ut
1181 3475 1339 3521 honos
1362 3470 1444 3519 itte
1462 3484 1564 3517 non

538 3584 650 3617 eum
688 3563 834 3611 unius
882 3557 978 3605 diei
1019 3553 1342 3619 gratulatione
1396 3548 1568 3597 finitus

539 3650 633 3701 sit,
674 3641 761 3691 sed
796 3638 860 3687 ad
887 3635 1205 3684 aeternitntem
1230 3628 1443 3677 nominis
1470 3627 1566 3676 mei

542 3720 840 3777 redundarit.
869 3720 1008 3764 Hanc
1034 3714 1164 3761 euim
1193 3708 1566 3771 gratulationem

537 3805 786 3869 excipient
821 3812 991 3845 omnes
1020 3792 1137 3841 anni
1176 3799 1565 3851 consequentes,

540 3904 629 3936 nec
656 3884 751 3931 ulla
782 3890 1009 3940 umquam
1028 3881 1140 3919 aetas
1159 3869 1219 3917 de
1239 3867 1413 3932 populi
1436 3882 1564 3914 rom.

536 3970 588 4015 in
618 3982 693 4013 me
721 3957 893 4007 studiis
920 3952 1232 4001 conticescet.

606 4049 659 4094 6,
677 4044 835 4105 Quum
856 4048 1011 4080 meum
1019 4027 1385 4095 jusjurandum.
1398 4028 1562 4088 Quum

536 4139 694 4173 meum
711 4112 1048 4179 jusjurandum
1066 4126 1127 4157 eo
1150 4122 1391 4156 consensu
1416 4122 1560 4155 exce-

1641 2442 1746 2505 pit,
1781 2451 1838 2487 ut
1865 2438 1968 2503 ipse
1989 2439 2180 2499 juraret
2205 2452 2310 2483 mea
2345 2435 2489 2483 unius
2517 2424 2666 2499 opera

1639 2519 1819 2566 salvam
1851 2534 1952 2565 e-nse
1978 2516 2346 2580 rempublicam,
2362 2530 2535 2578 meque
2554 2528 2668 2577 pro-

1643 2598 1758 2646 inde
1775 2596 2150 2659 hauthuaquatu
2171 2596 2399 2659 pejerare.

1718 2696 1766 2741 7.
1793 2680 1841 2723 Is
1865 2693 1994 2724 meus
2015 2678 2212 2723 domum
2223 2674 2334 2740 fuit
2357 2690 2384 2721 e
2395 2672 2518 2739 som
2544 2672 2670 2720 redr‘-

1643 2770 1734 2807 tus.
1778 2756 2008 2805 Solebant
2042 2757 2262 2821 antiqui,
2303 2767 2358 2803 ut
2386 2771 2470 2803 sua
2495 2756 2544 2801 iu
2567 2756 2670 2819 pri-

1645 2839 1822 2885 marios
1867 2836 1998 2883 cives
2042 2836 2203 2883 studia
2249 2836 2670 2897 demonstrarent,

1645 2932 1730 2965 eos
1774 2916 2027 2977 comitam,
2061 2926 2111 2963 et
2150 2915 2353 2962 honoria
2393 2930 2536 2962 causa
2581 2913 2673 2961 do-

1647 3013 1780 3045 mum
1811 2995 2064 3043 deducere.

1723 3076 1770 3123 8.
1807 3078 1866 3121 In
1907 3073 2083 3122 Rostris
2124 3074 2312 3121 curiam
2337 3110 2352 3133 ,
2409 3073 2459 3121 ἰπ
2496 3084 2676 3120 senatu

1643 3155 1878 3220 populum
1915 3150 2228 3217 defenderim.
2264 3154 2395 3201 Beue
2427 3153 2678 3216 gloriatur,

1649 3234 1786 3299 quod
1809 3234 2006 3281 ordines
2028 3234 2158 3281 inter
2184 3250 2236 3280 se
2262 3233 2598 3293 conjunxerit3
2623 3231 2675 3278 id

1651 3318 1778 3363 enim
1803 3328 1852 3363 et
1879 3315 1939 3362 ad
1970 3314 2256 3377 dignitatem
2282 3312 2564 3379 reipublicae
2584 3346 2599 3371 ,
2630 3322 2678 3360 et

1651 3396 1714 3442 ad
1751 3410 1918 3459 pacem
1952 3394 2204 3455 otiumque
2239 3393 2421 3439 civium
2459 3392 2676 3455 pertiue-

1651 3473 1764 3533 but,
1793 3490 1902 3538 quae
1931 3472 2031 3520 duo
2061 3472 2249 3519 consuli
2270 3472 2530 3535 spectanda
2550 3482 2680 3520 sunt.

1721 3554 1809 3603 IV.
1861 3568 1903 3601 1.
1942 3552 2089 3616 Cujus
2118 3551 2230 3615 fene
2271 3550 2478 3598 initium.
2517 3553 2680 3613 Quum

1650 3632 1795 3681 ludos
1828 3632 2180 3696 compitalitios
2219 3641 2266 3678 et
2297 3628 2530 3678 sacrificia
2557 3632 2684 3677 servi

1652 3713 1745 3760 diis
1773 3712 1972 3761 Laribus
2003 3712 2215 3759 solerent
2247 3712 2504 3769 exhibere,
2545 3716 2682 3757 send-

1651 3803 1729 3839 tus
1752 3794 1931 3840 veritus
1961 3809 2022 3839 ne
2049 3792 2176 3838 servi
2205 3801 2445 3855 praetextu
2475 3800 2523 3837 et
2549 3804 2684 3836 occa-

1655 3871 1792 3918 sione
1818 3870 2045 3918 ludorum
2077 3869 2263 3933 aliquid
2288 3880 2461 3915 contra
2481 3868 2682 3914 salutem

1655 3950 1938 4013 reipublicae
1965 3948 2272 4005 molirentur,
2291 3963 2376 3995 eos
2400 3946 2547 3994 ludos
2581 3944 2686 3993 fieri

1655 4029 1936 4094 prohibuit,
1973 4030 2026 4077 1..
2065 4028 2268 4076 Metello
2309 4038 2357 4073 et
2397 4028 2462 4089 Q.
2495 4026 2685 4073 Marcio

1653 4108 1960 4167 consulibus,
1999 4106 2162 4155 decem
2189 4107 2330 4154 aunis
2357 4118 2470 4153 ante
2501 4105 2692 4152 Pisonis
