2996 4694
488 361 629 448 554
1114 370 1213 437 Μ.
1264 369 1340 436 Τ.
1394 369 1984 440 CICERONIS

580 491 676 560 M.
718 491 909 562 enim
949 489 1291 562 Marcello
1336 490 1578 577 vobiS‚
1619 505 1857 588 patres
1899 489 2292 588 conscripti
2313 545 2334 577 ‚
2369 493 2622 588 reique

488 597 795 696 publicae
837 598 1168 689 reddit0‚
1208 624 1358 672 non
1408 600 1644 672 solum
1695 599 1910 687 illius,
1959 598 2088 672 sed
2131 625 2366 672 meam
2404 605 2614 673 etiam

487 733 737 780 vocem
779 723 852 780 et
895 715 1432 798 auctoritatem,
1478 725 1554 784 et
1595 711 1831 800 vobiS,
1876 724 1948 783 et
1995 710 2408 810 reipublicae
2441 737 2616 783 con-

484 831 837 891 servatam
868 845 950 892 ac
980 824 1381 894 restitutam
1416 836 1598 922 puto
1617 819 1672 891 ⁶.
1714 820 2068 894 Dolebam
2106 824 2337 909 euim,
2379 838 2617 922 patres

484 931 914 1029 conscripti,
963 946 1039 1004 et
1088 931 1556 1006 vehementer
1608 931 1944 1030 angebar,
1984 955 2216 1030 quum
2261 932 2613 1023 viderem,

486 1039 722 1110 virum
760 1041 1012 1128 talem,
1050 1043 1179 1139 qui
1221 1043 1297 1114 in
1348 1041 1600 1114 eadem
1639 1065 1883 1130 causa,
1919 1044 1996 1112 in
2037 1065 2184 1140 qua
2221 1066 2389 1140 ego,
2439 1041 2613 1114 fuis·

487 1163 629 1236 set,
676 1175 828 1222 non
888 1153 962 1222 in
1010 1151 1262 1224 eadem
1315 1178 1470 1226 esse
1517 1149 1811 1224 fortuna
1849 1179 1866 1222 z
1913 1176 2048 1224 nec
2086 1152 2266 1222 mihi
2323 1177 2614 1249 persua-

486 1259 659 1330 dere
676 1269 707 1322 7
746 1275 1109 1360 poteram,
1152 1286 1289 1334 nec
1332 1261 1435 1334 fas
1464 1285 1619 1336 esse
1661 1261 2014 1333 ducebam
2035 1315 2055 1350 ‚
2101 1262 2362 1332 versari
2393 1285 2506 1332 me
2539 1265 2614 1332 in

484 1379 737 1442 nostro
784 1375 1011 1443 veteri
1046 1372 1444 1460 curricu10‚
1490 1371 1618 1443 illo
1655 1372 1917 1443 aemulo
1957 1387 2174 1469 atque
2213 1367 2616 1444 imitatore⁸

486 1480 889 1554 studiorum
930 1507 1014 1556 ac
1042 1482 1374 1559 laborum
1410 1508 1744 1557 meorum
1766 1538 1786 1572 ,
1821 1483 2028 1582 quasi
2064 1481 2382 1582 quodam
2423 1481 2617 1553 socio

487 1614 530 1659 a
556 1601 754 1674 me9‚
785 1605 859 1662 et
880 1595 1144 1664 comite
1173 1591 1539 1665 distracto.
1573 1597 1763 1692 Ergo
1795 1609 1866 1665 et
1894 1593 2071 1665 mihi
2099 1619 2276 1664 meae
2309 1593 2622 1692 pristina:

486 1701 649 1770 vitae
677 1703 1308 1790 consuetudinem,
1348 1707 1427 1776 C.
1461 1707 1732 1788 Caesar,
1764 1703 2221 1776 interclusam
2255 1703 2619 1799 aperuisti,

488 1824 561 1880 et
600 1808 709 1882 his
756 1813 1101 1885 omnibus
1144 1814 1238 1886 ad
1287 1813 1476 1886 bene
1522 1814 1613 1888 de
1665 1818 1868 1886 omni
1920 1812 2294 1912 republica
2329 1837 2624 1909 speran-

490 1921 663 1992 dum
700 1924 907 2019 quasi
943 1925 1229 2021 signum
1270 1923 1568 2022 aliquod
1601 1923 2050 1996 sustulistiw.

584 2033 1036 2106 Intellectum
1074 2049 1183 2108 est
1230 2037 1423 2107 enim
1452 2047 1508 2079 ¹¹
1551 2035 1730 2105 mihi
1771 2033 2066 2131 quidem
2111 2039 2184 2102 in
2225 2031 2501 2112 multi&
2543 2043 2624 2100 et

486 2145 801 2217 maxime
839 2147 916 2216 in
948 2169 1069 2220 me
1102 2148 1295 2246 ipso,
1330 2145 1455 2218 sed
1494 2145 1744 2244 paullo
1781 2157 1948 2216 ante
1979 2141 2319 2214 omnibus
2344 2195 2363 2226 ,
2389 2163 2618 2238 quum

488 2255 585 2323 Μ.
626 2255 1047 2329 Marcellum
1074 2261 1354 2329 senatui
1386 2257 1810 2357 populoque
1839 2277 2142 2326 romano
2169 2253 2624 2332 concessisti,

488 2372 1066 2440 commemoratis
1124 2372 1518 2467 praesertim
1573 2364 2206 2450 offensionibus¹²‚
2253 2378 2326 2435 te
2378 2374 2622 2432 aucto·

484 2527 581 2577 sibi
600 2528 749 2578 hodie
773 2528 1032 2577 dicendum
1056 2530 1138 2579 sit.
1165 2530 1373 2579 Primam
1391 2529 1500 2593 qui—

486 2608 599 2655 dem
616 2646 632 2671 ,
665 2609 777 2673 quia
806 2610 955 2659 taceri
988 2610 1139 2657 vit-tus
1170 2608 1371 2661 Caesaris
1401 2622 1505 2657 nou

484 2687 695 2745 debean
746 2688 1039 2745 secundam,
1097 2688 1237 2752 qnod
1280 2689 1506 2737 restituto

484 2766 751 2827 Marcello,
776 2778 825 2816 et
850 2768 955 2831 ipse
971 2766 1336 2833 quodammodo
1362 2767 1504 2817 resti-

486 2856 623 2895 tutus
654 2848 746 2905 sit,
781 2859 831 2896 et
858 2865 969 2895 vere
995 2846 1089 2899 sibi
1116 2846 1371 2905 redditus3
1410 2858 1506 2895 ter-

488 2928 857 2985 flamm-tituto
876 2926 1359 2985 Mareello‚univeno
1370 2942 1508 2975 sena·

454 3064 459 3069 ,
488 3008 563 3056 tui
577 3006 640 3057 ad
658 3008 784 3058 bene
808 3009 1105 3074 sperandum
1134 3006 1195 3056 de
1226 3006 1504 3071 republica..

486 3087 737 3153 quoddam
758 3089 897 3152 quasi
918 3089 1110 3152 signum
1138 3086 1381 3135 sublatum
1416 3096 1504 3133 est.

556 3169 607 3219 6.
644 3158 938 3220 nemeaeum
980 3178 1119 3233 puto.
1173 3168 1289 3231 Quo
1332 3166 1506 3215 melius

485 3260 674 3311 gratum
709 3250 923 3296 animum
949 3262 1061 3309 erga
1086 3246 1321 3297 Caesarem
1354 3245 1508 3309 signi·

488 3326 627 3383 ficet,
654 3343 792 3375 suam
816 3342 929 3375 cum
965 3325 1199 3376 Marcello
1236 3325 1509 3375 communi·

487 3418 567 3457 cat
592 3418 771 3455 sortem
788 3438 803 3465 ,
830 3406 897 3455 ita
922 3415 1007 3465 ut,
1034 3422 1095 3455 eo
1113 3405 1370 3465 restimto3
1402 3405 1510 3469 ipse

487 3486 635 3535 etiam
664 3485 851 3533 restitui
877 3483 1115 3533 videatur.
1152 3486 1238 3533 Est
1278 3486 1330 3533 in
1357 3484 1510 3533 verbo

486 3564 585 3613 boc
604 3574 726 3631 puto
760 3564 963 3615 dubium
986 3564 1203 3629 aliquid,
1244 3563 1381 3627 quod
1406 3579 1510 3615 uon

487 3646 618 3711 cepit
636 3658 723 3696 aut
744 3645 1063 3695 dissimulavit
1072 3642 1299 3693 Wolflns.
1430 3666 1437 3671 ·

563 3742 610 3786 7.
646 3724 777 3774 Mihi
796 3726 1112 3791 persuadere.
1144 3722 1251 3771 Nec
1293 3723 1415 3774 mihi
1460 3723 1512 3771 in

486 3806 703 3858 animum
720 3806 950 3857 inducere
966 3814 1199 3869 poteram.

563 3887 613 3935 8.
646 3884 919 3935 tmteacore.
950 3884 1051 3947 Qui
1084 3880 1301 3931 eamdem
1338 3896 1510 3945 seque·-

491 3965 635 4013 batur
663 3964 807 4017 viam.
837 3962 1077 4027 Displicet
1106 3962 1205 4011 hoc
1221 3958 1409 4009 Wolfio
1446 3959 1508 4007 de

488 4046 729 4093 consulari
762 4046 866 4093 viro
895 4044 1109 4099 dictum,
1138 4040 1358 4105 quamvis
1389 4050 1508 4087 natu

490 4125 685 4173 minori.
722 4124 825 4185 Qui
871 4138 972 4170 non
1014 4123 1080 4170 ita
1128 4121 1415 4183 judicasset,
1464 4118 1506 4164 si

1591 2528 1820 2595 epistolas
1844 2526 1908 2575 ad
1934 2524 2154 2574 diversos
2179 2521 2624 2587 legisset.—Idem

1593 2610 1748 2657 multo
1788 2608 2004 2673 apertius
2049 2604 2191 2671 epist.
2231 2606 2306 2653 M.
2351 2600 2589 2651 Marcello
2607 2638 2625 2661 ,

1591 2688 1721 2745 vn,
1763 2688 1866 2737 1⁵:
1904 2708 1925 2731 ι
1951 2688 2078 2741 Ham
2101 2700 2256 2751 quum
2283 2696 2332 2733 te
2358 2698 2386 2731 a
2413 2680 2622 2746 pua-itia

1593 2778 1677 2817 tua
1699 2770 1841 2817 unice
1865 2766 2143 2817 dilexerim.
2166 2801 2178 2813 .
2201 2765 2435 2813 maxima
2452 2760 2622 2809 laetitia

1592 2844 1796 2907 afficior,
1824 2862 1978 2913 quum
2003 2844 2064 2893 ab
2095 2842 2379 2892 bominibus
2411 2840 2626 2905 pruden-

1594 2926 1825 2988 cincinnis,
1869 2926 2080 2989 virisque
2123 2922 2353 2988 optimis,
2393 2917 2621 2967 omuibus

1593 3005 1770 3065 dicein,
1795 3006 1960 3064 facti»,
1987 3003 2188 3065 studiis,
2226 3000 2468 3051 institutis
2485 3032 2500 3059 ,
2543 2996 2620 3045 vel

1593 3101 1670 3134 me
1715 3087 1788 3133 tui
1827 3084 2034 3133 similem
2077 3098 2181 3130 esse
2225 3081 2406 3137 audio,
2449 3077 2524 3125 vel
2575 3086 2624 3123 te

1597 3181 1692 3213 met
1713 3186 1756 3213 ιο.
1975 3210 1986 3221 ,

1670 3260 1720 3307 9.
1742 3242 1880 3292 Socio
1907 3260 1942 3293 a
1972 3258 2066 3292 me.
2093 3239 2358 3289 Lambinus
2385 3247 2524 3303 putat
2551 3236 2622 3283 Ie-

1597 3324 1839 3389 gendum:
1869 3322 2050 3386 «quasi.
2070 3319 2282 3385 quodam
2303 3318 2444 3366 socio
2469 3327 2518 3364 et
2536 3332 2626 3363 co-

1565 3408 1574 3421 ’
1595 3402 1714 3451 mit·
1740 3418 1768 3449 a
1794 3418 1871 3454 me
1891 3400 2180 3449 distracto».

1675 3497 1752 3533 ιο.
1797 3482 1996 3545 Signum
2029 3476 2237 3543 aliquod
2261 3473 2511 3525 stutedisti.
2549 3475 2624 3521 Ex

1599 3577 1733 3627 more
1793 3558 1992 3609 militari
2046 3567 2235 3623 sumpta
2299 3552 2584 3619 metaphora
2605 3586 2624 3611 ,

1599 3657 1745 3705 quan
1785 3646 2020 3703 sequutus
2059 3646 2132 3685 est
2159 3635 2394 3699 Virgilius
2431 3632 2628 3681 AEneid.

1599 3718 1689 3770 lib.
1710 3720 1868 3775 vm,
1897 3732 1970 3766 vs.
1999 3732 2048 3765 1.

1679 3813 1735 3849 11
1748 3833 1764 3845 .
1802 3796 2104 3843 Intellectum
2143 3804 2218 3841 est
2263 3790 2404 3839 enim.
2442 3790 2624 3838 Probat

1596 3893 1728 3927 nunc
1748 3874 1885 3939 quod
1907 3872 2057 3921 modo
2080 3881 2310 3939 posuerat
2329 3904 2346 3929 ,
2369 3871 2624 3927 Caesarem,

1595 3955 1817 4005 restituto
1832 3952 2066 4001 Marcello
2079 3986 2096 4013 ‚
2109 3967 2244 4017 spem
2267 3964 2487 4013 magnam
2509 3964 2626 3995 con-

1596 4036 1832 4085 citavisse.
2149 4074 2160 4081 .

1676 4130 1759 4162 ια.
1797 4110 2192 4161 Commemoratis
2219 4102 2496 4174 prbscrtim
2543 4104 2624 4171 ο]-
