<?xml version="1.0" encoding="UTF-8"?>
<!DOCTYPE html PUBLIC "-//W3C//DTD XHTML 1.0 Transitional//EN"
    "http://www.w3.org/TR/xhtml1/DTD/xhtml1-transitional.dtd">
<html xmlns="http://www.w3.org/1999/xhtml" xml:lang="en" lang="en">
 <head>
  <title>
</title>
<meta http-equiv="Content-Type" content="text/html;charset=utf-8" />
  <meta name='ocr-system' content='tesseract 3.04.00' />
  <meta name='ocr-capabilities' content='ocr_page ocr_carea ocr_par ocr_line ocrx_word'/>
</head>
<body>
  <div class='ocr_page' id='page_1' title='image "./mtciceronisquae08lemagoog/mtciceronisquae08lemagoog_0478.png"; bbox 0 0 2996 4694; ppageno 0'>
   <div class='ocr_carea' id='block_1_1' title="bbox 414 331 2594 3907">
    <p class='ocr_par' dir='ltr' id='par_1_1' title="bbox 414 331 2587 3347">
     <span class='ocr_line' id='line_1_1' title="bbox 432 331 1903 429; baseline -0.002 -23"><span class='ocrx_word' id='word_1_1' title='bbox 432 337 574 429; x_wconf 66' lang='lat'>(³7²</span> <span class='ocrx_word' id='word_1_2' title='bbox 1107 331 1903 406; x_wconf 72' lang='lat' dir='ltr'>AzRGUMENTUM.</span> 
     </span>
     <span class='ocr_line' id='line_1_2' title="bbox 513 451 2570 534; baseline 0.001 -20"><span class='ocrx_word' id='word_1_3' title='bbox 513 467 740 514; x_wconf 67' lang='lat' dir='ltr'>tantum</span> <span class='ocrx_word' id='word_1_4' title='bbox 759 453 824 514; x_wconf 89' lang='lat' dir='ltr'>in</span> <span class='ocrx_word' id='word_1_5' title='bbox 854 451 1206 534; x_wconf 66' lang='lat' dir='ltr'>repellenda.</span> <span class='ocrx_word' id='word_1_6' title='bbox 1232 459 1521 514; x_wconf 67' lang='lat' dir='ltr'>Praeterea</span> <span class='ocrx_word' id='word_1_7' title='bbox 1544 473 1622 513; x_wconf 86' lang='lat' dir='ltr'>ex</span> <span class='ocrx_word' id='word_1_8' title='bbox 1650 453 1779 534; x_wconf 78' lang='lat' dir='ltr'>ipsa</span> <span class='ocrx_word' id='word_1_9' title='bbox 1802 471 1976 512; x_wconf 78' lang='lat' dir='ltr'>causa</span> <span class='ocrx_word' id='word_1_10' title='bbox 1996 451 2374 533; x_wconf 83' lang='lat' dir='ltr'>profectionis</span> <span class='ocrx_word' id='word_1_11' title='bbox 2398 455 2570 517; x_wconf 86' lang='lat' dir='ltr'>intel-</span> 
     </span>
     <span class='ocr_line' id='line_1_3' title="bbox 509 549 2571 632; baseline -0 -19"><span class='ocrx_word' id='word_1_12' title='bbox 509 552 614 631; x_wconf 82' lang='lat' dir='ltr'>ligi</span> <span class='ocrx_word' id='word_1_13' title='bbox 641 571 764 612; x_wconf 83' lang='lat' dir='ltr'>non</span> <span class='ocrx_word' id='word_1_14' title='bbox 787 549 995 612; x_wconf 88' lang='lat' dir='ltr'>Clodio</span> <span class='ocrx_word' id='word_1_15' title='bbox 1023 571 1060 610; x_wconf 84' lang='lat' dir='ltr'>a</span> <span class='ocrx_word' id='word_1_16' title='bbox 1085 551 1334 625; x_wconf 78' lang='lat' dir='ltr'><strong>Milone,</strong></span> <span class='ocrx_word' id='word_1_17' title='bbox 1365 550 1470 610; x_wconf 82' lang='lat' dir='ltr'>sed</span> <span class='ocrx_word' id='word_1_18' title='bbox 1497 551 1709 610; x_wconf 86' lang='lat' dir='ltr'>Miloni</span> <span class='ocrx_word' id='word_1_19' title='bbox 1744 571 1781 609; x_wconf 76' lang='grc' dir='ltr'><strong>ι</strong></span> <span class='ocrx_word' id='word_1_20' title='bbox 1811 549 2018 625; x_wconf 75' lang='lat' dir='ltr'>Clodio</span> <span class='ocrx_word' id='word_1_21' title='bbox 2048 551 2285 611; x_wconf 75' lang='lat' dir='ltr'><strong>insidias</strong></span> <span class='ocrx_word' id='word_1_22' title='bbox 2312 571 2436 612; x_wconf 88' lang='lat' dir='ltr'>esse</span> <span class='ocrx_word' id='word_1_23' title='bbox 2458 573 2571 632; x_wconf 78' lang='lat' dir='ltr'>pa-</span> 
     </span>
     <span class='ocr_line' id='line_1_4' title="bbox 511 647 2576 730; baseline 0.001 -23"><span class='ocrx_word' id='word_1_24' title='bbox 511 661 700 726; x_wconf 73' lang='lat' dir='ltr'>ratas,</span> <span class='ocrx_word' id='word_1_25' title='bbox 731 667 859 727; x_wconf 74' lang='lat' dir='ltr'>cap.</span> <span class='ocrx_word' id='word_1_26' title='bbox 888 656 1090 730; x_wconf 73' lang='lat'><strong>14-19.</strong></span> <span class='ocrx_word' id='word_1_27' title='bbox 1118 647 1296 722; x_wconf 85' lang='lat' dir='ltr'>Quod</span> <span class='ocrx_word' id='word_1_28' title='bbox 1333 649 1713 707; x_wconf 74' lang='lat' dir='ltr'>confirmatur</span> <span class='ocrx_word' id='word_1_29' title='bbox 1742 647 1995 727; x_wconf 86' lang='lat' dir='ltr'>primum</span> <span class='ocrx_word' id='word_1_30' title='bbox 2035 649 2169 708; x_wconf 89' lang='lat' dir='ltr'>loco</span> <span class='ocrx_word' id='word_1_31' title='bbox 2202 648 2576 720; x_wconf 78' lang='lat' dir='ltr'>insidiarum,</span> 
     </span>
     <span class='ocr_line' id='line_1_5' title="bbox 509 743 2571 826; baseline 0.001 -22"><span class='ocrx_word' id='word_1_32' title='bbox 509 765 641 826; x_wconf 79' lang='lat' dir='ltr'>cap.</span> <span class='ocrx_word' id='word_1_33' title='bbox 673 765 780 819; x_wconf 76' lang='lat'>2⁰3</span> <span class='ocrx_word' id='word_1_34' title='bbox 809 744 1022 806; x_wconf 82' lang='lat' dir='ltr'>deinde</span> <span class='ocrx_word' id='word_1_35' title='bbox 1061 743 1173 805; x_wconf 89' lang='lat' dir='ltr'>iter</span> <span class='ocrx_word' id='word_1_36' title='bbox 1213 745 1438 819; x_wconf 88' lang='lat' dir='ltr'>Clodii,</span> <span class='ocrx_word' id='word_1_37' title='bbox 1489 759 1558 804; x_wconf 89' lang='lat' dir='ltr'>ut</span> <span class='ocrx_word' id='word_1_38' title='bbox 1594 744 1854 825; x_wconf 88' lang='lat' dir='ltr'>expediti</span> <span class='ocrx_word' id='word_1_39' title='bbox 1886 745 2151 822; x_wconf 79' lang='lat' dir='ltr'>latronis,</span> <span class='ocrx_word' id='word_1_40' title='bbox 2174 765 2309 806; x_wconf 88' lang='lat' dir='ltr'>cnm</span> <span class='ocrx_word' id='word_1_41' title='bbox 2332 747 2571 806; x_wconf 79' lang='lat' dir='ltr'>Milonis</span> 
     </span>
     <span class='ocr_line' id='line_1_6' title="bbox 507 841 2573 922; baseline 0 -20"><span class='ocrx_word' id='word_1_42' title='bbox 507 841 938 921; x_wconf 71' lang='lat' dir='ltr'><strong>impedimentis</strong></span> <span class='ocrx_word' id='word_1_43' title='bbox 960 854 1354 922; x_wconf 77' lang='lat' dir='ltr'>comparatur,</span> <span class='ocrx_word' id='word_1_44' title='bbox 1373 854 1441 902; x_wconf 88' lang='lat' dir='ltr'>nt</span> <span class='ocrx_word' id='word_1_45' title='bbox 1469 843 1637 902; x_wconf 89' lang='lat' dir='ltr'>illum</span> <span class='ocrx_word' id='word_1_46' title='bbox 1662 843 1847 902; x_wconf 86' lang='lat' dir='ltr'>multo</span> <span class='ocrx_word' id='word_1_47' title='bbox 1874 841 1951 902; x_wconf 71' lang='lat' dir='ltr'>ed</span> <span class='ocrx_word' id='word_1_48' title='bbox 1977 842 2191 902; x_wconf 78' lang='lat' dir='ltr'>eaedem</span> <span class='ocrx_word' id='word_1_49' title='bbox 2216 843 2573 922; x_wconf 77' lang='lat' dir='ltr'><strong>paratiorem</strong></span> 
     </span>
     <span class='ocr_line' id='line_1_7' title="bbox 512 939 2573 1021; baseline -0 -21"><span class='ocrx_word' id='word_1_50' title='bbox 512 941 690 1000; x_wconf 76' lang='lat' dir='ltr'>fuisse</span> <span class='ocrx_word' id='word_1_51' title='bbox 714 953 1022 1021; x_wconf 72' lang='lat' dir='ltr'>appareat,</span> <span class='ocrx_word' id='word_1_52' title='bbox 1055 959 1184 1020; x_wconf 80' lang='lat' dir='ltr'>cap.</span> <span class='ocrx_word' id='word_1_53' title='bbox 1215 953 1314 1000; x_wconf 60' lang='grc' dir='ltr'>αις</span> <span class='ocrx_word' id='word_1_54' title='bbox 1345 944 1555 1019; x_wconf 79' lang='lat' dir='ltr'>Neque</span> <span class='ocrx_word' id='word_1_55' title='bbox 1580 959 1723 1000; x_wconf 79' lang='lat' dir='ltr'>vero</span> <span class='ocrx_word' id='word_1_56' title='bbox 1760 939 1973 999; x_wconf 88' lang='lat' dir='ltr'>mirum</span> <span class='ocrx_word' id='word_1_57' title='bbox 2013 959 2139 1000; x_wconf 84' lang='lat' dir='ltr'>esse</span> <span class='ocrx_word' id='word_1_58' title='bbox 2180 940 2451 1002; x_wconf 86' lang='lat' dir='ltr'>Clodium</span> <span class='ocrx_word' id='word_1_59' title='bbox 2486 940 2573 1000; x_wconf 87' lang='lat' dir='ltr'>sic</span> 
     </span>
     <span class='ocr_line' id='line_1_8' title="bbox 442 1035 2571 1116; baseline -0 -21"><span class='ocrx_word' id='word_1_60' title='bbox 442 1065 457 1076; x_wconf 93' lang='lat'><strong>·</strong></span> <span class='ocrx_word' id='word_1_61' title='bbox 508 1049 782 1115; x_wconf 77' lang='lat' dir='ltr'>paratum</span> <span class='ocrx_word' id='word_1_62' title='bbox 796 1079 814 1111; x_wconf 88' lang='lat'><strong>,</strong></span> <span class='ocrx_word' id='word_1_63' title='bbox 879 1049 1075 1097; x_wconf 76' lang='lat' dir='ltr'>tamen</span> <span class='ocrx_word' id='word_1_64' title='bbox 1119 1035 1194 1098; x_wconf 78' lang='lat' dir='ltr'>ab</span> <span class='ocrx_word' id='word_1_65' title='bbox 1249 1037 1551 1116; x_wconf 74' lang='lat' dir='ltr'>imparatis</span> <span class='ocrx_word' id='word_1_66' title='bbox 1602 1037 1784 1096; x_wconf 81' lang='lat' dir='ltr'>servis</span> <span class='ocrx_word' id='word_1_67' title='bbox 1836 1037 2073 1096; x_wconf 83' lang='lat' dir='ltr'>Milonis</span> <span class='ocrx_word' id='word_1_68' title='bbox 2124 1037 2379 1096; x_wconf 82' lang='lat' dir='ltr'>occisum</span> <span class='ocrx_word' id='word_1_69' title='bbox 2428 1055 2571 1095; x_wconf 85' lang='lat' dir='ltr'>esse.</span> 
     </span>
     <span class='ocr_line' id='line_1_9' title="bbox 452 1130 2573 1213; baseline -0.001 -19"><span class='ocrx_word' id='word_1_70' title='bbox 452 1179 461 1188; x_wconf 92' lang='lat'>.</span> <span class='ocrx_word' id='word_1_71' title='bbox 509 1137 718 1213; x_wconf 85' lang='lat' dir='ltr'>Neque</span> <span class='ocrx_word' id='word_1_72' title='bbox 760 1153 906 1194; x_wconf 84' lang='lat' dir='ltr'>vero</span> <span class='ocrx_word' id='word_1_73' title='bbox 945 1132 1230 1194; x_wconf 87' lang='lat' dir='ltr'>Milonem</span> <span class='ocrx_word' id='word_1_74' title='bbox 1269 1132 1408 1192; x_wconf 89' lang='lat' dir='ltr'>ideo</span> <span class='ocrx_word' id='word_1_75' title='bbox 1445 1133 1509 1192; x_wconf 91' lang='lat' dir='ltr'>in</span> <span class='ocrx_word' id='word_1_76' title='bbox 1548 1132 1939 1212; x_wconf 79' lang='lat' dir='ltr'>suspicionem</span> <span class='ocrx_word' id='word_1_77' title='bbox 1970 1133 2171 1192; x_wconf 84' lang='lat' dir='ltr'>venire</span> <span class='ocrx_word' id='word_1_78' title='bbox 2184 1175 2207 1206; x_wconf 88' lang='lat'>,</span> <span class='ocrx_word' id='word_1_79' title='bbox 2248 1130 2411 1213; x_wconf 86' lang='lat' dir='ltr'>qnod</span> <span class='ocrx_word' id='word_1_80' title='bbox 2440 1133 2573 1192; x_wconf 86' lang='lat' dir='ltr'>illos</span> 
     </span>
     <span class='ocr_line' id='line_1_10' title="bbox 505 1229 2573 1304; baseline -0.001 -14"><span class='ocrx_word' id='word_1_81' title='bbox 505 1248 706 1292; x_wconf 83' lang='lat' dir='ltr'>servos</span> <span class='ocrx_word' id='word_1_82' title='bbox 741 1230 1158 1291; x_wconf 76' lang='lat' dir='ltr'>manumiserit.</span> <span class='ocrx_word' id='word_1_83' title='bbox 1189 1230 1586 1304; x_wconf 73' lang='lat' dir='ltr'>Quaestionem</span> <span class='ocrx_word' id='word_1_84' title='bbox 1608 1249 1751 1290; x_wconf 82' lang='lat' dir='ltr'>vero</span> <span class='ocrx_word' id='word_1_85' title='bbox 1780 1230 1859 1289; x_wconf 87' lang='lat' dir='ltr'>de</span> <span class='ocrx_word' id='word_1_86' title='bbox 1882 1229 2065 1289; x_wconf 80' lang='lat' dir='ltr'>servis</span> <span class='ocrx_word' id='word_1_87' title='bbox 2081 1229 2274 1289; x_wconf 84' lang='lat' dir='ltr'>Clodii</span> <span class='ocrx_word' id='word_1_88' title='bbox 2306 1230 2367 1288; x_wconf 84' lang='lat' dir='ltr'>in</span> <span class='ocrx_word' id='word_1_89' title='bbox 2392 1229 2573 1290; x_wconf 80' lang='lat' dir='ltr'>Milo-</span> 
     </span>
     <span class='ocr_line' id='line_1_11' title="bbox 512 1325 2573 1406; baseline -0 -20"><span class='ocrx_word' id='word_1_90' title='bbox 512 1346 647 1386; x_wconf 88' lang='lat' dir='ltr'>nem</span> <span class='ocrx_word' id='word_1_91' title='bbox 683 1325 944 1386; x_wconf 73' lang='lat' dir='ltr'>habitam</span> <span class='ocrx_word' id='word_1_92' title='bbox 981 1325 1128 1384; x_wconf 83' lang='lat' dir='ltr'><strong>nihil</strong></span> <span class='ocrx_word' id='word_1_93' title='bbox 1171 1327 1461 1406; x_wconf 78' lang='lat' dir='ltr'>probare,</span> <span class='ocrx_word' id='word_1_94' title='bbox 1487 1345 1617 1405; x_wconf 83' lang='lat' dir='ltr'>cap.</span> <span class='ocrx_word' id='word_1_95' title='bbox 1646 1343 1743 1385; x_wconf 70' lang='lat'>22.</span> <span class='ocrx_word' id='word_1_96' title='bbox 1780 1325 2056 1404; x_wconf 82' lang='lat' dir='ltr'>Denique</span> <span class='ocrx_word' id='word_1_97' title='bbox 2086 1325 2278 1404; x_wconf 86' lang='lat' dir='ltr'>ipsum</span> <span class='ocrx_word' id='word_1_98' title='bbox 2319 1325 2573 1385; x_wconf 88' lang='lat' dir='ltr'>reditum</span> 
     </span>
     <span class='ocr_line' id='line_1_12' title="bbox 507 1421 2576 1502; baseline -0 -20"><span class='ocrx_word' id='word_1_99' title='bbox 507 1421 751 1482; x_wconf 78' lang='lat' dir='ltr'>Milonis</span> <span class='ocrx_word' id='word_1_100' title='bbox 781 1421 1068 1499; x_wconf 85' lang='lat' dir='ltr'>ejusmodi</span> <span class='ocrx_word' id='word_1_101' title='bbox 1097 1422 1272 1482; x_wconf 69' lang='lat' dir='ltr'>fixisse</span> <span class='ocrx_word' id='word_1_102' title='bbox 1314 1421 1659 1495; x_wconf 78' lang='lat' dir='ltr'>ostenditur,</span> <span class='ocrx_word' id='word_1_103' title='bbox 1686 1434 1754 1480; x_wconf 88' lang='lat' dir='ltr'>ut</span> <span class='ocrx_word' id='word_1_104' title='bbox 1780 1440 1855 1480; x_wconf 85' lang='lat' dir='ltr'>ex</span> <span class='ocrx_word' id='word_1_105' title='bbox 1892 1441 1965 1480; x_wconf 91' lang='lat' dir='ltr'>eo</span> <span class='ocrx_word' id='word_1_106' title='bbox 2002 1421 2231 1481; x_wconf 75' lang='lat' dir='ltr'>eluceat</span> <span class='ocrx_word' id='word_1_107' title='bbox 2256 1441 2391 1481; x_wconf 90' lang='lat' dir='ltr'>enm</span> <span class='ocrx_word' id='word_1_108' title='bbox 2424 1441 2576 1502; x_wconf 77' lang='lat' dir='ltr'>pura</span> 
     </span>
     <span class='ocr_line' id='line_1_13' title="bbox 511 1517 2577 1600; baseline 0 -22"><span class='ocrx_word' id='word_1_109' title='bbox 511 1532 704 1578; x_wconf 89' lang='lat' dir='ltr'>mente</span> <span class='ocrx_word' id='word_1_110' title='bbox 725 1520 1154 1598; x_wconf 81' lang='lat' dir='ltr'>atqueintegra</span> <span class='ocrx_word' id='word_1_111' title='bbox 1169 1563 1188 1594; x_wconf 89' lang='lat'><strong>,</strong></span> <span class='ocrx_word' id='word_1_112' title='bbox 1208 1520 1372 1581; x_wconf 90' lang='lat' dir='ltr'>nullo</span> <span class='ocrx_word' id='word_1_113' title='bbox 1395 1519 1615 1584; x_wconf 73' lang='lat' dir='ltr'>scelere</span> <span class='ocrx_word' id='word_1_114' title='bbox 1636 1517 1925 1579; x_wconf 84' lang='lat' dir='ltr'>imbutum</span> <span class='ocrx_word' id='word_1_115' title='bbox 1939 1561 1957 1593; x_wconf 92' lang='lat'><strong>,</strong></span> <span class='ocrx_word' id='word_1_116' title='bbox 1978 1519 2142 1579; x_wconf 85' lang='lat' dir='ltr'>nullo</span> <span class='ocrx_word' id='word_1_117' title='bbox 2166 1533 2329 1579; x_wconf 86' lang='lat' dir='ltr'>metn</span> <span class='ocrx_word' id='word_1_118' title='bbox 2349 1532 2577 1600; x_wconf 83' lang='lat' dir='ltr'>perter-</span> 
     </span>
     <span class='ocr_line' id='line_1_14' title="bbox 515 1615 2573 1689; baseline 0.001 -14"><span class='ocrx_word' id='word_1_119' title='bbox 515 1615 719 1688; x_wconf 83' lang='lat' dir='ltr'>ritum,</span> <span class='ocrx_word' id='word_1_120' title='bbox 743 1615 910 1675; x_wconf 73' lang='lat' dir='ltr'>nulla</span> <span class='ocrx_word' id='word_1_121' title='bbox 945 1617 1299 1680; x_wconf 74' lang='lat' dir='ltr'>conscientia</span> <span class='ocrx_word' id='word_1_122' title='bbox 1334 1615 1730 1680; x_wconf 78' lang='lat' dir='ltr'>exanimatum</span> <span class='ocrx_word' id='word_1_123' title='bbox 1752 1619 1999 1676; x_wconf 76' lang='lat' dir='ltr'>Romam</span> <span class='ocrx_word' id='word_1_124' title='bbox 2024 1617 2359 1689; x_wconf 77' lang='lat' dir='ltr'>revertisse,</span> <span class='ocrx_word' id='word_1_125' title='bbox 2398 1637 2451 1676; x_wconf 88' lang='lat' dir='ltr'>c.</span> <span class='ocrx_word' id='word_1_126' title='bbox 2475 1619 2573 1680; x_wconf 76' lang='lat'>23.</span> 
     </span>
     <span class='ocr_line' id='line_1_15' title="bbox 511 1711 2577 1794; baseline 0.001 -22"><span class='ocrx_word' id='word_1_127' title='bbox 511 1712 704 1772; x_wconf 83' lang='lat' dir='ltr'>Multa</span> <span class='ocrx_word' id='word_1_128' title='bbox 735 1711 910 1772; x_wconf 82' lang='lat' dir='ltr'>etiam</span> <span class='ocrx_word' id='word_1_129' title='bbox 951 1725 1154 1794; x_wconf 76' lang='lat' dir='ltr'>postea</span> <span class='ocrx_word' id='word_1_130' title='bbox 1187 1713 1250 1780; x_wconf 75' lang='lat' dir='ltr'>in</span> <span class='ocrx_word' id='word_1_131' title='bbox 1287 1713 1573 1776; x_wconf 80' lang='lat' dir='ltr'>Milonem</span> <span class='ocrx_word' id='word_1_132' title='bbox 1612 1727 1889 1793; x_wconf 77' lang='lat' dir='ltr'>congesta</span> <span class='ocrx_word' id='word_1_133' title='bbox 1924 1733 2051 1773; x_wconf 88' lang='lat' dir='ltr'>esse</span> <span class='ocrx_word' id='word_1_134' title='bbox 2064 1755 2085 1786; x_wconf 88' lang='lat'><strong>,</strong></span> <span class='ocrx_word' id='word_1_135' title='bbox 2124 1733 2257 1792; x_wconf 78' lang='lat' dir='ltr'>quoe</span> <span class='ocrx_word' id='word_1_136' title='bbox 2284 1714 2386 1774; x_wconf 89' lang='lat' dir='ltr'>ille</span> <span class='ocrx_word' id='word_1_137' title='bbox 2410 1715 2577 1774; x_wconf 89' lang='lat' dir='ltr'>inno-</span> 
     </span>
     <span class='ocr_line' id='line_1_16' title="bbox 517 1809 2575 1892; baseline 0.001 -24"><span class='ocrx_word' id='word_1_138' title='bbox 517 1809 723 1870; x_wconf 81' lang='lat' dir='ltr'>centiae</span> <span class='ocrx_word' id='word_1_139' title='bbox 751 1810 1108 1871; x_wconf 75' lang='lat' dir='ltr'>conscientia</span> <span class='ocrx_word' id='word_1_140' title='bbox 1137 1811 1320 1876; x_wconf 81' lang='lat' dir='ltr'>fretus</span> <span class='ocrx_word' id='word_1_141' title='bbox 1347 1809 1523 1891; x_wconf 71' lang='lat' dir='ltr'>plane</span> <span class='ocrx_word' id='word_1_142' title='bbox 1556 1811 1973 1891; x_wconf 73' lang='lat' dir='ltr'>contempserit</span> <span class='ocrx_word' id='word_1_143' title='bbox 2006 1829 2075 1870; x_wconf 72' lang='lat' dir='ltr'>nc</span> <span class='ocrx_word' id='word_1_144' title='bbox 2106 1830 2219 1890; x_wconf 89' lang='lat' dir='ltr'>pro</span> <span class='ocrx_word' id='word_1_145' title='bbox 2248 1810 2435 1871; x_wconf 89' lang='lat' dir='ltr'>nihilo</span> <span class='ocrx_word' id='word_1_146' title='bbox 2460 1831 2575 1892; x_wconf 86' lang='lat' dir='ltr'>pu-</span> 
     </span>
     <span class='ocr_line' id='line_1_17' title="bbox 521 1907 1082 1988; baseline 0.004 -22"><span class='ocrx_word' id='word_1_147' title='bbox 521 1907 684 1982; x_wconf 71' lang='lat' dir='ltr'>tarit,</span> <span class='ocrx_word' id='word_1_148' title='bbox 715 1927 843 1988; x_wconf 82' lang='lat' dir='ltr'>cap.</span> <span class='ocrx_word' id='word_1_149' title='bbox 871 1909 1082 1980; x_wconf 51' lang='grc' dir='ltr'>πίῃ-36.</span> 
     </span>
     <span class='ocr_line' id='line_1_18' title="bbox 598 2001 2580 2084; baseline -0.001 -20"><span class='ocrx_word' id='word_1_150' title='bbox 598 2003 853 2064; x_wconf 83' lang='lat' dir='ltr'>Crimine</span> <span class='ocrx_word' id='word_1_151' title='bbox 869 2004 1050 2082; x_wconf 76' lang='lat' dir='ltr'>igitur</span> <span class='ocrx_word' id='word_1_152' title='bbox 1071 2005 1201 2084; x_wconf 85' lang='lat' dir='ltr'>ipso</span> <span class='ocrx_word' id='word_1_153' title='bbox 1221 2002 1397 2064; x_wconf 68' lang='lat' dir='ltr'>cadis</span> <span class='ocrx_word' id='word_1_154' title='bbox 1423 2023 1459 2062; x_wconf 82' lang='lat' dir='ltr'>a</span> <span class='ocrx_word' id='word_1_155' title='bbox 1483 2004 1711 2066; x_wconf 84' lang='lat' dir='ltr'>Milone</span> <span class='ocrx_word' id='word_1_156' title='bbox 1736 2001 1947 2064; x_wconf 84' lang='lat' dir='ltr'>clodio</span> <span class='ocrx_word' id='word_1_157' title='bbox 1970 2003 2147 2063; x_wconf 77' lang='lat' dir='ltr'>inatae</span> <span class='ocrx_word' id='word_1_158' title='bbox 2170 2002 2265 2062; x_wconf 88' lang='lat' dir='ltr'>his</span> <span class='ocrx_word' id='word_1_159' title='bbox 2282 2022 2580 2083; x_wconf 80' lang='lat' dir='ltr'>argumen-</span> 
     </span>
     <span class='ocr_line' id='line_1_19' title="bbox 521 2100 2580 2176; baseline 0 -17"><span class='ocrx_word' id='word_1_160' title='bbox 521 2100 596 2159; x_wconf 85' lang='lat' dir='ltr'>tis</span> <span class='ocrx_word' id='word_1_161' title='bbox 636 2100 854 2176; x_wconf 85' lang='lat' dir='ltr'>diluto,</span> <span class='ocrx_word' id='word_1_162' title='bbox 898 2103 1104 2162; x_wconf 88' lang='lat' dir='ltr'>Cicero</span> <span class='ocrx_word' id='word_1_163' title='bbox 1147 2101 1404 2162; x_wconf 83' lang='lat' dir='ltr'>ostendit</span> <span class='ocrx_word' id='word_1_164' title='bbox 1450 2102 1503 2161; x_wconf 78' lang='lat' dir='ltr'>si</span> <span class='ocrx_word' id='word_1_165' title='bbox 1550 2102 1697 2162; x_wconf 88' lang='lat' dir='ltr'>Milo</span> <span class='ocrx_word' id='word_1_166' title='bbox 1744 2100 2015 2162; x_wconf 83' lang='lat' dir='ltr'>Clodium</span> <span class='ocrx_word' id='word_1_167' title='bbox 2062 2100 2399 2176; x_wconf 83' lang='lat' dir='ltr'>occidisset,</span> <span class='ocrx_word' id='word_1_168' title='bbox 2444 2121 2580 2160; x_wconf 87' lang='lat' dir='ltr'>eum</span> 
     </span>
     <span class='ocr_line' id='line_1_20' title="bbox 519 2197 2581 2278; baseline 0.001 -22"><span class='ocrx_word' id='word_1_169' title='bbox 519 2210 836 2277; x_wconf 81' lang='lat' dir='ltr'>propterea</span> <span class='ocrx_word' id='word_1_170' title='bbox 857 2201 1100 2278; x_wconf 83' lang='lat' dir='ltr'>praemio</span> <span class='ocrx_word' id='word_1_171' title='bbox 1129 2199 1328 2278; x_wconf 86' lang='lat' dir='ltr'>potius</span> <span class='ocrx_word' id='word_1_172' title='bbox 1351 2217 1530 2277; x_wconf 79' lang='lat' dir='ltr'>quam</span> <span class='ocrx_word' id='word_1_173' title='bbox 1562 2217 1733 2278; x_wconf 74' lang='lat' dir='ltr'>poena</span> <span class='ocrx_word' id='word_1_174' title='bbox 1758 2197 2123 2257; x_wconf 80' lang='lat' dir='ltr'>afficiendum</span> <span class='ocrx_word' id='word_1_175' title='bbox 2149 2198 2341 2257; x_wconf 84' lang='lat' dir='ltr'>fnisse.</span> <span class='ocrx_word' id='word_1_176' title='bbox 2375 2203 2581 2276; x_wconf 69' lang='lat' dir='ltr'>Itaque</span> 
     </span>
     <span class='ocr_line' id='line_1_21' title="bbox 517 2293 2581 2375; baseline 0 -20"><span class='ocrx_word' id='word_1_177' title='bbox 517 2293 668 2355; x_wconf 88' lang='lat' dir='ltr'>Milo</span> <span class='ocrx_word' id='word_1_178' title='bbox 695 2294 808 2355; x_wconf 87' lang='lat' dir='ltr'>sibi</span> <span class='ocrx_word' id='word_1_179' title='bbox 839 2295 1086 2375; x_wconf 77' lang='lat' dir='ltr'>loquens</span> <span class='ocrx_word' id='word_1_180' title='bbox 1121 2294 1450 2371; x_wconf 81' lang='lat' dir='ltr'>inducitur,</span> <span class='ocrx_word' id='word_1_181' title='bbox 1491 2307 1559 2355; x_wconf 87' lang='lat' dir='ltr'>ut</span> <span class='ocrx_word' id='word_1_182' title='bbox 1586 2294 1859 2355; x_wconf 78' lang='lat' dir='ltr'>immania</span> <span class='ocrx_word' id='word_1_183' title='bbox 1891 2293 2081 2354; x_wconf 90' lang='lat' dir='ltr'>Clodii</span> <span class='ocrx_word' id='word_1_184' title='bbox 2110 2294 2333 2375; x_wconf 79' lang='lat' dir='ltr'>flagitia</span> <span class='ocrx_word' id='word_1_185' title='bbox 2360 2306 2423 2355; x_wconf 89' lang='lat' dir='ltr'>et</span> <span class='ocrx_word' id='word_1_186' title='bbox 2448 2294 2581 2355; x_wconf 76' lang='lat' dir='ltr'>faci-</span> 
     </span>
     <span class='ocr_line' id='line_1_22' title="bbox 519 2390 2582 2472; baseline 0 -22"><span class='ocrx_word' id='word_1_187' title='bbox 519 2410 668 2451; x_wconf 80' lang='lat' dir='ltr'>nora</span> <span class='ocrx_word' id='word_1_188' title='bbox 714 2406 1048 2466; x_wconf 81' lang='lat' dir='ltr'>enumeret,</span> <span class='ocrx_word' id='word_1_189' title='bbox 1084 2412 1212 2472; x_wconf 77' lang='lat' dir='ltr'>cap.</span> <span class='ocrx_word' id='word_1_190' title='bbox 1250 2411 1356 2467; x_wconf 79' lang='lat'>²73</span> <span class='ocrx_word' id='word_1_191' title='bbox 1391 2390 1649 2471; x_wconf 87' lang='lat' dir='ltr'>ideoque</span> <span class='ocrx_word' id='word_1_192' title='bbox 1692 2410 1961 2471; x_wconf 71' lang='lat' dir='ltr'>magnam</span> <span class='ocrx_word' id='word_1_193' title='bbox 1995 2392 2203 2471; x_wconf 90' lang='lat' dir='ltr'>populi</span> <span class='ocrx_word' id='word_1_194' title='bbox 2244 2393 2469 2451; x_wconf 84' lang='lat' dir='ltr'>romani</span> <span class='ocrx_word' id='word_1_195' title='bbox 2508 2410 2582 2451; x_wconf 86' lang='lat' dir='ltr'>ex</span> 
     </span>
     <span class='ocr_line' id='line_1_23' title="bbox 521 2489 2579 2570; baseline -0 -21"><span class='ocrx_word' id='word_1_196' title='bbox 521 2489 716 2549; x_wconf 88' lang='lat' dir='ltr'>Clodii</span> <span class='ocrx_word' id='word_1_197' title='bbox 747 2490 905 2549; x_wconf 80' lang='lat' dir='ltr'>caede</span> <span class='ocrx_word' id='word_1_198' title='bbox 931 2491 1190 2555; x_wconf 71' lang='lat' dir='ltr'>laetitiam</span> <span class='ocrx_word' id='word_1_199' title='bbox 1225 2510 1350 2553; x_wconf 78' lang='lat' dir='ltr'>esse</span> <span class='ocrx_word' id='word_1_200' title='bbox 1376 2504 1824 2570; x_wconf 78' lang='lat' dir='ltr'>consequutam‚</span> <span class='ocrx_word' id='word_1_201' title='bbox 1854 2490 2287 2549; x_wconf 79' lang='lat' dir='ltr'>demonstretur</span> <span class='ocrx_word' id='word_1_202' title='bbox 2302 2534 2321 2563; x_wconf 93' lang='lat'><strong>,</strong></span> <span class='ocrx_word' id='word_1_203' title='bbox 2352 2510 2481 2570; x_wconf 77' lang='lat' dir='ltr'>cap.</span> <span class='ocrx_word' id='word_1_204' title='bbox 2510 2490 2579 2563; x_wconf 80' lang='lat'>83</span> 
     </span>
     <span class='ocr_line' id='line_1_24' title="bbox 519 2586 2583 2668; baseline 0.001 -23"><span class='ocrx_word' id='word_1_205' title='bbox 519 2605 765 2664; x_wconf 77' lang='lat' dir='ltr'>eamque</span> <span class='ocrx_word' id='word_1_206' title='bbox 789 2586 1006 2647; x_wconf 85' lang='lat' dir='ltr'>caedem</span> <span class='ocrx_word' id='word_1_207' title='bbox 1037 2588 1098 2645; x_wconf 87' lang='lat' dir='ltr'>in</span> <span class='ocrx_word' id='word_1_208' title='bbox 1131 2586 1399 2647; x_wconf 84' lang='lat' dir='ltr'>beneficii</span> <span class='ocrx_word' id='word_1_209' title='bbox 1425 2588 1560 2647; x_wconf 87' lang='lat' dir='ltr'>loco</span> <span class='ocrx_word' id='word_1_210' title='bbox 1588 2587 1922 2667; x_wconf 76' lang='lat' dir='ltr'>ponendam</span> <span class='ocrx_word' id='word_1_211' title='bbox 1950 2608 2073 2647; x_wconf 72' lang='lat' dir='ltr'>esse</span> <span class='ocrx_word' id='word_1_212' title='bbox 2105 2588 2318 2668; x_wconf 76' lang='lat' dir='ltr'>partim</span> <span class='ocrx_word' id='word_1_213' title='bbox 2343 2592 2583 2647; x_wconf 67' lang='grc' dir='ltr'>(ἔκ-ωοο-</span> 
     </span>
     <span class='ocr_line' id='line_1_25' title="bbox 503 2684 2583 2763; baseline 0.002 -22"><span class='ocrx_word' id='word_1_214' title='bbox 503 2702 654 2741; x_wconf 79' lang='lat' dir='ltr'>-rum</span> <span class='ocrx_word' id='word_1_215' title='bbox 675 2684 974 2763; x_wconf 79' lang='lat' dir='ltr'>exemplo,</span> <span class='ocrx_word' id='word_1_216' title='bbox 1003 2684 1106 2763; x_wconf 91' lang='lat' dir='ltr'>qui</span> <span class='ocrx_word' id='word_1_217' title='bbox 1123 2704 1278 2763; x_wconf 81' lang='lat' dir='ltr'>saepe</span> <span class='ocrx_word' id='word_1_218' title='bbox 1303 2698 1584 2762; x_wconf 75' lang='lat' dir='ltr'>tyrannos</span> <span class='ocrx_word' id='word_1_219' title='bbox 1601 2685 1939 2745; x_wconf 71' lang='lat' dir='ltr'>necaverint</span> <span class='ocrx_word' id='word_1_220' title='bbox 1954 2728 1973 2759; x_wconf 88' lang='lat'><strong>,</strong></span> <span class='ocrx_word' id='word_1_221' title='bbox 2002 2703 2323 2763; x_wconf 89' lang='lat' dir='ltr'>eorumque</span> <span class='ocrx_word' id='word_1_222' title='bbox 2342 2685 2583 2745; x_wconf 79' lang='lat' dir='ltr'>interfe-</span> 
     </span>
     <span class='ocr_line' id='line_1_26' title="bbox 523 2780 2583 2863; baseline 0.002 -24"><span class='ocrx_word' id='word_1_223' title='bbox 523 2780 786 2842; x_wconf 82' lang='lat' dir='ltr'>ctoribus</span> <span class='ocrx_word' id='word_1_224' title='bbox 811 2802 1049 2861; x_wconf 80' lang='lat' dir='ltr'>magnos</span> <span class='ocrx_word' id='word_1_225' title='bbox 1075 2782 1332 2845; x_wconf 89' lang='lat' dir='ltr'>honores</span> <span class='ocrx_word' id='word_1_226' title='bbox 1360 2782 1712 2855; x_wconf 85' lang='lat' dir='ltr'>tribuerint,</span> <span class='ocrx_word' id='word_1_227' title='bbox 1742 2802 1873 2863; x_wconf 78' lang='lat' dir='ltr'>cap.</span> <span class='ocrx_word' id='word_1_228' title='bbox 1906 2804 2011 2861; x_wconf 79' lang='lat'>29,</span> <span class='ocrx_word' id='word_1_229' title='bbox 2054 2784 2163 2856; x_wconf 76' lang='lat'>303</span> <span class='ocrx_word' id='word_1_230' title='bbox 2196 2784 2412 2863; x_wconf 76' lang='lat' dir='ltr'>partim</span> <span class='ocrx_word' id='word_1_231' title='bbox 2437 2783 2583 2842; x_wconf 88' lang='lat' dir='ltr'>deo·-</span> 
     </span>
     <span class='ocr_line' id='line_1_27' title="bbox 525 2879 2585 2959; baseline 0.002 -22"><span class='ocrx_word' id='word_1_232' title='bbox 525 2898 659 2937; x_wconf 89' lang='lat' dir='ltr'>rum</span> <span class='ocrx_word' id='word_1_233' title='bbox 692 2879 1105 2942; x_wconf 78' lang='lat' dir='ltr'>immortalium</span> <span class='ocrx_word' id='word_1_234' title='bbox 1149 2892 1299 2939; x_wconf 88' lang='lat' dir='ltr'>nutu</span> <span class='ocrx_word' id='word_1_235' title='bbox 1337 2892 1396 2939; x_wconf 88' lang='lat' dir='ltr'>et</span> <span class='ocrx_word' id='word_1_236' title='bbox 1426 2881 1729 2939; x_wconf 79' lang='lat' dir='ltr'>voluntate</span> <span class='ocrx_word' id='word_1_237' title='bbox 1754 2882 2148 2951; x_wconf 78' lang='lat' dir='ltr'>confirmatur,</span> <span class='ocrx_word' id='word_1_238' title='bbox 2172 2880 2387 2959; x_wconf 88' lang='lat' dir='ltr'>quibus</span> <span class='ocrx_word' id='word_1_239' title='bbox 2413 2882 2585 2957; x_wconf 83' lang='lat' dir='ltr'>hujus</span> 
     </span>
     <span class='ocr_line' id='line_1_28' title="bbox 524 2973 2107 3057; baseline 0.001 -22"><span class='ocrx_word' id='word_1_240' title='bbox 524 2973 798 3037; x_wconf 82' lang='lat' dir='ltr'>beneficii</span> <span class='ocrx_word' id='word_1_241' title='bbox 819 2978 1006 3057; x_wconf 78' lang='lat' dir='ltr'>gratia</span> <span class='ocrx_word' id='word_1_242' title='bbox 1027 2977 1393 3057; x_wconf 84' lang='lat' dir='ltr'>potissimum</span> <span class='ocrx_word' id='word_1_243' title='bbox 1419 2976 1726 3052; x_wconf 84' lang='lat' dir='ltr'>debeatur,</span> <span class='ocrx_word' id='word_1_244' title='bbox 1756 2996 1884 3055; x_wconf 76' lang='lat' dir='ltr'>cap.</span> <span class='ocrx_word' id='word_1_245' title='bbox 1905 2978 2107 3037; x_wconf 80' lang='lat'>31-33.</span> 
     </span>
     <span class='ocr_line' id='line_1_29' title="bbox 605 3073 2587 3157; baseline 0.002 -26"><span class='ocrx_word' id='word_1_246' title='bbox 605 3076 678 3131; x_wconf 91' lang='lat' dir='ltr'>In</span> <span class='ocrx_word' id='word_1_247' title='bbox 703 3074 1076 3152; x_wconf 83' lang='lat' dir='ltr'>peroratione</span> <span class='ocrx_word' id='word_1_248' title='bbox 1088 3073 1316 3153; x_wconf 82' lang='lat' dir='ltr'>judiees</span> <span class='ocrx_word' id='word_1_249' title='bbox 1332 3073 1721 3154; x_wconf 84' lang='lat' dir='ltr'>implorantur</span> <span class='ocrx_word' id='word_1_250' title='bbox 1735 3116 1754 3145; x_wconf 87' lang='lat'><strong>,</strong></span> <span class='ocrx_word' id='word_1_251' title='bbox 1772 3086 1841 3132; x_wconf 83' lang='lat' dir='ltr'>ut</span> <span class='ocrx_word' id='word_1_252' title='bbox 1852 3073 2306 3157; x_wconf 64' lang='lat' dir='ltr'>misericordiam</span> <span class='ocrx_word' id='word_1_253' title='bbox 2330 3075 2587 3135; x_wconf 70' lang='lat' dir='ltr'>tn&#39;buant</span> 
     </span>
     <span class='ocr_line' id='line_1_30' title="bbox 528 3169 2585 3252; baseline 0.001 -24"><span class='ocrx_word' id='word_1_254' title='bbox 528 3169 840 3232; x_wconf 79' lang='lat' dir='ltr'>fortissimo</span> <span class='ocrx_word' id='word_1_255' title='bbox 853 3172 1001 3245; x_wconf 82' lang='lat' dir='ltr'>viro,</span> <span class='ocrx_word' id='word_1_256' title='bbox 1023 3192 1198 3251; x_wconf 82' lang='lat' dir='ltr'>quam</span> <span class='ocrx_word' id='word_1_257' title='bbox 1222 3186 1465 3251; x_wconf 89' lang='lat' dir='ltr'>propter</span> <span class='ocrx_word' id='word_1_258' title='bbox 1483 3172 1879 3231; x_wconf 77' lang='lat' dir='ltr'>innocentiam</span> <span class='ocrx_word' id='word_1_259' title='bbox 1896 3184 1957 3231; x_wconf 87' lang='lat' dir='ltr'>et</span> <span class='ocrx_word' id='word_1_260' title='bbox 1976 3170 2318 3250; x_wconf 75' lang='lat' dir='ltr'>dignitatem</span> <span class='ocrx_word' id='word_1_261' title='bbox 2338 3192 2447 3233; x_wconf 86' lang='lat' dir='ltr'>nec</span> <span class='ocrx_word' id='word_1_262' title='bbox 2462 3174 2585 3252; x_wconf 82' lang='lat' dir='ltr'>ipse</span> 
     </span>
     <span class='ocr_line' id='line_1_31' title="bbox 414 3268 2413 3347; baseline 0 -20"><span class='ocrx_word' id='word_1_263' title='bbox 414 3314 420 3321; x_wconf 95' lang='lat'>.</span> <span class='ocrx_word' id='word_1_264' title='bbox 523 3268 827 3347; x_wconf 84' lang='lat' dir='ltr'>imploret,</span> <span class='ocrx_word' id='word_1_265' title='bbox 855 3290 966 3329; x_wconf 87' lang='lat' dir='ltr'>nee</span> <span class='ocrx_word' id='word_1_266' title='bbox 991 3290 1024 3328; x_wconf 86' lang='lat' dir='ltr'><strong>a</strong></span> <span class='ocrx_word' id='word_1_267' title='bbox 1051 3268 1359 3328; x_wconf 86' lang='lat' dir='ltr'>defensore</span> <span class='ocrx_word' id='word_1_268' title='bbox 1394 3288 1503 3329; x_wconf 84' lang='lat' dir='ltr'>suo</span> <span class='ocrx_word' id='word_1_269' title='bbox 1528 3268 1834 3347; x_wconf 82' lang='lat' dir='ltr'>implorari</span> <span class='ocrx_word' id='word_1_270' title='bbox 1855 3268 2023 3339; x_wconf 82' lang='lat' dir='ltr'>velit,</span> <span class='ocrx_word' id='word_1_271' title='bbox 2047 3286 2175 3346; x_wconf 79' lang='lat' dir='ltr'>cap.</span> <span class='ocrx_word' id='word_1_272' title='bbox 2202 3270 2413 3337; x_wconf 70' lang='lat'><strong>34-38.</strong></span> 
     </span>
    </p>

    <p class='ocr_par' dir='ltr' id='par_1_2' title="bbox 418 3364 2594 3907">
     <span class='ocr_line' id='line_1_32' title="bbox 605 3364 2587 3443; baseline 0 -18"><span class='ocrx_word' id='word_1_273' title='bbox 605 3369 878 3425; x_wconf 84' lang='lat' dir='ltr'>Ceterum</span> <span class='ocrx_word' id='word_1_274' title='bbox 901 3386 1036 3425; x_wconf 87' lang='lat' dir='ltr'>cum</span> <span class='ocrx_word' id='word_1_275' title='bbox 1055 3365 1166 3428; x_wconf 81' lang='lat' dir='ltr'>hac</span> <span class='ocrx_word' id='word_1_276' title='bbox 1191 3364 1459 3423; x_wconf 77' lang='lat' dir='ltr'>oratione</span> <span class='ocrx_word' id='word_1_277' title='bbox 1483 3378 1545 3425; x_wconf 93' lang='lat' dir='ltr'>et</span> <span class='ocrx_word' id='word_1_278' title='bbox 1572 3365 1811 3425; x_wconf 76' lang='lat' dir='ltr'>Asconii</span> <span class='ocrx_word' id='word_1_279' title='bbox 1834 3377 2243 3443; x_wconf 82' lang='lat' dir='ltr'>argumentum</span> <span class='ocrx_word' id='word_1_280' title='bbox 2258 3409 2276 3438; x_wconf 90' lang='lat'><strong>,</strong></span> <span class='ocrx_word' id='word_1_281' title='bbox 2302 3378 2365 3424; x_wconf 86' lang='lat' dir='ltr'>et</span> <span class='ocrx_word' id='word_1_282' title='bbox 2382 3365 2587 3425; x_wconf 87' lang='lat' dir='ltr'>Dionis</span> 
     </span>
     <span class='ocr_line' id='line_1_33' title="bbox 526 3459 2590 3540; baseline 0.001 -20"><span class='ocrx_word' id='word_1_283' title='bbox 526 3462 712 3520; x_wconf 84' lang='lat' dir='ltr'>Cassii</span> <span class='ocrx_word' id='word_1_284' title='bbox 741 3461 846 3519; x_wconf 85' lang='lat' dir='ltr'>lib.</span> <span class='ocrx_word' id='word_1_285' title='bbox 869 3465 1013 3533; x_wconf 81' lang='lat' dir='ltr'>XL,</span> <span class='ocrx_word' id='word_1_286' title='bbox 1054 3459 1313 3518; x_wconf 80' lang='lat' dir='ltr'>narratio</span> <span class='ocrx_word' id='word_1_287' title='bbox 1340 3460 1731 3540; x_wconf 70' lang='lat' dir='ltr'>comparanda</span> <span class='ocrx_word' id='word_1_288' title='bbox 1758 3474 1877 3533; x_wconf 84' lang='lat' dir='ltr'>est,</span> <span class='ocrx_word' id='word_1_289' title='bbox 1928 3480 2001 3519; x_wconf 84' lang='lat' dir='ltr'>ex</span> <span class='ocrx_word' id='word_1_290' title='bbox 2037 3460 2249 3539; x_wconf 88' lang='lat' dir='ltr'>quibus</span> <span class='ocrx_word' id='word_1_291' title='bbox 2283 3461 2399 3520; x_wconf 91' lang='lat' dir='ltr'>hoc</span> <span class='ocrx_word' id='word_1_292' title='bbox 2432 3476 2590 3523; x_wconf 83' lang='lat' dir='ltr'>certe</span> 
     </span>
     <span class='ocr_line' id='line_1_34' title="bbox 418 3556 2592 3637; baseline 0.003 -24"><span class='ocrx_word' id='word_1_293' title='bbox 418 3618 441 3634; x_wconf 30' lang='grc' dir='ltr'>ἱ</span> <span class='ocrx_word' id='word_1_294' title='bbox 527 3556 896 3635; x_wconf 80' lang='lat' dir='ltr'>intelligitur,</span> <span class='ocrx_word' id='word_1_295' title='bbox 925 3556 1150 3615; x_wconf 76' lang='lat' dir='ltr'>etiamsi</span> <span class='ocrx_word' id='word_1_296' title='bbox 1191 3556 1380 3617; x_wconf 84' lang='lat' dir='ltr'>Clodii</span> <span class='ocrx_word' id='word_1_297' title='bbox 1425 3557 1614 3617; x_wconf 79' lang='lat' dir='ltr'>caedes</span> <span class='ocrx_word' id='word_1_298' title='bbox 1657 3571 1717 3617; x_wconf 90' lang='lat' dir='ltr'>et</span> <span class='ocrx_word' id='word_1_299' title='bbox 1754 3556 2100 3634; x_wconf 77' lang='lat' dir='ltr'>justissima,</span> <span class='ocrx_word' id='word_1_300' title='bbox 2150 3568 2209 3615; x_wconf 92' lang='lat' dir='ltr'>et</span> <span class='ocrx_word' id='word_1_301' title='bbox 2252 3557 2592 3637; x_wconf 84' lang='lat' dir='ltr'>reipublicae</span> 
     </span>
     <span class='ocr_line' id='line_1_35' title="bbox 525 3652 2593 3733; baseline 0.003 -22"><span class='ocrx_word' id='word_1_302' title='bbox 525 3652 830 3714; x_wconf 79' lang='lat' dir='ltr'>utilissima</span> <span class='ocrx_word' id='word_1_303' title='bbox 859 3652 1066 3725; x_wconf 86' lang='lat' dir='ltr'>fuerit,</span> <span class='ocrx_word' id='word_1_304' title='bbox 1097 3666 1285 3713; x_wconf 79' lang='lat' dir='ltr'>tamen</span> <span class='ocrx_word' id='word_1_305' title='bbox 1313 3653 1388 3714; x_wconf 82' lang='lat' dir='ltr'>ab</span> <span class='ocrx_word' id='word_1_306' title='bbox 1417 3656 1546 3733; x_wconf 85' lang='lat' dir='ltr'>ipso</span> <span class='ocrx_word' id='word_1_307' title='bbox 1571 3654 1829 3713; x_wconf 81' lang='lat' dir='ltr'>facinore</span> <span class='ocrx_word' id='word_1_308' title='bbox 1857 3654 2138 3713; x_wconf 86' lang='lat' dir='ltr'>Milonem</span> <span class='ocrx_word' id='word_1_309' title='bbox 2162 3674 2281 3712; x_wconf 88' lang='lat' dir='ltr'>non</span> <span class='ocrx_word' id='word_1_310' title='bbox 2310 3667 2425 3714; x_wconf 79' lang='lat' dir='ltr'>tam</span> <span class='ocrx_word' id='word_1_311' title='bbox 2450 3657 2593 3717; x_wconf 81' lang='lat' dir='ltr'>alie-</span> 
     </span>
     <span class='ocr_line' id='line_1_36' title="bbox 527 3748 2594 3828; baseline 0.005 -21"><span class='ocrx_word' id='word_1_312' title='bbox 527 3769 668 3808; x_wconf 87' lang='lat' dir='ltr'>num</span> <span class='ocrx_word' id='word_1_313' title='bbox 693 3748 896 3822; x_wconf 85' lang='lat' dir='ltr'>fuisse,</span> <span class='ocrx_word' id='word_1_314' title='bbox 915 3768 1091 3828; x_wconf 78' lang='lat' dir='ltr'>quam</span> <span class='ocrx_word' id='word_1_315' title='bbox 1114 3770 1248 3809; x_wconf 86' lang='lat' dir='ltr'>eum</span> <span class='ocrx_word' id='word_1_316' title='bbox 1268 3750 1477 3810; x_wconf 86' lang='lat' dir='ltr'>Cicero</span> <span class='ocrx_word' id='word_1_317' title='bbox 1500 3750 1561 3809; x_wconf 86' lang='lat' dir='ltr'>in</span> <span class='ocrx_word' id='word_1_318' title='bbox 1584 3749 1923 3810; x_wconf 81' lang='lat' dir='ltr'>defensione</span> <span class='ocrx_word' id='word_1_319' title='bbox 1942 3750 2309 3811; x_wconf 82' lang='lat' dir='ltr'>callidissime</span> <span class='ocrx_word' id='word_1_320' title='bbox 2330 3752 2594 3817; x_wconf 82' lang='lat' dir='ltr'>instituta</span> 
     </span>
     <span class='ocr_line' id='line_1_37' title="bbox 527 3842 1016 3907; baseline 0.004 -4"><span class='ocrx_word' id='word_1_321' title='bbox 527 3846 718 3907; x_wconf 84' lang='lat' dir='ltr'>videri</span> <span class='ocrx_word' id='word_1_322' title='bbox 746 3842 1016 3906; x_wconf 61' lang='lat' dir='ltr'>voluerit}</span> 
     </span>
    </p>
   </div>
   <div class='ocr_carea' id='block_1_2' title="bbox 1069 4011 1964 4045">
    <p class='ocr_par' dir='ltr' id='par_1_3' title="bbox 1069 4011 1964 4045">
     <span class='ocr_line' id='line_1_38' title="bbox 1069 4011 1964 4045; baseline 0 -8"><span class='ocrx_word' id='word_1_323' title='bbox 1069 4011 1964 4045; x_wconf 49' lang='lat'>*—</span> 
     </span>
    </p>
   </div>
   <div class='ocr_carea' id='block_1_3' title="bbox 2952 2324 2960 3105">
    <p class='ocr_par' dir='ltr' id='par_1_4' title="bbox 2952 2324 2960 3105">
     <span class='ocr_line' id='line_1_39' title="bbox 2952 2324 2960 3105; baseline 0 0"><span class='ocrx_word' id='word_1_324' title='bbox 2952 2324 2960 3105; x_wconf 95' lang='lat' dir='ltr'> </span> 
     </span>
    </p>
   </div>
  </div>
 </body>
</html>
