2996 4694
644 389 1040 464 ORATIO
1092 391 1301 460 PRO
1350 389 1644 462 REGE
1690 389 2258 462 DEJOTARO.
2371 389 2518 464 623

384 519 632 604 visses‚
646 513 1049 586 rediturum
1072 511 1393 584 dixeras:
1414 513 1660 610 itaque
1687 509 1986 584 fecisti2.
2015 517 2284 585 Horam
2299 537 2523 588 unam

385 640 511 697 aut
545 625 725 696 duas
758 621 1021 694 eodem
1066 621 1231 694 loco
1270 636 1624 710 armatos,
1673 637 1758 724 ut
1793 611 2125 695 collocati
2158 623 2528 716 fuerant³‚

385 738 701 808 retinere
734 757 1083 832 magnum
1124 729 1307 804 fuit?
1340 736 1588 824 Quum
1635 735 1710 803 in
1755 735 2088 806 convivio
2125 737 2430 808 comiter
2455 751 2530 808 et

380 847 705 942 jucunde
750 843 1042 931 fuisses,
1087 857 1237 914 tum
1286 843 1459 914 illuc
1503 845 1670 914 isti⁴
1697 894 1718 931 ,
1769 857 1852 916 ut
1899 843 2202 916 dixeras.
2243 848 2410 937 Quo
2451 849 2526 920 in

385 957 551 1030 loco
585 957 1008 1052 Dejotarum
1058 953 1273 1025 talem
1314 977 1481 1050 erga
1531 943 1603 1026 te
1647 954 2046 1052 cognovisti
2066 1010 2086 1045 ,
2135 955 2370 1053 qualis
2401 979 2528 1030 rex

386 1068 665 1140 Attalus
684 1057 713 1112 ⁵
760 1069 837 1138 in
874 1070 953 1136 P.
987 1062 1401 1148 Africanum
1440 1061 1578 1136 fuit
1610 1087 1627 1132 ε
1665 1065 1782 1136 cui
1823 1060 2530 1162 mhgnificentissima

388 1178 618 1264 dona,
664 1193 751 1250 ut
798 1177 1149 1275 scriptum
1200 1175 1508 1273 legimus
1527 1171 1587 1262 ⁶,
1637 1200 1872 1273 usque
1927 1176 2020 1248 ad
2065 1179 2524 1250 Numantiam

388 1288 582 1364 misit
628 1310 722 1358 ex
764 1286 961 1372 Asia;
1014 1307 1175 1383 quae
1224 1282 1600 1357 Africanus
1619 1341 1639 1374 ,
1679 1289 2128 1386 inspectante
2167 1291 2491 1360 exercitu
2508 1343 2544 1388 ,t

386 1397 681 1496 accepit.
714 1395 933 1488 Quod
972 1419 1203 1493 quum
1237 1419 1550 1495 praesens
1583 1397 2008 1493 chotarus,
2041 1400 2242 1496 regio
2269 1413 2344 1471 et
2373 1401 2530 1470 ani·

386 1529 511 1577 mo
568 1521 645 1580 et
696 1528 929 1594 more,
987 1505 1314 1594 fecissen
1376 1521 1457 1578 tu
1511 1509 1587 1578 in
1650 1507 2068 1582 cubiculum
2125 1509 2530 1592 discessisti.

384 1615 741 1704 Obsecro,
800 1620 1035 1688 Caesar
1054 1669 1075 1703 ,
1124 1631 1375 1713 repete
1430 1619 1781 1715 temporis
1829 1617 2021 1690 illius
2073 1621 2531 1711 memoriam3

386 1753 584 1826 pone
626 1728 837 1799 illum
892 1741 1062 1798 ante
1118 1727 1373 1798 oculos
1411 1727 1650 1814 diem;
1691 1728 1936 1798 vultu‘s
1985 1728 2368 1801 hominum
2393 1743 2420 1787 ⁹
2457 1745 2528 1802 te

387 1839 827 1910 intuentium
864 1849 1083 1932 atque
1116 1835 1628 1913 admirantium
1657 1837 2042 1910 recordare
2087 1865 2104 1907 t
2147 1863 2325 1911 num
2363 1867 2528 1938 quae

386 1944 817 2045 trepidatio?
856 1969 1036 2015 num
1088 1945 1217 2041 qui
1256 1945 1668 2016 tumultus?
1717 1969 1894 2015 num
1933 1945 2147 2042 quid,
2193 1949 2330 2019 nisi
2367 1973 2528 2021 mo-

377 2055 669 2142 derate,
698 2053 835 2126 nisi
860 2055 1109 2149 quiete
1130 2107 1150 2142 ,
1178 2055 1315 2124 nisi
1349 2079 1440 2125 ex
1469 2054 1786 2142 hominis
1816 2057 2208 2151 gravissimi
2245 2071 2320 2129 et
2369 2083 2529 2135 san·

386 2165 695 2236 ctissimi‘
762 2161 1187 2260 disciplina?
1262 2162 1459 2253 Quid
1537 2165 1758 2261 igitur
1828 2187 2059 2236 causae
2137 2169 2526 2264 excogitari

387 2288 668 2374 potest,
721 2297 853 2344 cur
910 2287 980 2344 tc
1032 2271 1307 2344 lautum
1361 2273 1674 2345 voluerit
1691 2267 1749 2362 ⁸,
1793 2287 2160 2346 coenatum
2209 2276 2526 2351 noluerit

390 2384 767 2457 occidere?
822 2390 907 2455 In
968 2398 1385 2481 posterum,
1445 2385 1719 2482 inquit,
1775 2383 1970 2455 diem
2036 2384 2353 2474 distulit,
2401 2402 2523 2480 ut,

389 2520 623 2593 quum
657 2496 732 2566 in
762 2493 1133 2565 castellum
1164 2496 1514 2575 Luceium
1533 2507 1566 2557 9
1605 2492 1904 2567 ventum
1933 2510 2120 2569 esset
2139 2550 2160 2583 ,
2189 2494 2290 2567 ibi
2325 2500 2524 2595 cogi·-

388 2618 533 2675 tata
575 2602 973 2703 perficeret.
1008 2606 1170 2675 Non
1206 2603 1421 2675 video
1460 2628 1747 2677 causam
1783 2604 1924 2677 loci
1952 2602 2284 2677 mutandi
2334 2632 2352 2677 ε
2397 2606 2525 2679 sed

389 2729 631 2787 tamen
661 2724 887 2785 acta¹⁰
912 2737 1029 2785 res
1048 2715 1432 2788 criminose
1455 2730 1586 2809 est.
1613 2717 1900 2807 Quum,
1927 2716 2204 2813 inquit,
2229 2742 2526 2791 vomere

463 2896 508 2929 τι.
530 2873 895 2943 Itaquefecim‘.
915 2878 1149 2927 Coenatus
1166 2878 1230 2927 nd
1250 2880 1409 2946 inspi-

390 2956 559 3006 cienda
592 2972 789 3019 munera
824 2968 874 3005 te
908 2956 1189 3015 contulisti,
1214 2967 1269 3004 ut
1296 2971 1409 3008 ante

389 3052 575 3086 coenam
604 3046 651 3084 tc
678 3036 915 3084 facturum
939 3051 1043 3083 esse
1066 3036 1372 3099 promiseras.

462 3118 511 3166 3.
532 3118 760 3164 Fuerant.
787 3113 871 3163 Al.
891 3112 1102 3175 ficerunt.
1119 3114 1170 3162 J.
1194 3116 1259 3162 V.
1276 3116 1333 3163 L.

462 3205 515 3253 4.
540 3196 651 3243 mi.
681 3192 1079 3244 Al.1·v1·sei.s.v.
1104 3180 1160 3241 1¹..

461 3274 511 3325 5.
546 3274 753 3322 Attalus.
776 3274 893 3321 Ant.
934 3270 1275 3329 Bendiuellus‚
1298 3274 1407 3321 Ro·

388 3352 654 3413 hortellos,
683 3352 863 3417 aliique
896 3351 1067 3417 legunt
1101 3350 1371 3400 Antiochus
1391 3385 1407 3412 ,

390 3450 449 3482 ex
489 3434 702 3499 Epitom.
748 3431 935 3480 Livian.
966 3430 1049 3492 57.
1084 3430 1133 3480 J.
1156 3433 1223 3480 V.
1244 3434 1303 3480 1..
1338 3458 1411 3469 --

387 3515 570 3562 Verum
606 3511 801 3562 codices
838 3528 1005 3561 omnes
1040 3510 1261 3559 Attalum
1289 3510 1411 3561 rese-

390 3602 505 3640 rnnt
520 3626 537 3652 ,
564 3592 876 3641 consentiunt
902 3591 1047 3638 etism
1067 3590 1379 3638 Ambrosinni
1405 3626 1421 3651 ‚

390 3682 447 3719 ut
476 3682 677 3719 testatur
693 3669 913 3737 Angelus
944 3668 1084 3728 Μαί,·
1120 3668 1311 3718 credam
1346 3669 1411 3718 il-

388 3747 477 3796 lud
497 3765 599 3797 esse
620 3749 871 3800 Ciceronis
909 3746 1187 3819 ἁμάρτημα
1227 3766 1415 3819 μνῆμα·

388 3828 535 3879 ναόν.

460 3908 512 3955 6.
542 3910 606 3954 Ue
641 3906 873 3973 seriptum
918 3906 1137 3972 legimus.
1162 3910 1223 3957 Iu
1252 3908 1321 3955 eis
1354 3906 1415 3955 li·

387 3984 489 4033 bris
503 4018 519 4043 ,
534 3984 716 4050 quibus
741 3997 871 4035 caret
889 3996 1007 4034 ειη
1017 3997 1198 4037 nostra.
1221 4012 1290 4025 --
1312 3986 1413 4035 Nu-

388 4064 649 4131 mqntiam.
666 4064 915 4130 Hispania
930 4064 1119 4125 urbem,
1131 4082 1276 4131 qnam
1290 4064 1414 4113 Asti-

389 4160 539 4193 canus
564 4156 755 4211 ceptam
773 4144 967 4194 delevit.

1572 2896 1620 2949 7.
1665 2880 1840 2930 Vultus
1891 2878 2158 2931 hominum.
2213 2882 2313 2945 Qui
2363 2898 2524 2931 sermo

1495 2958 1698 3025 quidam
1725 2960 1903 3008 tecitus
1936 2962 2112 3009 mentis
2137 2972 2228 3011 est.
2266 2962 2347 3009 Sic
2375 2961 2522 3010 etiam

1496 3053 1589 3102 pro
1609 3038 1830 3094 Milone,
1855 3054 1962 3102 csp.
1986 3040 2051 3087 23
2071 3053 2086 3087 :
2113 3040 2188 3086 -Ε
2211 3038 2352 3087 vultu
2373 3035 2523 3088 Milo-

1495 3116 1604 3185 nis,
1615 3126 1710 3165 etc.
1727 3117 2148 3167 n—Ineuentium.
2171 3119 2356 3167 Eodem
2379 3136 2522 3171 seusu

1493 3196 1549 3243 in
1567 3194 1831 3245 Maniliana
1851 3209 1867 3243 :
1904 3214 1928 3237 ιι
1954 3194 2089 3244 Sicut
2108 3196 2316 3260 aliquem
2337 3214 2442 3247 non
2460 3214 2522 3249 ex

1496 3274 1588 3323 hac
1617 3274 1737 3322 urbe
1761 3274 1959 3322 missum
1977 3310 1994 3336 ‚
2028 3274 2119 3323 sed
2155 3275 2215 3325 de
2242 3276 2363 3329 caelo
2385 3276 2523 3327 dels-

1495 3369 1640 3418 psnm
1674 3354 1930 3403 intuentur
1947 3374 1990 3401 n.

1570 3433 1620 3481 8.
1651 3436 1716 3481 Te
1736 3432 1923 3481 lautum
1940 3432 2166 3483 volucrit.
2193 3432 2446 3486 Occidere.

1572 3528 1624 3575 9.
1644 3510 1904 3563 Castellum
1931 3510 2177 3563 Luceium.
2198 3516 2418 3580 Apparet
2441 3531 2523 3564 ca-

1498 3590 1694 3641 stellum
1731 3592 1784 3639 iu
1809 3590 2044 3639 suburbio
2071 3592 2248 3656 fuisse,
2275 3602 2358 3641 aut
2379 3594 2522 3659 regiae

1498 3672 1782 3735 proximum
1797 3703 1813 3728 ,
1848 3670 1914 3717 itt
1939 3681 1998 3719 ut
2015 3670 2174 3719 Cur
2194 3670 2258 3719 sd
2283 3670 2409 3720 illud
2434 3688 2520 3719 ac·

1500 3750 1726 3810 cesserit,
1748 3748 1865 3797 dum
1885 3748 2062 3815 regium
2083 3748 2312 3811 intr-req
2339 3744 2517 3814 posu-f-

1501 3827 1581 3879 die
1616 3838 1776 3878 nutem
1821 3826 2053 3876 invitatus
2085 3828 2233 3876 fuerit
2260 3826 2322 3875 ad
2351 3828 2522 3877 couvi·

1500 3906 1634 3957 vium
1651 3908 1704 3956 iu
1721 3906 1918 3956 castello
1931 3906 2113 3955 Luccio
2129 3904 2492 3957 celebrandum.

1575 4002 1658 4038 xo.
1686 3984 1838 4037 Acta.
1867 3988 2054 4039 Ernest.
2074 3986 2276 4047 conjicit
2291 4020 2306 4047 ,
2346 3986 2482 4035 dicta
2501 4006 2524 4046 ,-

1500 4063 1698 4115 Schiitz.
1725 4068 1780 4115 in
1823 4064 2045 4113 ordinem
2087 4064 2282 4130 recepit.
2316 4068 2525 4116 Frustra.

1498 4146 1550 4193 J.
1571 4147 1639 4193 V.
1671 4146 1726 4192 1..
