2996 4694
810 411 1185 482 oRA‘rlo
1236 410 1437 478 PRo
1486 411 1564 476 P.
1618 407 2025 480 SEXTIO.
2377 369 2504 510 97¹

404 531 709 607 -·XL1x.
766 533 993 604 Multa
1051 531 1265 603 etiam
1292 533 1562 602 'nostra
1613 532 2034 619 memoria¹‚
2088 537 2248 630 quae
2299 559 2477 606 con-

363 646 555 717 sulto
594 658 973 743 praetereo,
1009 641 1303 713 fuerunt
1348 642 1425 711 in
1462 665 1544 712 ea
1581 644 2049 712 contentione
2077 694 2098 729 ‚
2131 657 2216 712 ut
2249 669 2482 743 popu-

366 756 531 826 laris
568 751 913 850 cupiditas
948 776 989 822 a
1025 751 1325 823 consilio
1364 751 1820 848 principum²
1851 749 2244 824 dissideret.
2271 759 2482 828 Nunc

360 868 508 960 jam
546 865 723 935 nihil
761 877 900 950 est,
953 861 1151 959 quod
1191 861 1508 959 populus
1543 885 1584 930 a
1621 858 1960 932 delectis³
1997 863 2478 959 principibus·

364 999 511 1072 que
555 974 962 1059 dissent-ian
1002 997 1139 1044 nec
1174 971 1444 1067 flagitat
1482 995 1636 1042 rem
1681 969 1940 1060 ullam;
1987 997 2226 1069 neque
2269 996 2484 1046 nova-.-

364 1109 525 1154 rum
588 1109 828 1155 rerum
894 1096 1002 1153 est
1054 1079 1396 1178 cupidus3
1460 1093 1534 1152 et
1591 1081 1743 1150 otio
1803 1103 1979 1168 suo,
2025 1095 2098 1151 et
2138 1080 2484 1179 dignitate·

364 1195 622 1292 optimi
678 1193 1068 1288 cujusque,
1118 1205 1191 1261 et
1244 1191 1590 1261 universae
1639 1187 2050 1287 reipublicae
2089 1190 2318 1287 gloria
2361 1189 2485 1262 de-

362 1303 684 1375 lectatur.
731 1308 985 1398 Itaque
1025 1301 1357 1370 homines
1388 1299 1704 1370 seditiosi
1737 1322 1819 1370 ac
1845 1297 2242 1370 turbulenti
2262 1352 2282 1386 ‚
2311 1301 2482 1396 quia

364 1414 559 1485 nulla
616 1414 762 1509 jam
822 1411 1197 1506 largitione
1262 1408 1620 1506 populum
1685 1431 2066 1478 romanum
2125 1410 2484 1482 concitare

360 1537 699 1621 possunt,
744 1518 946 1618 quod
979 1517 1185 1616 plebs
1221 1517 1600 1617 perfuncta
1645 1518 2070 1613 gravissimis
2113 1516 2482 1588 seditioni-

361 1632 503 1703 bus
548 1657 628 1702 ac
684 1627 1053 1701 discordiis
1109 1629 1341 1700 otium
1392 1626 1606 1697 malle
1647 1625 1996 1714 videatur,
2040 1625 2484 1698 conductas‘*

359 1740 637 1811 habent
674 1742 1061 1810 ‘conciones
1092 1765 1109 1806 ε
1152 1762 1390 1834 neque
1418 1737 1495 1806 id
1531 1750 1790 1833 agunt,
1825 1749 1911 1805 ut
1945 1759 2028 1806 ea
2057 1733 2331 1823 dicant,
2359 1749 2488 1806 aut

360 1847 627 1936 ferant,
669 1873 834 1945 quae
876 1846 981 1916 illi
1016 1844 1239 1916 velint
1274 1845 1559 1932 audire,
1595 1847 1834 1942 quiin
1877 1847 2228 1916 concione
2277 1861 2481 1930 sunt;

364 1956 491 2029 sed
538 1961 771 2053 pretio
831 1980 915 2028 ac
966 1952 1299 2027 mercede
1344 1953 1766 2053 perficiunt,
1802 1967 1926 2043 ut,
1972 1951 2326 2052 quidquid
2369 1953 2480 2025 di·

310 2105 315 2114 ·
360 2079 565 2150 cant,
614 2065 687 2134 id
732 2063 836 2134 illi
874 2061 1057 2134 velle
1098 2063 1343 2134 audire
1386 2062 1783 2136 videantur.
1844 2065 2032 2134 Num
2079 2089 2206 2135 vos
2245 2067 2484 2138 existi-

364 2176 596 2262 matis,
642 2171 1039 2261 Gracchos,
1068 2187 1195 2242 aut
1229 2177 1731 2259 Saturninum,
1767 2187 1890 2242 aut
1931 2196 2368 2271 quemquam
2397 2174 2487 2245 il-

350 2285 597 2357 -lorum
655 2297 981 2357 veterum
1008 2337 1028 2371 ‚
1092 2283 1219 2380 qui
1271 2283 1656 2379 populares
1711 2280 2196 2370 habebantur,
2247 2282 2482 2358 ullum

358 2420 707 2492 umquam
774 2395 850 2464 in
914 2394 1265 2463 concione
1318 2392 1652 2463 habuisse
1705 2390 2201 2463 conductum?
2261 2419 2480 2467 nemo

360 2504 635 2577 habuit.
661 2511 823 2603 Ipsa
848 2505 1042 2575 enim
1069 2501 1349 2600 largitio
1366 2556 1385 2589 ,
1420 2516 1491 2573 et
1521 2525 1682 2599 spes
1710 2501 2070 2574 commodi
2099 2508 2475 2599 propositi,

358 2618 513 2687 sine
574 2613 904 2686 mercede
965 2612 1109 2683 ulla
1158 2612 1693 2685 multitudinem
1747 2611 2172 2684 concitabat.
2225 2617 2479 2711 Itaque

357 2722 809 2822 temporibus
850 2721 1021 2809 illis,
1072 2722 1197 2818 qui
1235 2722 1619 2821 populares
1665 2736 1905 2809 erant,
1953 2719 2475 2793 offendebant⁵

356 2835 461 2906 illi
519 2834 815 2931 quidem
866 2832 1059 2927 apud
1112 2856 1359 2929 graves
1412 2846 1483 2903 et
1544 2831 1888 2905 honestos
1937 2832 2304 2917 homines,
2349 2831 2476 2905 sed

355 2946 609 3044 populi
641 2940 974 3041 judiciis⁶
1008 2957 1225 3041 atque
1254 2944 1457 3013 omni
1492 2941 2052 3040 significatione⁷
2091 2942 2478 3015 florebant.

354 3107 571 3145 mentum
607 3097 859 3161 publicum
874 3131 889 3155 ,
924 3096 1063 3158 cuins
1095 3096 1371 3145 venditione
1532 3104 1582 3152 4.
1639 3096 1924 3146 conductas.
1972 3097 2196 3145 Mercede
2243 3108 2436 3147 cotetae
2463 3112 2478 3147 :

354 3176 613 3238 quotannis
634 3176 689 3223 in
712 3176 930 3224 erarium
952 3190 1135 3238 magne
1153 3178 1373 3239 pecunias
1461 3174 1659 3239 qnando
1682 3184 1764 3223 sna
1795 3186 1972 3239 sponte
1999 3174 2138 3239 plebs
2160 3174 2228 3223 ed
2251 3191 2330 3223 ees
2356 3192 2477 3225 eon-

354 3255 699 3317 int'erebantur,
710 3254 846 3319 plebi
858 3256 1005 3319 gratis
1019 3254 1123 3302 dari
1134 3254 1217 3302 lex
1230 3256 1375 3303 Gree-
1461 3254 1628 3303 cionee
1637 3288 1655 3311 ,
1674 3271 1784 3318 qnae
1801 3271 1830 3301 ι
1851 3254 2142 3303 turbulentis
2161 3270 2218 3303 ae
2237 3255 2480 3305 seditiosis

359 3334 437 3381 chi
450 3335 659 3394 juberet.
1461 3334 1670 3381 tribunis
1685 3334 1754 3398 pl.
1773 3332 2028 3391 habentur,
2053 3333 2184 3380 coire
2199 3348 2302 3382 non
2319 3334 2442 3384 vnit.

426 3414 610 3462 xux.
655 3429 700 3462 1.
736 3415 921 3462 Nostra
944 3410 1189 3461 memoria.
1224 3410 1369 3460 Medi
1529 3409 1580 3461 5.
1625 3412 1970 3477 Offindebant.
2012 3414 2072 3458 In
2107 3411 2278 3461 odium
2315 3414 2481 3462 venie-

323 3536 331 3544 ,
355 3500 405 3538 et
452 3490 601 3539 snuae
641 3494 939 3555 temporibus
972 3507 989 3541 ε
1038 3508 1149 3539 nem
1194 3490 1369 3538 deinde

354 3568 494 3633 plebs
508 3583 539 3615 a
556 3570 775 3632 putribus
794 3582 879 3619 aut
896 3584 999 3618 non
1018 3571 1239 3619 dissensit
1250 3604 1265 3628 ,
1284 3580 1371 3617 aut

354 3647 457 3697 sine
478 3646 717 3695 seditione
742 3648 983 3697 dissensit.

426 3741 475 3773 α.
494 3728 543 3773 A
570 3724 768 3773 consilio
788 3726 1079 3790 principum.
1108 3729 1151 3774 A
1176 3736 1369 3785 senatu,

352 3804 415 3853 ab
442 3802 785 3871 optimatibus:

427 3881 477 3933 3.
499 3888 548 3933 A
560 3883 772 3933 delectis.
792 3886 839 3931 A
852 3882 1051 3932 delectis
1069 3884 1119 3931 in
1132 3900 1369 3932 summum

356 3962 602 4021 ordinem,
636 3980 663 4010 n
700 3972 865 4010 senatu
886 3996 903 4020 ‚
938 3962 1023 4025 qni
1061 3964 1121 4010 de
1150 3965 1371 4011 universa

350 4043 550 4091 civitate
576 4058 669 4107 pro
696 4041 933 4104 cujusque
956 4042 1137 4089 virtute
1154 4058 1213 4089 nc
1234 4042 1375 4090 meri·

354 4121 417 4169 tis
434 4138 461 4169 a
482 4121 761 4170 censoribus
779 4121 871 4185 legi
892 4118 1065 4168 solitus
1082 4131 1201 4170 erat.

495 4211 580 4278 v.
644 4226 732 4275 Cic.
751 4242 863 4287 pars
891 4225 1101 4272 socienda.

1454 3491 1592 3540 bunt.
1635 3516 1708 3529 -—
1750 3492 1896 3555 Apud
1936 3505 2128 3555 gram.
2175 3492 2276 3554 Qui
2318 3503 2478 3557 spreta

1455 3570 1722 3635 plebeculae
1748 3570 1898 3633 gratia
1929 3568 2074 3619 unius
2105 3572 2226 3634 reip.
2252 3571 2477 3619 utilitati·-

1457 3650 1550 3698 bue
1599 3649 1938 3697 inserviebant.
1991 3674 2062 3687 -·-
2113 3652 2367 3699 Honesws.
2419 3653 2480 3697 ln

1455 3744 1668 3793 quorum
1692 3728 2034 3777 detrimentum
2053 3727 2389 3778 redundabant
2408 3728 2478 3775 le-

1458 3824 1540 3873 ges
1561 3809 1660 3857 inn
1683 3808 1898 3871 agraria.

1527 3888 1580 3935 6.
1620 3886 1796 3951 Populi
1807 3880 2024 3948 judiciis.
2058 3887 2310 3935 ,Iudicium
2337 3900 2478 3933 enum

1460 3966 1514 4014 in
1569 3966 1854 4029 magistratu
1922 3963 2202 4013 mandendo
2265 3964 2479 4029 populns

1462 4046 1690 4094 ostendit.

1537 4142 1584 4186 7.
1601 4121 1983 4190 Significatione.
2002 4126 2166 4186 Quum
2181 4122 2234 4169 in
2247 4122 2484 4171 theatrum

2203 4234 2240 4303 7
