2996 4694
841 329 1217 396 ORATIO
1264 329 1457 396 PRO
1498 329 1576 396 P.
1629 327 2032 398 SEXTIO.
2367 354 2500 427 ¹09

280 533 287 540 ,
380 483 417 517 α
438 457 539 523 Re
574 449 829 534 dubia,
858 472 991 521 nec
1018 447 1366 520 dubitarit
1395 449 1612 519 vitam
1649 447 1913 519 offerre
1931 502 1950 536 ‚
1981 473 2114 518 nec
2145 455 2358 548 capiti
2384 477 2503 550 pe-

384 566 756 658 percerit».
789 564 953 631 Haec
977 557 1373 655 quantis-ab
1398 558 1524 628 illo
1560 556 1992 652 clamoribus
2010 555 2041 601 ⁸
2067 558 2503 655 agebantur?

384 694 612 767 quum
674 671 863 766 jam,
925 672 1188 740 omisso
1224 682 1469 764 gestu,
1531 665 1769 742 verbis
1822 681 2210 765 poetae,·et
2258 671 2497 743 studio

381 783 678 868 actoris,
733 794 805 851 et
840 779 1355 877 exspectationi
1390 791 1650 848 nostrae
1695 777 2196 874 plauderetur?
2229 809 2263 845 α
2287 785 2499 850 Sum-

382 915 584 960 mum
632 894 941 961 amicum
966 939 987 974 ,
1032 911 1315 959 summo
1353 889 1427 956 in
1471 886 1837 958 bello»—.—
1863 886 1892 983 (
1923 913 2087 958 nam
2125 887 2300 959 illud
2344 893 2498 988 ipse

378 1013 581 1070 actor
606 996 1043 1094 adjungebat
1065 1008 1098 1057 9
1133 997 1364 1068 amico
1399 999 1674 1083 anim0,
1718 1010 1792 1066 et
1827 993 2148 1068 fortassis
2174 998 2500 1072 homines

382 1123 681 1206 propter
731 1107 1022 1205 aliquod
1068 1104 1496 1178 desiderium
1551 1104 2104 1205 approbabant)
2149 1137 2184 1174 et
2213 1135 2497 1183 summo

378 1219 671 1316 ingenio
710 1217 1157 1316 praeditum.»

473 1332 685 1400 LVII.
708 1332 889 1398 Tum
928 1327 1075 1413 illa,
1104 1340 1381 1424 quanto
1417 1349 1582 1396 cum
1619 1331 1894 1422 gemitu
1927 1327 2182 1425 populi
2216 1329 2498 1400 romani

378 1437 469 1508 ab
512 1436 771 1510 eodem
798 1436 1041 1534 paullo
1080 1449 1245 1533 post
1270 1439 1347 1506 in
1382 1433 1632 1507 eadem
1669 1433 1910 1506 fabula
1945 1454 2132 1542 sunt.
2157 1440 2352 1511 acta?
2381 1445 2495 1512 «Ο

376 1562 581 1644 pater
600 1544 653 1616 ¹!
678 1576 711 1612 ιο
730 1549 971 1616 —-Me
988 1600 1009 1633 ,
1034 1567 1151 1617 me
1189 1543 1307 1615 ille
1343 1543 1716 1615 absentem
1739 1599 1759 1630 ,
1787 1559 1870 1615 ut
1897 1561 2174 1643 patrem
2191 1601 2212 1636 ‚
2259 1548 2506 1648 deplo-

374 1656 682 1728 randum
714 1653 1083 1753 putabat²‚
1128 1655 1463 1750 quemQ.
1498 1653 1829 1742 Catulus,
1868 1680 2091 1750 quem
2135 1657 2342 1728 multi
2381 1658 2500 1730 alii

372 1789 567 1864 saepe.
613 1768 691 1836 in
750 1779 1000 1836 senatu
1060 1777 1335 1861 patrem
1382 1763 1628 1860 patriae
1677 1766 2153 1836 nominarant.
2203 1771 2496 1859 Quanto

374 1899 541 1946 cum
586 1873 759 1946 fletu
798 1873 891 1946 de
934 1865 1071 1944 illis
1112 1875 1376 1943 nostris
1424 1869 1775 1943 incendiis
1819 1897 1903 1944 ac
1953 1875 2212 1964 ruinis,
2265 1903 2494 1974 quum

372 1998 649 2081 patrem
679 1984 995 2080 pulsum,
1032 1983 1332 2081 patriam
1370 1980 1705 2057 afflictam
1733 1981 2158 2080 deploraret,
2194 1985 2494 2060 domum

328 2083 339 2092 ’
369 2097 772 2177 incensam,
804 2092 1308 2190 eversamque?
1339 2092 1453 2162 Sic
1488 2092 1634 2186 egit
1653 2145 1674 2177 ,
1717 2106 1800 2162 ut
1831 2091 2318 2166 demonstrata
2350 2099 2492 2195 pri·

370 2204 577 2273 stina‘
596 2201 913 2291 fortuna,
943 2226 1169 2299 quum
1204 2227 1279 2274 se
1308 2202 1806 2288 convertisset,
1829 2206 2042 2273 «Haec
2067 2207 2311 2276 omnia
2347 2207 2492 2278 vidi

312 2365 319 2371 -
370 2314 835 2393 inflammari:
867 2347 1025 2383 »-
1064 2313 1313 2387 fletum
1338 2315 1566 2405 ,etiam
1616 2315 1920 2386 inimicis
1958 2328 2178 2411 atque
2232 2319 2490 2393 invidis

366 2422 777 2497 excitaret³.
842 2424 1074 2511 Proh,
1130 2424 1229 2495 dii
1274 2421 1740 2495 immortales!
1784 2424 2005 2522 quid?
2064 2426 2178 2497 illa
2229 2448 2483 2525 quem·⁴

366 2536 755 2607 admodum
804 2535 984 2606 dixit
1024 2534 1268 2606 idem?
1314 2558 1473 2630 quae
1516 2532 1693 2603 mihi
1737 2533 2029 2631 quidem
2079 2536 2174 2605 ita
2218 2552 2291 2608 et
2331 2554 2486 2611 acta

364 2661 439 2717 et
456 2648 717 2744 scripta
748 2645 1084 2716 videntur⁴
1105 2670 1285 2727 esse,
1316 2643 1541 2713 ut-vel
1573 2668 1614 2713 a
1651 2644 1906 2715 Catulo
1921 2644 1978 2731 4,
2006 2645 2064 2715 si
2094 2648 2482 2737 revixisset,

364 2757 697 2853 praeclare
736 2780 945 2853 posse
988 2754 1129 2825 dici
1171 2752 1608 2823 viderentur.
1651 2758 1720 2824 Is
1755 2755 1940 2825 enim
1981 2753 2203 2828 libere
2238 2782 2483 2855 repre-

362 2865 718 2953 hendere,
756 2879 830 2936 et
860 2888 1189 2936 accusare
1228 2862 1479 2960 populi
1517 2886 2070 2959 nonnumquam
2116 2870 2478 2939 temerita-

314 3099 324 3109 ·
429 3080 485 3129 8.
531 3078 843 3129 Clamor-ibus.
882 3078 997 3127 Non
1042 3076 1220 3125 actoris
1235 3110 1250 3135 ,
1291 3076 1375 3124 sed

357 3158 549 3223 populi.

432 3254 480 3299 9.
503 3236 826 3303 Adjungebae.
845 3238 919 3283 De
936 3251 1027 3283 sno
1039 3270 1053 3294 ,
1072 3245 1173 3282 non
1187 3250 1212 3281 a
1232 3244 1375 3298 poeta

354 3316 617 3379 scriptum:
638 3333 748 3364 nam
761 3352 775 3375 ,
796 3338 821 3358 α
834 3332 1023 3362 summo
1042 3314 1238 3377 ingenio
1259 3328 1373 3376 prae-

358 3392 513 3442 ditum
532 3417 556 3436 a·
570 3430 584 3452 ,
606 3394 790 3444 nonita
808 3394 1127 3443 conveniebat
1142 3391 1194 3439 in
1214 3391 1372 3439 homi-

356 3488 467 3533 nem
495 3472 772 3535 militarem,
814 3473 872 3522 de
909 3488 1007 3537 quo
1042 3473 1263 3536 proxima
1292 3486 1369 3518 sn-

352 3552 547 3616 periora
571 3550 697 3598 dicta
723 3561 867 3610 sunt3
896 3562 951 3599 ut
973 3550 1027 3597 in
1053 3548 1336 3599 Ciceronem
1352 3582 1367 3607 ,

351 3630 439 3693 qui
478 3644 643 3677 omnes
680 3628 804 3675 inter
842 3628 972 3676 cives
1004 3628 1187 3692 ingenii
1224 3627 1369 3675 lande

349 3708 651 3771 scientiaque
668 3706 924 3755 eminebat.

419 3786 568 3835 Lvn.
590 3804 633 3835 ι.
658 3786 701 3833 Ο
705 3794 867 3849 pater.
880 3786 1038 3832 Voces
1052 3784 1147 3832 311ae
1160 3785 1211 3831 in
1229 3786 1367 3833 tertis

348 3866 727 3913 Tusculanarum
761 3872 1045 3920 occurrunt,
1081 3878 1189 3926 cap.
1230 3878 1292 3911 πο
1320 3872 1368 3911 et

351 3960 437 3993 αἱ.
459 3947 588 3993 Octo
609 3946 753 3992 etiam
775 3956 940 3988 versus
958 3941 1127 3989 Cicero
1149 3940 1291 3989 refert
1308 3958 1370 3989 ex

349 4022 493 4071 Ennii
510 4021 851 4074 Andromache
870 4018 1175 4082 desumptus,
1192 4020 1371 4083 quibus

1462 3074 1634 3123 infelix
1679 3076 1857 3125 femina
1906 3088 2088 3125 sortem
2132 3094 2266 3125 susm
2315 3078 2475 3128 deflet.

1462 3157 1643 3203 Versus
1667 3156 1739 3203 illi
1764 3158 1834 3204 sic
1855 3157 2093 3220 incipiunt
2115 3172 2144 3202 ο
2161 3168 2318 3221 pater,
2341 3176 2371 3205 ο
2385 3177 2479 3223 pae-

1462 3234 1592 3295 tria,
1632 3246 1724 3287 etc.
1761 3251 1850 3284 nec
1893 3236 2068 3281 mirum
2103 3235 2145 3282 si
2184 3236 2245 3283 ab
2277 3235 2479 3286 homine

1461 3310 1762 3371 dicerentur,
1821 3328 1930 3360 nam
1979 3314 2150 3361 Rornae
2193 3315 2476 3365 feminarum

1456 3407 1713 3455 personam
1741 3393 1831 3439 viri
1851 3392 2070 3455 agebant.

1529 3485 1578 3518 2.
1602 3470 1822 3518 Putabat.
1849 3470 1930 3517 Al.
1944 3480 2165 3534 putarat.
2194 3470 2247 3520 J.
2265 3472 2330 3521 V.
2357 3476 2412 3521 L.

1530 3550 1576 3597 3.
1616 3548 1884 3597 Excitaree.
1923 3550 2030 3597 Hoc
2061 3549 2130 3597 sit
2157 3550 2376 3614 Tullius,
2403 3554 2477 3602 vel

1455 3627 1592 3691 qnod
1618 3644 1780 3676 revera
1813 3628 1997 3687 evenit,
2031 3627 2108 3676 vel
2139 3629 2274 3692 quod
2307 3648 2475 3695 graves

1454 3706 1746 3755 calamitates
1777 3707 2068 3757 miserabiles
2099 3710 2241 3756 etiam
2269 3712 2476 3760 inimicis

1454 3786 1698 3850 appellare
1720 3798 2027 3836 consuetum.

1527 3874 1574 3923 4.
1603 3866 1653 3911 A
1681 3865 1870 3913 Catulo.
1896 3868 2098 3913 Senatus
2121 3866 2367 3932 principe,
2389 3869 2480 3932 qni

1457 3942 1583 3991 obiit
1621 3946 1748 3993 inter
1787 3946 2034 3997 Ciceronis
2078 3944 2382 3995 consulatum
2426 3960 2475 3997 et

1456 4020 1693 4071 exsilium.
