2996 4694
733 395 1114 464 ORATIO
1161 394 1366 463 PRO
1415 395 1493 462 C.
1538 399 1622 466 R.
1678 396 2199 466 POSTUMO.
2385 393 2517 480 451

394 516 648 622 sularis
683 515 946 600 home,
985 539 1234 588 soccos
1261 513 1563 587 hahuit⁸
1601 531 1676 588 et
1709 516 2045 615 pallium;
2084 541 2219 588 nec
2244 543 2421 590 vero
2454 519 2529 590 id

395 628 674 699 homini
729 641 884 697 tum
937 627 1356 724 quisquam,
1411 625 1542 698 sed
1597 631 1961 724 temporis>
2017 629 2527 724 assignandum

393 737 674 834 putavit
715 763 732 806 ε
777 739 1124 806 Postumo
1169 739 1442 808 crimen
1481 739 1783 808 vestitus
1828 735 2084 809 afferet
2121 741 2179 810 is
2203 793 2221 824 ‚
2258 741 2333 810 in
2368 764 2530 836 quo

395 873 558 947 spes
585 846 756 932 fuit,
800 871 1010 945 posse
1042 871 1200 918 sese
1244 839 1635 945 aliquando
1680 847 1769 918 ad
1806 847 2133 920 fortunas
2168 873 2333 920 suas
2362 873 2529 946 per-

394 957 692 1027 venire?
733 961 954 1041 Nam,
1011 971 1096 1026 ut
1135 970 1437 1027 ventum
1482 973 1589 1028 est
1636 959 2134 1030 Alexandriam
2180 959 2270 1031 ad
2318 957 2533 1030 Aule·

397 1085 546 1139 tem
566 1076 656 1152 ¹⁰,
695 1067 1005 1161 judices,
1043 1067 1194 1137 haec
1219 1091 1364 1138 una
1393 1069 1580 1138 ratio
1608 1093 1648 1138 a
1684 1093 1853 1165 rege
1880 1071 2251 1166 proposita
2280 1074 2532 1141 Postu·

398 1203 522 1248 mo
583 1191 696 1249 est
738 1178 1102 1249 servandae
1162 1182 1522 1276 pecuniae,
1576 1181 1631 1248 si
1688 1184 2137 1252 curationem
2198 1195 2271 1252 et
2326 1184 2533 1278 quasi

399 1288 1014 1387 dispensationem
1045 1290 1316 1384 regiam
1337 1299 1394 1334 1¹
1435 1291 1885 1388 suscepisset.
1918 1291 1999 1362 Id
2032 1305 2271 1362 autem
2303 1289 2537 1364 facere

401 1425 552 1469 non
586 1412 901 1496 poterat,
938 1401 1080 1470 nisi
1106 1399 1452 1471 dioecetes
1482 1428 1498 1470 τ
1544 1399 1685 1471 hoc
1726 1403 1920 1471 enim
1952 1403 2247 1472 nomine
2283 1403 2538 1489 utitur,

401 1511 526 1605 qui
587 1535 628 1580 a
680 1533 854 1606 rege
915 1525 1102 1580 esset
1149 1511 1584 1582 constitutus
1608 1521 1691 1582 ¹².
1749 1509 2101 1584 Odiosum
2164 1512 2535 1610 negotium

399 1623 744 1692 Postumo
781 1617 1198 1706 videbatur3
1236 1621 1362 1694 sed
1395 1636 1553 1693 erat
1585 1623 1783 1694 nulla
1822 1625 2125 1693 omnino
2156 1625 2535 1694 recusatio,

399 1732 792 1803 Molestum
827 1733 1040 1803 etiam
1093 1751 1364 1804 nomen
1413 1734 1696 1830 ipsurn3
1742 1733 1866 1804 sed
1904 1757 2021 1804 res
2059 1732 2376 1805 habebat
2408 1757 2537 1804 no·

399 1866 568 1912 men
598 1840 740 1912 hoc
766 1842 962 1940 apud
991 1843 1154 1913 illos
1175 1896 1195 1929 ‚
1223 1867 1372 1912 non
1400 1843 1520 1912 hic
1543 1845 2005 1939 imposuerat.
2034 1842 2306 1915 Oderat
2331 1846 2549 1915 vesti-'

347 2030 360 2041 ο
400 1965 558 2020 tum
583 1951 800 2022 etiam
828 1951 1072 2036 illum3
1110 1950 1236 2022 sed
1263 1955 1416 2023 sine
1445 1975 1536 2022 eo
1566 1976 1702 2023 nec
1726 1976 1995 2024 nomen
2022 1953 2202 2023 illud
2228 1969 2539 2051 poterat,

403 2086 538 2131 nec
585 2087 854 2135 munus
899 2065 1108 2135 tueri.
1157 2067 1349 2160 Ergo
1396 2062 1644 2134 aderat
1693 2064 1841 2146 vis,
1877 2077 1960 2134 ut
2007 2064 2106 2134 ait
2158 2079 2374 2160 poeta
2420 2064 2541 2135 ille

403 2185 668 2254 noster,
709 2199 928 2270 «quae
960 2197 1278 2245 summas
1307 2171 1574 2270 frangit
1608 2173 2073 2270 infirmatque
2098 2197 2349 2271 opes».
2384 2177 2539 2243 Μο-

402 2279 786 2371 reretur¹³‚
845 2285 1128 2384 inquies
1160 2311 1176 2355 ε
1219 2307 1388 2356 nam
1431 2283 1509 2355 id
1558 2283 1909 2383 sequitur.
1957 2285 2264 2355 Fecisset
2306 2297 2536 2369 certe,

1509 2504 1614 2537 nou
1638 2499 1885 2539 vereretur
1910 2488 2175 2543 certamine
2208 2488 2277 2543 iu,
2300 2490 2425 2553 regis
2454 2488 2533 2537 in·

1509 2568 1739 2632 nituere,
1780 2568 1843 2616 ad
1881 2584 1991 2632 quae
2030 2567 2137 2631 ipse
2182 2582 2379 2630 quoque
2423 2583 2533 2614 eum

471 2488 523 2537 8.
551 2490 724 2537 Soccus
750 2486 938 2539 habuit.
964 2488 1164 2538 cnloco·
1191 2490 1422 2553 granni·

397 2582 486 2615 cos
517 2566 831 2633 humiliores,
869 2583 1238 2633 nonnumquam
1275 2569 1421 2616 etiam

395 2646 658 2699 inauratos.
686 2650 867 2697 Senec-
884 2682 900 2707 ‚
925 2648 1015 2696 lib.
1044 2652 1121 2706 11,
1147 2648 1208 2695 de
1234 2646 1422 2696 Benefi-

395 2726 484 2773 ciis
504 2760 518 2783 ,
545 2742 652 2791 esp.
681 2743 738 2775 η
762 2742 776 2777 :
809 2728 911 2777 «C.
935 2728 1098 2778 caesar
1116 2726 1252 2775 dedit
1269 2728 1420 2775 vitam

395 2806 632 2869 Pompeio
651 2808 844 2864 Penno,
863 2806 904 2854 si
923 2806 1006 2853 dut
1021 2806 1107 2870 qui
1121 2822 1223 2853 non
1237 2806 1420 2864 sufert3

395 2883 570 2933 deiude
594 2884 821 2934 sbwluto
847 2896 893 2933 et
919 2885 1082 2949 agenti
1103 2886 1278 2949 gratiss
1296 2899 1418 2948 por-

395 2964 520 3009 rexit
565 2962 883 3012 osculandum
928 2964 1176 3011 sinistrum
1225 2963 1415 3027 pedem.

395 3040 496 3102 Qui
513 3054 748 3092 excusant
766 3060 878 3091 eum
895 3077 910 3101 ,
937 3052 1116 3107 negant
1133 3042 1186 3089 id
1206 3042 1418 3091 insolen-

397 3120 475 3167 tiae
521 3136 666 3183 causa
709 3124 890 3172 facturn
924 3138 938 3171 .·.
985 3124 1124 3170 siunt
1164 3120 1416 3169 socculum

393 3210 610 3248 auratum
633 3238 648 3262 ,
699 3202 853 3251 immo
901 3216 1101 3250 aureum
1148 3200 1414 3264 margaritis

393 3276 676 3326 distinctum
690 3310 704 3335 ‚
729 3280 982 3329 ostendere
1007 3296 1118 3328 eum
1141 3280 1353 3327 voluisse
1373 3301 1414 3329 n.

464 3376 515 3421 9.
559 3362 782 3431 Temperi
805 3362 1168 3427 assignandum.
1213 3362 1418 3423 Tempus

393 3438 677 3503 plerumque
702 3457 730 3488 a
755 3440 994 3491 Cicerone
1019 3456 1113 3506 pro
1135 3440 1416 3487 necessitate

392 3516 613 3580 ponitur,
631 3527 688 3565 ut
711 3516 806 3564 hoc
828 3517 940 3565 loco
963 3536 1043 3583 ep.
1071 3518 1134 3566 ad
1158 3517 1269 3564 Div.
1290 3520 1410 3565 VII:

389 3616 415 3636 κ
437 3596 668 3659 Tempori
695 3595 864 3644 cedere
878 3631 892 3654 ‚
929 3596 984 3644 id
1009 3608 1082 3647 est
1097 3632 1113 3655 ‚
1141 3596 1416 3645 necessitati

387 3689 573 3737 parere,
589 3690 782 3738 semper
798 3676 1028 3738 sapientis
1051 3688 1122 3724 est
1136 3675 1355 3723 habitum
1372 3697 1412 3725 a.

467 3771 543 3802 ιο.
573 3754 661 3801 Ad
683 3754 920 3804 Auletem.
947 3755 1005 3803 Id
1033 3766 1133 3813 est,
1148 3756 1334 3820 joueur
1353 3755 1415 3802 de

376 3833 526 3899 flate.
553 3834 746 3891 Strabo.
779 3834 866 3884 lib.
891 3835 1214 3899 Geogrnphiae
1239 3836 1414 3894 xvn,

387 3912 448 3960 de
463 3914 727 3963 Ptolemaeo
745 3914 952 3977 loquens
974 3930 988 3964 z
1015 3938 1043 3958 ιι
1062 3916 1180 3977 Qui,
1201 3925 1256 3963 ut
1281 3916 1412 3963 illius

387 3993 802 4059 intemperentiam
833 4003 978 4058 atque
1009 3994 1410 4042 incontinentiam

386 4072 638 4131 omittam,
679 4072 930 4121 tibicinam
967 4084 1118 4123 :rtem
1157 4073 1407 4135 exercuit,

387 4149 436 4195 iu
463 4165 563 4213 quo
594 4152 704 4216 ipso
731 4160 986 4216 tantopere
1013 4150 1326 4216 gloriebatur,
1353 4162 1411 4199 ut

1509 2648 1615 2696 aliis
1632 2658 1901 2697 certaturus
1918 2646 2180 2695 secedebat
2194 2668 2239 2695 ιι.
2262 2647 2360 2693 Dio
2378 2646 2539 2710 Chry-

1508 2739 1753 2776 sostomus
1768 2762 1784 2787 ‚
1837 2736 1959 2775 orat.
2016 2725 2079 2774 ud
2135 2725 2497 2795 Alexandrinos
2516 2741 2529 2773 :

1509 2830 1535 2851 α
1552 2810 1659 2863 Rex
1680 2819 1841 2856 vester
1858 2806 1983 2855 circs
2001 2806 2229 2854 tibiarum
2242 2814 2411 2854 centus
2430 2817 2531 2855 erat

1508 2896 1803 2950 occupatus,
1844 2895 1895 2932 et
1922 2884 2039 2933 hnic
2065 2884 2153 2931 uni
2180 2882 2461 2933 attendebat
2482 2906 2527 2931 ιο.

1506 2964 1641 3012 Idem
1662 2979 1675 3013 :
1706 2986 1733 3007 α
1750 2964 1840 3012 Ille
1862 2963 2061 3029 quidem
2078 2977 2257 3010 oeneus
2276 2962 2393 3009 tibin
2406 2996 2421 3020 ,
2443 2980 2531 3009 vos

1506 3053 1665 3091 sutem
1685 3043 1910 3091 saltantes
1928 3043 2174 3091 civitatem
2192 3039 2469 3104 perdidistis
2486 3064 2528 3090 ι.

1586 3136 1607 3169 1
1622 3137 1640 3167 1
1654 3156 1666 3169 .
1688 3119 2103 3183 Dispensationem
2123 3119 2327 3183 regiam.
2346 3120 2533 3169 Notan-

1506 3198 1625 3247 dum
1669 3198 1767 3246 hoo
1810 3197 1925 3246 loeo
1972 3198 2381 3263 dispensationem
2411 3216 2527 3248 ‚non

1505 3278 1663 3327 solum
1693 3276 1899 3340 intelligi
1929 3278 1989 3325 de
2014 3278 2247 3342 pecunie,
2272 3279 2355 3327 sed
2384 3282 2525 3329 etism

1503 3359 1565 3407 de
1589 3357 1832 3406 frumento
1846 3392 1861 3413 ,
1884 3358 1945 3405 de
1970 3372 2025 3405 re
2045 3358 2271 3422 pecuaris
2296 3370 2345 3407 et
2362 3362 2529 3409 omui-

1504 3439 1595 3487 bus
1620 3438 1782 3487 bonis.
1808 3464 1880 3473 —
1904 3437 2124 3502 Regiam.
2152 3438 2339 3487 Ernest.
2364 3438 2527 3489 mullet

1503 3518 1671 3583 regiae.
1706 3518 1883 3565 Censet
1916 3514 2103 3564 Weisk.
2140 3516 2343 3565 verbum
2378 3519 2527 3584 regia.-

1502 3596 1781 3660 smbiguum
1803 3631 1817 3656 ,
1840 3596 1978 3661 quod
2012 3594 2279 3660 intelligere
2328 3610 2527 3663 possent

1502 3676 1915 3741 dispensationem
1956 3692 2115 3725 rerum
2158 3676 2209 3723 in
2252 3676 2361 3735 auls
2397 3677 2524 3741 regis

1500 3756 1893 3804 necessariarum.
1914 3753 2186 3803 Commode
2210 3765 2369 3804 sutem
2391 3754 2525 3821 regia

1501 3834 1798 3899 dispensatio
1836 3844 1998 3899 potest
2023 3834 2121 3882 dici
2150 3850 2243 3899 pro
2273 3834 2523 3898 dispensa-

1500 3914 1637 3961 tione
1654 3930 1815 3961 ret-um
1833 3914 1896 3962 sd
1918 3930 2077 3978 regem
2102 3915 2465 3978 pertinentium.

1578 4010 1655 4044 ια.
1692 3995 1832 4041 Esset
1864 3994 2162 4041 constitutus.
2204 3992 2439 4039 Patricius
2474 4002 2523 4039 et

1500 4074 1685 4121 Weisk.
1708 4074 1899 4121 malunt
1922 4084 2009 4119 est.

1574 4170 1594 4199 ι
1607 4146 1635 4200 '3
1644 4190 1657 4201 .
1670 4154 1953 4200 Mor-eretur.
1964 4153 2269 4214 Responsum
2284 4150 2379 4199 hoe
2391 4152 2521 4200 idem

2080 4300 2089 4307 .
2170 4262 2281 4331 29.
