2996 4694
497 386 522 431 1
539 358 624 433 52
1125 369 1223 438 Μ.
1271 368 1347 437 Τ.
1401 368 1957 439 CICERONIS

483 486 608 583 qui
653 485 712 555 si
753 500 906 556 tum
943 484 1136 559 illam
1174 486 1410 560 labem
1449 504 1876 587 pestemque
1904 488 2185 561 vicisset
2202 483 2261 580 ⁸,
2302 492 2502 589 quod
2536 496 2607 567 ei

481 610 614 667 tuo
680 596 944 669 scelere
991 620 1140 669 non
1196 598 1435 687 licuit,
1471 598 1891 697 respublica
1936 598 2121 670 victa
2170 624 2321 671 non
2382 618 2605 690 esset3

481 703 610 801 huj
621 702 952 777 us'etiam'
979 704 1208 777 filium
1245 706 1503 779 eodem
1530 709 1795 780 indicio
1821 723 1895 780 et
1920 708 2219 781 crimine
2250 709 2341 781 ad
2378 715 2607 808 patris

479 816 850 887 interitum
902 813 1281 915 aggregare
1331 819 1660 905 voluisti;
1696 823 1801 890 ·L.
1857 818 2219 907 Paullum,
2265 822 2393 917 qui
2448 836 2602 895 tum

479 942 794 1023 quaestor
823 926 1318 999 Macedoniam
1355 928 1773 1015 obtinebat,
1806 950 2023 1025 quem
2068 928 2340 1000 civem?
2384 956 2602 1028 quem

477 1038 753 1108 virum?
797 1039 928 1136 qui
957 1038 1144 1109 duos
1177 1037 1541 1111 nefarios⁹
1582 1040 1827 1135 patriae
1861 1036 2267 1135 proditores
2292 1092 2313 1127 ,
2354 1038 2605 1113 dome.-

477 1150 696 1220 sticos
760 1147 1006 1221 hostes
1027 1202 1048 1238 ‚
1122 1148 1403 1247 legibus
1463 1151 1973 1221 exterminarat
1992 1204 2015 1238 ,
2075 1148 2447 1223 hominem
2512 1152 2605 1223 ad

476 1257 1040 1329 conservandam
1088 1258 1607 1357 rempublicam
1670 1273 1956 1343 natum,
2008 1260 2084 1331 in
2144 1258 2337 1331 idem
2383 1264 2605 1333 Vettii

475 1366 860 1452 indicium,
900 1382 1118 1466 atque
1152 1368 1230 1439 in
1267 1367 1605 1441 eumdem
1648 1367 1844 1441 hunc
1876 1392 2260 1441 numerum
2301 1393 2604 1467 congre·-

474 1476 679 1571 gasti.
733 1475 926 1565 Quid
963 1501 1099 1574 ego
1137 1475 1230 1549 de
1271 1502 1388 1551 me
1429 1478 1739 1577 querar?
1789 1480 1916 1576 qui
1944 1480 2155 1551 etiam
2186 1482 2445 1577 gratias
2470 1480 2605 1554 tibi

474 1610 686 1681 agere
731 1586 997 1675 debeo,
1029 1587 1231 1685 quod
1277 1612 1394 1661 me
1433 1614 1524 1660 ex
1564 1586 2115 1661 fortissimorum
2160 1588 2421 1663 civium
2453 1615 2603 1685 ‘nu-

472 1718 676 1765 mero
712 1697 1324 1794 sejungendum¹⁰
1354 1722 1509 1770 non
1549 1701 1844 1796 putaris,

568 1808 689 1875 XI.
743 1807 883 1878 Sed
921 1810 1050 1905 qui
1091 1806 1229 1880 fuit
1261 1808 1383 1881 ille
1420 1824 1589 1879 tuus
1630 1824 1873 1880 tantus
1908 1806 2179 1897 farm-1,
2214 1823 2336 1898 ut,
2367 1834 2605 1906 quum

469 1912 608 2004 jam
639 1916 921 1987 Vettius
945 1916 1038 1987 ad
1079 1917 1455 1989 arbitrium
1486 1933 1691 1989 tuum
1722 1933 2123 2016 perorasset
2142 1972 2163 2007 ,
2190 1933 2263 1990 et
2300 1921 2605 1991 civitatis

469 2023 742 2095 lumina
802 2043 1156 2116 notasset,
1217 2028 1851 2125 descendissetque
1908 2026 2001 2099 de
2060 2029 2372 2115 Rosa-ia,
2434 2054 2601 2101 eum

472 2150 776 2233 repente
837 2132 1241 2225 revocare5‚
1277 2136 1811 2235 colloquerere,
1852 2136 2123 2234 populo
2162 2162 2466 2210 romano
2500 2139 2603 2208 vi·-

473 2244 734 2318 dente?
773 2244 1036 2321 deinde
1079 2249 1559 2345 interrogares
1578 2300 1599 2336 ,
1646 2268 2087 2343 ecquosnam
2134 2247 2313 2319 alios
2359 2262 2605 2345 posset

477 2357 902 2430 nominare?
953 2358 1512 2446 inculcarisne-²,
1566 2372 1651 2429 ut
1692 2363 1770 2429 C.
1817 2359 2193 2446 Pisonem,
2252 2381 2601 2455 generum

475 2479 722 2538 meum
749 2521 768 2554 ,
825 2471 1259 2553 nominaret3
1291 2469 1416 2564 qui
1455 2470 1534 2538 in
1574 2491 1856 2540 summa
1897 2469 2107 2565 copia
2152 2469 2599 2565 optimorum

473 2575 1071 2665 adolescentium,
1099 2581 1253 2676 pari
1289 2577 1770 2664 continentia,
1802 2580 2067 2650 virtute
2088 2631 2109 2666 ,
2146 2579 2415 2675 pietate
2446 2579 2606 2650 reli-

473 2687 634 2782 quit
686 2683 1147 2756 neminem-³?
1197 2688 1517 2784 itemque
1560 2690 1662 2759 Μ.
1704 2692 2192 2776 Laterensem,
2235 2689 2605 2761 hominem

471 2783 627 2870 dies
679 2811 898 2893 atque
937 2810 1187 2870 noctes
1225 2795 1320 2868 de
1367 2796 1579 2870 laude
1614 2813 1689 2870 et
1732 2799 1823 2871 de
1857 2799 2237 2896 republica
2286 2801 2607 2898 cogitana-

547 2986 597 3033 8.
621 2983 770 3032 IIlam
795 2980 955 3029 labem
973 2990 1252 3044 pestemque
1276 2980 1484 3030 vicisset.
1574 2981 1791 3031 vicinum
1817 2981 2026 3042 consuli,
2042 2980 2135 3030 sibi
2162 2981 2372 3040 dixisse,
2399 2981 2606 3030 Ahalam

471 3067 524 3114 si
545 3065 725 3126 rejecto
744 3059 956 3111 Gabinio
971 3061 1146 3108 conani
1165 3057 1274 3108 fieri
1294 3063 1488 3126 potnia-

472 3155 576 3203 σει,
621 3157 724 3191 uon
763 3155 991 3204 oppressa
1037 3140 1236 3202 suisset,
1261 3150 1320 3188 ut
1357 3156 1490 3190 nune

473 3226 582 3282 est,
597 3220 884 3286 respublica.

509 3306 534 3324 ’·“
545 3319 594 3364 9.
614 3303 750 3348 Duos
775 3297 1001 3362 nefarios.
1019 3298 1120 3361 Qui
1144 3298 1244 3346 aiut
1266 3298 1349 3346 isti
1373 3315 1490 3363 pet-

473 3381 566 3428 diti
598 3381 728 3428 cives
759 3377 900 3428 multi
925 3378 1172 3441 ignorant.
1197 3377 1491 3426 scholiastes

475 3459 688 3519 indicat,
715 3456 936 3506 Paullum
971 3458 1024 3505 in
1060 3467 1222 3505 mente
1262 3457 1490 3504 habuisse

471 3520 737 3601 cethegum
762 3546 812 3585 et
832 3535 1085 3584 Catilinam
1103 3553 1344 3594 accusare,
1360 3551 1492 3584 anno

471 3628 728 3681 antequam
755 3615 1028 3675 coniuratio
1069 3631 1098 3662 a
1131 3614 1366 3664 Cicerone
1405 3613 1491 3662 de-

473 3695 869 3762 prehenderetur.
909 3692 1060 3756 Quod
1103 3694 1146 3740 ai
1186 3709 1350 3740 verum
1393 3703 1492 3755 eat,

472 3773 722 3825 fatendum
771 3783 844 3821 eat
887 3783 1127 3820 oratorem
1169 3769 1490 3836 hyperbolice

469 3855 618 3904 fnisse
641 3854 919 3916 loquutum.

548 3948 630 3984 10.
678 3929 892 3980 Numam
953 3925 1325 3992 sejungendum.
1373 3925 1490 3977 Non

473 4013 760 4060 Ciceronem
797 4007 1000 4073 quidem
1035 4004 1231 4076 'Vetti-qa
1271 4007 1493 4056 uomina-

472 4093 575 4151 vit,
607 4091 692 4140 sed
727 4087 854 4138 dixit
890 4069 1205 4136 consularem¹
1225 4085 1454 4160 disertum
1475 4121 1491 4149 ,

1580 3061 1837 3110 Servilium
1860 3061 2095 3124 aliquem,
2120 3072 2206 3108 aut
2224 3061 2368 3110 etiam
2386 3061 2607 3118 Brutum,

1582 3156 1708 3204 opus
1762 3155 1865 3188 ease
1922 3139 2141 3202 reperiri.
2189 3140 2349 3188 Caesar
2390 3139 2606 3194 fraudem

1579 3219 1711 3268 illam
1739 3217 1942 3270 omnino
1968 3227 2211 3266 struxerat
2228 3252 2243 3277 ,
2280 3217 2367 3266 aed
2407 3234 2509 3267 non
2538 3219 2608 3267 fe·

1580 3298 1723 3346 licem
1738 3331 1754 3358 ,
1788 3309 1845 3346 ut
1862 3297 2075 3346 diximus
2088 3328 2110 3356 ,
2143 3297 2315 3349 habuit
2334 3297 2537 3356 exitum.

1649 3379 1742 3426 XI.
1770 3391 1821 3426 ι.
1854 3377 2036 3424 Tantus
2048 3375 2218 3440 furor.
2256 3378 2331 3438 lta
2358 3375 2527 3424 furore
2555 3386 2607 3425 et

1578 3455 1784 3505 amentia
1814 3467 1893 3508 tua
1922 3471 1975 3503 es
2000 3454 2255 3519 abreptus,
2276 3465 2334 3504 ut
2357 3457 2525 3504 Vettio
2552 3456 2607 3504 in

1579 3550 1742 3584 aurem
1768 3532 1954 3597 aliquid
1978 3533 2313 3593 insusurrans,
2338 3533 2604 3596 iudicares,

1580 3623 1701 3661 teste
1736 3612 1927 3676 populo
1942 3645 1957 3671 ‚
1996 3623 2046 3661 te
2082 3611 2277 3662 consilii
2316 3612 2463 3672 hujus
2501 3627 2601 3660 non

1576 3691 1866 3757 partitxipem
1902 3690 2092 3750 modo,
2130 3689 2221 3738 aed
2262 3702 2313 3739 et
2352 3701 2601 3741 auctorem

1578 3771 1745 3820 fnisse.

1655 3866 1703 3898 α.
1727 3851 1916 3898 Ernest.
1934 3848 2125 3910 mallet,
2144 3847 2530 3911 inculcamque.

1649 3930 1700 3978 3.
1744 3927 1957 3993 Reliquit
2004 3927 2265 3976 neminem.
2310 3928 2599 3990 Supremam

1578 4010 1705 4056 enim
1749 4008 1909 4070 diem,
1946 4007 2065 4056 dum
2110 4007 2284 4058 Cicero
2327 4004 2567 4054 exsularet
2584 4039 2599 4070 ,

1581 4088 1783 4148 obierat.
