2996 4694
474 411 2264 456 mmsnmmmfflmmfflifflfflmmmmmq,
2277 437 2573 458 „mmm

912 635 2100 754 ARGUMENTUM.

447 891 783 953 Orationem
806 890 959 950 hanc
984 884 1141 949 idem
1156 933 1173 962 ,
1196 891 1299 968 qui
1316 889 1684 950 Plancianam
1711 903 1772 950 et
1795 893 2176 954 Milonianam
2191 939 2208 970 ,
2235 898 2372 958 fecit
2387 916 2582 979 gratus

525 1009 589 1048 ac
620 1005 845 1046 memor
874 986 1173 1046 redeuntis
1198 985 1275 1046 ab
1296 987 1504 1046 exsilio
1527 988 1824 1048 Ciceronis
1851 991 2094 1050 animus.
2121 995 2380 1068 Sextius,
2403 1017 2586 1075 quum

521 1085 761 1145 Metello
787 1097 847 1144 et
867 1084 1117 1161 Lemulo
1139 1083 1475 1144 consulibus
1505 1083 1774 1144 tribunus
1795 1085 1982 1165 plebis
2005 1101 2182 1162 esset,
2207 1109 2438 1152 omnem
2463 1095 2586 1154 vim

521 1182 849 1242 tribunatus
867 1183 955 1241 sui
984 1181 1057 1240 ad
1086 1181 1149 1240 id
1170 1181 1462 1261 praecipue
1490 1185 1766 1258 contulit,
1794 1195 1860 1244 ut
1888 1185 2226 1246 Ciceronem
2257 1191 2408 1249 malo
2438 1194 2582 1273 Clo-

523 1279 607 1338 dii
626 1281 845 1339 scelere
871 1279 1227 1338 exsulantem
1258 1278 1461 1356 patriae
1496 1280 1845 1338 restitueret.
1867 1285 1962 1360 ‚Ac
1990 1283 2182 1360 primo
2207 1286 2401 1346 statim
2431 1300 2583 1348 tem-

520 1397 665 1457 pore
692 1391 1000 1457 postquam
1028 1377 1217 1437 fuerat
1234 1373 1563 1456 designatus
1578 1379 1724 1448 ,iter
1751 1379 1825 1437 ad
1854 1381 1919 1438 C.
1934 1384 2218 1442 Caesarem
2237 1403 2350 1462 pro
2373 1390 2584 1446 summi

522 1474 633 1533 viri
658 1474 843 1534 salute
867 1475 1152 1553 suscepit,
1182 1473 1243 1531 in
1274 1493 1393 1552 quo
1426 1493 1777 1552 quamquam
1807 1473 1952 1535 nihil
1979 1479 2257 1556 profecit,
2288 1499 2408 1540 non
2439 1483 2574 1542 ideo

520 1570 833 1630 deterritus
848 1613 865 1640 ,
895 1591 1029 1630 cum
1058 1569 1281 1629 Milone
1314 1569 1632 1649 praesertim
1673 1590 1742 1629 ac
1782 1575 1856 1647 Q.
1901 1571 2169 1634 Fabricio
2214 1576 2460 1637 tribunis
2496 1583 2580 1659 pl.

520 1668 852 1727 societatem
882 1667 955 1726 de
984 1664 1315 1726 revocando
1342 1667 1626 1725 Cicerone
1659 1667 1808 1726 iniit.
1834 1673 2059 1730 Octavo
2083 1685 2277 1732 autem
2303 1675 2580 1738 kalendas

521 1762 871 1836 februarias,
916 1783 1097 1843 quum
1139 1762 1215 1821 de
1260 1763 1546 1822 Cicerone
1589 1776 1724 1822 ante
1763 1766 2049 1844 populum
2093 1769 2299 1846 agendi
2350 1783 2579 1852 tempus
2649 1791 2664 1806 ·

518 1862 798 1934 venisset,
832 1873 893 1919 et
928 1865 1001 1935 Q.
1028 1859 1330 1920 Fabricius
1357 1859 1719 1939 rogationem
1761 1874 1912 1921 esset
1951 1863 2195 1937 laturus,
2239 1865 2485 1946 impetus
2519 1870 2584 1929 in

516 1978 650 2018 eum
676 1959 743 2017 fit
766 1971 1149 2030 armatorum;
1182 1957 1331 2016 alter
1357 1955 1627 2016 tribunus
1651 1961 1734 2016 M.
1759 1958 1990 2038 Cispius
2017 1959 2354 2040 depellitur,
2389 1967 2574 2026 caedes

516 2055 767 2114 maxima
794 2054 859 2114 in
889 2053 1021 2113 foro
1043 2074 1077 2112 a
1100 2053 1395 2114 Clodianis
1426 2053 1846 2134 gladiatoribus
1875 2075 1944 2114 ac
1965 2060 2336 2119 mercenariis
2364 2061 2578 2121 editur.

514 2155 577 2211 P.
608 2151 839 2212 Sextius
876 2151 1101 2210 interea
1131 2169 1311 2228 quum
1338 2151 1580 2209 Metello
1622 2152 1848 2210 consuli
1876 2164 1935 2209 et
1963 2165 2100 2212 tunc
2137 2157 2416 2234 temporis
2456 2179 2578 2218 non

516 2249 757 2308 omnino
782 2247 1077 2306 Ciceronis
1107 2249 1295 2306 amico
1327 2245 1732 2321 obnuntiaret,
1766 2248 2006 2308 inermis
2045 2263 2220 2328 atquc
2259 2255 2577 2333 imparatus

512 2344 715 2424 gladiis
738 2359 797 2404 et
832 2343 1079 2405 fustibus
1100 2344 1469 2415 vulneratur,
1502 2364 1570 2403 ac
1600 2364 1710 2422 pro
1740 2358 1974 2403 mortuo
2002 2345 2366 2425 relinquitur.
2392 2353 2571 2423 Quod

516 2456 705 2502 autem
726 2444 995 2502 Metellus
1017 2442 1216 2501 consul
1242 2462 1373 2501 cum
1396 2443 1618 2520 populo
1647 2442 1888 2521 agebat,
1919 2456 2199 2519 qnantum
2223 2464 2296 2503 ex
2325 2449 2575 2507 oratoris

518 2540 747 2597 silentio
769 2538 1033 2617 judicare
1066 2538 1199 2597 licet
1218 2581 1235 2609 ,
1263 2537 1489 2616 rogatio
1529 2550 1656 2597 erat
1696 2528 1890 2615 aliqua
1923 2540 2218 2599 Ciceronis
2257 2542 2432 2603 saluti
2465 2544 2575 2603 ad-

520 2654 729 2707 versa,
774 2654 949 2711 quam
978 2634 1203 2692 Tullius
1234 2631 1308 2691 de
1348 2632 1638 2691 industria
1697 2634 1906 2705 tacuit,
1975 2654 2112 2695 sane
2155 2637 2426 2699 omnibus
2461 2660 2576 2699 no-

518 2742 635 2789 tam
656 2776 677 2803 ,
702 2752 777 2788 ne
804 2730 865 2788 in
893 2728 1149 2807 ejusdem
1177 2728 1696 2789 commemorandis
1731 2730 1958 2808 injuriis
1999 2730 2206 2791 creber
2243 2747 2395 2794 esset
2436 2757 2572 2796 cum

516 2845 635 2905 quo
660 2828 721 2886 in
742 2827 985 2904 gratiam
1012 2826 1281 2886 redierat.
1320 2830 1592 2886 Ceterum
1617 2845 1756 2885 mox
1789 2826 1968 2885 aedilis
1998 2828 2238 2888 Clodius
2263 2850 2444 2909 quum
2469 2854 2570 2893 eos

516 2944 663 3003 quos
694 2925 849 2983 ferro
878 2943 999 2982 non
1021 2935 1327 3002 potuerat,
1352 2922 1588 3002 judiciis
1616 2922 1886 3001 jugulare
1925 2939 2241 3001 quaereret,
2287 2928 2572 2989 Milonem

513 3022 636 3100 ipse
662 3021 981 3092 accusavit3
1008 3026 1074 3079 P.
1096 3034 1287 3079 autem
1316 3020 1495 3078 Sextii
1513 3040 1724 3078 nomen
1749 3025 1834 3079 M.
1865 3022 2056 3081 Tullio
2083 3022 2448 3085 Albinovano
2471 3027 2570 3085 de-

514 3119 813 3179 ferendum
842 3114 1159 3192 commisit,
1196 3118 1297 3195 qui
1343 3136 1477 3177 cum
1517 3118 1646 3195 lege
1691 3118 1924 3177 Lutatia
1955 3117 2028 3177 de
2075 3119 2138 3177 vi
2178 3134 2422 3200 propter
2452 3144 2568 3182 cae-

514 3215 643 3273 dem
665 3258 683 3287 ,
731 3233 884 3274 anno
917 3214 1217 3293 superiore
1245 3234 1367 3273 vm
1395 3213 1622 3274 kalend.
1660 3212 1806 3273 febr.
1835 3214 1897 3271 in
1939 3215 2069 3273 foro
2110 3216 2322 3276 factam
2341 3261 2358 3287 ‚
2407 3221 2566 3298 apud

513 3318 599 3373 M.
622 3314 915 3373 AEmilium
942 3318 1223 3375 Scaurum
1250 3326 1561 3392 praetorem
1589 3332 1722 3371 ann.
1755 3311 1904 3373 Urb.
1937 3313 2050 3391 697
2084 3318 2416 3393 postulavit.
2443 3325 2568 3379 Lex

514 3425 707 3470 autem
732 3411 993 3485 Lutatia,
1021 3409 1095 3469 de
1132 3430 1247 3487 qua
1286 3409 1457 3487 plura
1492 3409 1558 3466 in
1597 3414 1820 3486 Legum
1860 3409 2061 3471 Indice
2101 3411 2399 3491 dicentur,
2449 3416 2566 3476 lata

519 3523 641 3567 erat
664 3528 795 3566 ann.
817 3506 965 3567 Urb.
993 3506 1139 3583 675,
1170 3512 1241 3581 Q.
1266 3506 1502 3565 Lutatio
1520 3506 1728 3565 Catulo
1747 3519 1804 3564 et
1828 3512 1914 3565 M.
1936 3508 2170 3567 AEmilio
2193 3530 2340 3571 coss.
2363 3532 2565 3571 sanxe-

518 3617 751 3682 ratque,
782 3615 848 3663 ut
879 3603 1035 3663 festis
1064 3622 1299 3681 quoque
1330 3600 1569 3672 diebuS,
1597 3601 1864 3680 ludisque
1894 3602 2106 3680 quibus
2127 3605 2354 3683 judicia
2379 3608 2564 3668 inter-

444 3740 451 3743 -
512 3700 663 3758 mitti
684 3700 979 3771 solebant,
1008 3700 1081 3759 de
1114 3701 1171 3757 vi
1202 3700 1383 3779 quaeri
1408 3711 1621 3778 posset.

588 3799 787 3857 Sextio
830 3797 1251 3877 praeclarissimi
1287 3797 1401 3855 viri
1443 3808 1568 3855 tum
1605 3796 1868 3875 patroni,
1912 3810 2034 3874 tum
2067 3799 2330 3857 advocati
2357 3800 2566 3860 adfue-

516 3906 681 3967 runt,
723 3895 787 3952 in
819 3894 1020 3973 primis
1047 3907 1239 3951 autem
1268 3912 1501 3952 causam
1531 3892 1654 3970 ejus
1683 3912 1988 3972 suscepere
2025 3898 2096 3966 Q.
2125 3896 2466 3955 Hortensius
2495 3918 2563 3955 ac

518 3990 742 4049 Cicero.
777 3995 859 4050 At
886 3990 1050 4069 prior
1084 3988 1321 4068 quidem
1362 3987 1512 4047 dixit
1541 3989 1912 4061 Hortensius,
1948 3990 2227 4067 factisque
2261 3990 2424 4050 facilc
2457 3993 2566 4051 dc-

514 4085 887 4157 monstravit,
914 4085 1139 4145 nullum
1170 4084 1229 4145 in
1264 4102 1428 4147 reum
1466 4084 1652 4144 scelus
1695 4084 1936 4158 cader03
1989 4086 2278 4164 posterior
2305 4108 2449 4148 vcro
2475 4090 2566 4148 in-

2215 4208 2272 4253 1.
