2996 4694
481 379 616 453 522
755 446 762 455 .
1123 386 1220 453 Μ.
1272 386 1349 453 Τ.
1401 384 1979 455 CICERONIS

481 506 608 601 qui
651 503 882 603 legem
927 505 1092 577 tulit
1105 497 1162 589 ⁸,
1218 530 1398 604 qua,
1447 521 1531 578 ut
1576 531 1712 605 ego
1764 507 1999 579 sentio
2028 560 2049 593 ‚
2096 504 2443 577 Milonem
2484 504 2607 577 ab·

479 613 658 685 solvi
687 642 726 687 a
761 615 968 687 vobis
999 631 1402 715 oporteret;
1429 632 1804 689 ut-omnes
1842 614 2300 703 confitentur,
2340 616 2603 687 liceret.

480 726 695 817 Quod
727 751 902 797 vero
937 728 1014 797 in
1059 727 1184 799 illo
1213 728 1408 809 loco,
1443 743 1663 827 atque
1693 728 1830 799 illis
1870 725 2331 825 publicorum
2363 727 2609 823 praesi-

483 836 768 908 diorum
827 842 1055 936 copiis
1099 837 1577 911 circumfusus
1632 838 1833 911 sedet
1854 894 1875 927 ,
1926 838 2093 909 satis
2145 834 2489 922 declarat,
2532 860 2611 907 se

481 972 632 1017 non
682 960 1086 1019 terror-ems>
1131 947 1396 1021 inferre
1445 949 1651 1021 vobis
1688 946 1907 1046 (quid
1951 950 2145 1018 enim
2194 945 2320 1016 illo
2370 948 2610 1015 minus

483 1054 782 1153 dignum
803 1110 824 1144 ,
866 1082 1084 1154 quam
1121 1084 1418 1157 cogere,
1465 1074 1549 1129 ut
1583 1084 1713 1129 vos
1760 1082 1927 1129 eum
1966 1055 2501 1142 condemnetis,
2534 1056 2609 1125 in

482 1190 703 1262 quem
747 1167 1320 1240 animadvertere
1361 1174 1549 1267 ipse,
1586 1183 1661 1239 et
1692 1192 1897 1238 more
1926 1167 2322 1261 majorum,
2366 1178 2439 1234 et
2477 1188 2613 1235 suo

476 1276 640 1369 jure
683 1280 1058 1374 posset?)‚
1095 1278 1222 1350 sed
1263 1277 1597 1378 praesidio
1622 1301 1823 1349 esse:
1862 1292 1944 1347 ut
1970 1275 2411 1371 intelligatis,
2442 1298 2613 1345 con-

485 1400 591 1456 tra
631 1385 1044 1459 hesternam
1083 1386 1590 1461 conspnemm
1640 1388 1835 1459 illam
1888 1388 2102 1459 licere
2134 1384 2375 1471 vobiS‚
2418 1382 2612 1479 quod

487 1498 836 1587 sentiatiS,
889 1498 1116 1571 libere
1145 1499 1493 1595 judicare.

581 1612 864 1679 XXVII.
909 1614 1058 1683 Nec
1099 1637 1274 1683 vero
1310 1636 1467 1700 me,
1508 1610 1825 1707 judices,
1870 1608 2300 1681 Clodianum
2340 1609 2613 1679 crimen

487 1730 810 1806 movet¹;
857 1744 995 1792 nec
1028 1736 1174 1792 tam
1205 1747 1366 1794 sum
1402 1724 1705 1794 demens
1726 1776 1746 1809 ,
1782 1735 2078 1817 tamque
2106 1722 2325 1789 vestri
2364 1738 2619 1789 sensus

485 1830 776 1924 ignarus
831 1844 1049 1928 atque
1101 1858 1396 1932 expers,
1449 1834 1551 1905 ut‘
1574 1833 1927 1915 nesciam,
1987 1828 2166 1926 quid
2223 1828 2315 1899 de
2384 1839 2619 1897 morte

489 1937 722 2009 Clodii
747 1944 1090 2013 sentiatis,
1129 1946 1238 2015 De
1277 1969 1456 2042 qua,
1478 1946 1537 2017 si
1566 1944 1715 2039 jam
1754 1941 2153 2033 nollemjta
2184 1936 2461 2009 diluere
2488 1937 2621 2008 cri·

488 2072 693 2134 men,
719 2065 804 2121 ut
833 2049 1080 2137 dilui2,
1114 2068 1355 2125 tamen
1383 2056 1683 2151 impune
1718 2049 1972 2121 Miloni
2002 2048 2233 2147 palam
2274 2048 2616 2133 clamare,

489 2173 706 2256 atque
749 2165 1040 2234 mentiri
1083 2161 1439 2261 gloriose³
1493 2164 1739 2235 liceret
1787 2188 1802 2231 τ
1845 2159 2123 2245 Occidi,
2165 2156 2433 2241 occidi,
2470 2181 2619 2227 non

490 2272 610 2368 Sp.
673 2272 1014 2343 Melium'·
1065 2276 1229 2372 qui,
1273 2270 1957 2359 annona'levanda‚
2014 2269 2461 2366 jacturisque
2514 2267 2636 2338 rei.

491 2379 890 2471 familiaris,
923 2388 1094 2482 quia
1134 2387 1349 2458 nimis
1389 2384 1728 2484 amplecti
1766 2381 2055 2481 plebem
2084 2377 2511 2478 putabatur,
2542 2378 2623 2448 in

490 2494 976 2589 suspicionem
1011 2494 1266 2566 incidit
1299 2496 1506 2592 regni
1544 2490 1975 2592 appetendi;
2012 2515 2163 2561 non
2201 2487 2357 2560 Tib.
2400 2493 2621 2561 Grac-

565 2696 614 2742 8.
641 2694 740 2758 Qui
755 2695 908 2760 legem
925 2695 1052 2746 tulit.
1073 2697 1142 2745 Ut
1156 2713 1287 2746 nova
1305 2696 1514 2762 quaestio

495 2777 885 2824 constitueretur.

565 2871 617 2918 9.
655 2855 717 2902 Se
749 2870 850 2902 non
877 2867 1126 2904 terrorem.
1156 2854 1346 2903 Nititur
1379 2854 1516 2902 omni

491 2933 646 2982 inodo
665 2932 859 2994 judiees
883 2945 1054 2994 contra
1075 2934 1358 2982 inusitatum
1375 2933 1529 2981 illum·

488 3013 784 3074 judiciorum
809 3025 1092 3079 apparatum
1121 3011 1436 3072 confirmare3
1466 3023 1519 3060 et

494 3092 736 3156 quidquid
767 3095 920 3156 egerit
953 3093 1239 3158 Pompeius,
1273 3103 1515 3156 tamquam

492 3187 650 3220 causae
687 3173 864 3220 Miloni
899 3173 1142 3237 optimum
1179 3173 1517 3221 demonstrare

493 3251 794 3314 aggreditur.

573 3346 652 3378 to.
691 3331 980 3380 Hesternam
1015 3333 1310 3380 concionem.
1354 3330 1519 3380 Pridie

492 3426 636 3473 quam
667 3409 907 3470 judicium
934 3411 1056 3459 illud
1083 3411 1360 3470 haberetur,
1391 3411 1531 3458 sedi-0

494 3491 618 3536 tiose
647 3491 894 3538 Munatius
918 3491 1124 3539 Plancus
1149 3491 1388 3555 populum
1400 3491 1517 3538 -fue-

495 3581 570 3617 rat
605 3567 886 3632 alloquutus
925 3584 938 3617 :
978 3573 1186 3631 jusserat
1224 3585 1421 3633 quoque
1461 3578 1521 3616 ut

495 3651 723 3712 frequens
766 3647 882 3695 hnic
924 3649 1116 3708 iudicio
1161 3647 1348 3697 adesset
1365 3683 1382 3709 ‚
1427 3663 1521 3695 nee

496 3727 734 3780 Milonem
743 3726 870 3774 elabi
886 3737 1130 3789 pateretur
1141 3743 1156 3786 ;
1169 3743 1262 3790 qua
1278 3723 1521 3774 concione

491 3808 743 3872 judicibus
761 3806 976 3854 indicere
997 3805 1266 3865 videbatur,
1285 3805 1519 3869 quidnam

497 3889 591 3937 illia
611 3898 736 3937 esset
757 3885 1132 3935 decernendum.

565 3971 786 4017 xxvn.
815 3982 858 4014 ι.
879 3965 1070 4014 Crimen
1089 3975 1258 4013 movet.
1285 3963 1521 4026 Quamvis

499 4050 674 4098 Cicero
713 4047 951 4096 noluisset
983 4044 1222 4094 Milonem
1261 4041 1523 4092 defendere

501 4144 594 4192 qua
622 4131 810 4178 ratione
830 4128 988 4176 facere
1009 4125 1284 4175 instituerat
1309 4123 1488 4170 Brutus
1505 4157 1520 4183 ,

1586 2695 1747 2759 ,hujus
1772 2705 1931 2741 tamen
1964 2691 2259 2756 argumentis
2291 2689 2389 2738 hoc
2426 2691 2479 2738 in
2508 2689 2625 2738 loeo

1600 2775 1788 2824 nititur.
1828 2777 2089 2838 Postquam
2122 2773 2276 2837 priori
2308 2773 2360 2820 in
2392 2771 2629 2821 orationis

1600 2865 1739 2919 perte
1764 2853 2113 2902 demonstravit
2136 2852 2375 2901 Milonem
2398 2868 2423 2899 a
2447 2851 2627 2901 Clodio

1602 2933 1749 2981 suinae
1767 2933 2040 2982 lacessitum
2058 2967 2073 2991 ,
2090 2931 2283 2996 longius
2302 2931 2629 2996 progreditur,

1604 3015 1653 3061 e‘t
1680 3013 1915 3062 Milonem
1942 3023 2071 3060 recte
2097 3011 2264 3059 fecisse
2296 3020 2511 3069 testatur,
2539 3011 2629 3073 qui

1604 3104 1808 3140 mortem
1834 3091 2013 3141 Clodio
2030 3090 2275 3147 intulerit,
2297 3103 2503 3153 eumque
2521 3103 2631 3154 gra-

1604 3157 1915 3236 tiia⁰publicia
1940 3169 2143 3233 dignum
2159 3167 2365 3229 judicat.

1676 3265 1726 3298 α.
1778 3253 1841 3296 Ut
1879 3248 2017 3298 dilui.
2068 3249 2234 3310 Quum
2280 3245 2632 3294 demonstravit

1607 3329 1835 3380 Clodium
1869 3345 1971 3377 esee
1994 3331 2105 3389 jure
2136 3326 2377 3384 occisum,
2417 3326 2529 3389 quia
2556 3324 2629 3372 la·

1606 3419 1772 3456 tronea
1794 3418 1842 3454 et
1859 3409 2057 3454 sicarios
2078 3404 2299 3452 occidere
2319 3405 2455 3452 lieet.

1680 3489 1730 3536 3.
1770 3485 1969 3535 Mentiri
1987 3485 2217 3549 gloriose.
2244 3484 2371 3546 Quia
2397 3498 2499 3530 non
2526 3482 2633 3547 ipse

1606 3567 1765 3628 Milo,
1792 3565 1877 3614 aed
1906 3564 2033 3614 servi
2058 3565 2165 3626 ejus
2197 3562 2427 3612 Clodium
2452 3573 2635 3610 macta·

1606 3656 1793 3695 verant.

1681 3735 1730 3782 4.
1766 3725 1879 3774 Non
1910 3727 1988 3788 Sp.
2017 3724 2239 3780 Melium.
2277 3727 2323 3772 A
2352 3723 2531 3770 minori
2567 3721 2633 3770 ad

1606 3807 1761 3867 maius
1806 3802 2059 3852 concludit
2112 3813 2298 3852 orator.
2353 3805 2405 3850 Si
2454 3803 2633 3850 etenim

1608 3887 1762 3935 Ahala
1789 3895 1973 3932 tantam
2006 3884 2098 3932 sibi
2124 3885 2329 3953 gloriam
2358 3883 2524 3932 occiso
2546 3884 2634 3946 Sp.

1608 3965 1760 4013 Melio
1800 3966 2013 4028 peperit,
2051 3979 2273 4028 quaenam
2311 3965 2401 4011 erit
2432 3961 2637 4009 Milonia

1608 4061 1817 4106 merces,
1852 4045 1939 4107 qui
1976 4045 2132 4090 civem
2160 4043 2317 4093 multo
2344 4041 2495 4106 magis
2531 4055 2637 4089 me·

1610 4123 1843 4171 tuendum
1868 4122 1979 4170 lnee
2000 4123 2209 4170 orbavit.
