2996 4694
528 374 661 444 128
1164 373 1261 440 Μ.
1313 373 1387 438 Τ.
1444 372 2002 462 memmius

512 496 765 595 populi
791 492 1359 591 judicio‚·togam
1386 490 1696 580 dederit3
1737 490 1935 562 hunc
1965 491 2105 564 hoc
2141 517 2370 582 anno,
2405 497 2480 566 in
2511 497 2648 570 hac

512 623 709 704 toga,
742 604 1132 701 rogationis
1168 603 1650 698 injustissimae
1683 601 1996 674 subitam
2019 603 2480 678 acerbitatem
2507 631 2645 706 pro

516 732 719 816 patre
754 713 1147 786 fortissimo
1183 727 1257 786 et
1290 711 1686 783 clarissimo
1715 713 1872 784 cive
1899 711 2410 810 deprecantem
2423 711 2477 786 ⁶.

610 833 847 923 Atque
878 823 997 895 hic
1030 839 1141 895 tot
1179 837 1253 894 et
1286 822 1538 892 talium
1573 823 1834 893 civium
1861 822 2180 920 squalor,
2207 823 2326 896 hic
2361 825 2637 912 luctus,

512 938 621 1009 hae
656 934 904 1010 sordes
930 947 1281 1032 susceptae
1310 945 1481 1002 sunt
1518 948 1818 1030 propter
1863 957 2090 1004 unum
2126 957 2280 1019 me,
2317 937 2484 1032 quia
2522 959 2640 1008 me

512 1045 995 1120 defenderunt
1030 1098 1051 1133 ‚
1110 1047 1282 1141 quia
1356 1065 1602 1112 meum
1687 1066 1930 1114 casum
2019 1042 2446 1141 luctumque
2507 1044 2639 1116 do-

514 1162 844 1243 luerunt,
898 1157 1069 1253 quia
1116 1177 1231 1224 me
1290 1151 1568 1249 lugenti
1613 1155 1890 1246 patriai,
1931 1153 2276 1250 flagitanti
2317 1159 2638 1253 senatui,

513 1269 843 1369 poscenti
904 1265 1159 1353 Italiae,
1212 1261 1423 1333 vobis
1476 1261 1822 1334 omnibus
1865 1261 2240 1334 orantibus
2305 1263 2640 1336 reddide-

510 1392 707 1450 runt.
744 1373 963 1467 Quod
998 1387 1285 1444 tantum
1314 1385 1422 1442 est
1458 1373 1538 1441 in
1575 1395 1690 1441 me
1727 1370 2001 1444 scelus?
2042 1372 2220 1469 qu'id
2263 1389 2638 1473 tantopere

514 1486 792 1581 deliqui
836 1483 993 1569 illo,
1042 1481 1165 1552 illo
1216 1480 1333 1552 die
1356 1535 1375 1568 ‚
1426 1503 1656 1578 quum
1703 1480 1795 1553 ad
1833 1505 1966 1552 vos
2001 1481 2300 1572 indicia,
2365 1485 2636 1574 literas,

512 1592 997 1668 confessiones
1058 1593 1463 1662 communis
1521 1589 1759 1660 exitii⁷
1811 1588 2084 1662 detuli?
2135 1618 2368 1690 quum
2432 1597 2638 1692 parui

511 1703 719 1776 vobis
738 1695 811 1772 ⁸?
852 1707 981 1788 At,
1026 1701 1085 1771 si
1125 1699 1514 1771 scelestum
1566 1713 1678 1770 est
1721 1724 1960 1772 amare
1997 1703 2332 1797 patriam,
2371 1704 2636 1801 pertuli

512 1835 895 1914 poenarum
942 1812 1109 1881 satis
1149 1836 1164 1878 :
1214 1833 1459 1882 eversa
1494 1808 1760 1880 domus
1799 1811 1944 1900 est,
1987 1808 2300 1883 fortunae
2332 1829 2634 1900 vexatae,

510 1924 837 2021 dissipati
880 1919 1123 2008 liberi,
1178 1933 1463 2018 raptata
1509 1919 1807 2014 conju13
1859 1919 2077 1992 frater
2113 1926 2432 2020 optimus
2455 1979 2478 2012 ‚
2523 1926 2634 1995 in-

508 2033 833 2109 credibili
860 2034 1121 2131 pietate
1138 2085 1159 2120 ‚
1186 2055 1431 2102 amore
1458 2029 1786 2101 inaudito
1806 2083 1825 2118 ,
1853 2032 2168 2103 maximo
2195 2035 2271 2104 in
2303 2036 2636 2133 squalore

509 2146 874 2220 volutatus
916 2157 1025 2215 est
1072 2139 1163 2214 ad
1206 2139 1429 2241 pedes
1466 2141 2155 2231 inimicissimorum3
2209 2167 2344 2239 ego
2386 2143 2636 2242 pulsus

502 2259 681 2342 aris,
716 2255 892 2328 focis
910 2309 931 2345 ‚
976 2252 1114 2324 diis
1170 2250 1558 2350 penatibus
1578 2306 1599 2341 ‚
1656 2250 2036 2322 distractus
2078 2277 2120 2323 a
2171 2257 2350 2326 meis
2370 2306 2390 2340 ‚
2435 2258 2634 2326 carui

502 2372 729 2468 patria
754 2422 773 2453 ‚
817 2388 1038 2464 quam
1082 2362 1235 2459 (uti
1290 2361 1648 2433 levissime
1709 2358 1994 2451 dicam)
2041 2378 2234 2435 certe
2271 2380 2582 2437 texeram
2614 2393 2632 2453 3

497 2478 763 2576 pertuli
813 2471 1315 2547 crudelitatem
1359 2473 1858 2558 inimicorum,
1897 2470 2129 2543 scelus
2183 2471 2584 2546 infidelium
2611 2530 2632 2564 ‚

498 2587 831 2660 fraudem
864 2581 1281 2653 invidorum
1303 2590 1353 2648 9.

596 2698 667 2766 Si
716 2693 859 2761 hoc
900 2714 1053 2760 non
1088 2704 1197 2759 est
1238 2693 1510 2775 satis¹⁰‚
1543 2688 1745 2786 quod
1783 2690 1936 2761 haec
1973 2693 2215 2762 omnia
2260 2690 2494 2765 deleta
2527 2698 2631 2766 vi-

494 2804 767 2875 dentur
796 2794 1033 2869 reditu
1068 2821 1233 2868 meo
1262 2825 1277 2866 :
1310 2796 1543 2869 multo
1575 2798 1789 2887 mihi,
1814 2798 2082 2887 multo,
2113 2803 2412 2898 inquam
2434 2804 2630 2899 judi-

498 2936 657 2997 ces,
721 2919 1036 3007 praestat,
1090 2907 1163 2975 in
1211 2907 1538 2978 eamdem
1594 2910 1785 2979 illam
1847 2910 2168 2983 recidere
2222 2911 2586 2985 fortunam
2613 2970 2633 2997 .‚

495 3046 715 3123 quam
749 3034 1021 3091 tantam
1058 3020 1447 3115 importare
1484 3023 1664 3093 meis
1695 3018 2199 3092 defensoribus
2236 3038 2308 3093 et
2337 3048 2630 3095 conser-

566 3191 617 3239 6.
630 3192 727 3237 Pro
732 3198 878 3253 patre
882 3184 1158 3249 fortissimo
1181 3197 1230 3232 ee
1245 3183 1516 3247 elasiss‘Imo

492 3270 593 3321 σίνε
634 3270 987 3333 deprecantem.
1015 3265 1247 3312 Lentulus
1288 3266 1518 3330 Spinther

492 3368 521 3399 e
538 3347 793 3398 eomlarn
812 3360 1028 3408 egressus
1042 3378 1058 3401 ,
1079 3344 1297 3393 Ciliciam
1316 3345 1518 3409 provin-

494 3430 619 3478 ciam
638 3438 689 3474 et
712 3424 918 3472 insulam
948 3424 1167 3488 Cyprum
1194 3426 1395 3472 sortitus
1426 3435 1515 3473 est.

492 3512 725 3558 Praeterea
772 3502 1085 3551 Ptolemaeum
1136 3514 1186 3549 et
1238 3503 1293 3549 in
1339 3502 1515 3551 solium

490 3586 800 3637 restituturus
826 3592 958 3638 erat;
992 3580 1075 3629 ned
1106 3580 1333 3629 tribunus
1359 3580 1515 3644 plebis

491 3669 643 3730 legem
662 3662 800 3717 tulit,
821 3670 880 3706 nt
898 3658 995 3706 hoc
1015 3660 1219 3723 imperio
1240 3660 1516 3717 orbaretur,

491 3746 603 3811 quia
619 3739 847 3804 Sibyllini
860 3753 1025 3786 veruna
1041 3738 1307 3785 monebant
1323 3753 1385 3783 ne
1403 3752 1518 3783 cum

493 3820 706 3874 exercitu
754 3816 969 3882 populns
1010 3831 1241 3863 romanus
1284 3830 1517 3877 nmquam
1539 3866 1546 3876 ,

494 3906 693 3954 intraret
714 3900 997 3961 AEgypmm.

564 3998 616 4043 7.
647 3973 923 4026 Communis
944 3970 1104 4023 exitii.
1130 3972 1207 4018 De
1228 3971 1524 4032 conjuratio.

496 4078 555 4111 ne
573 4056 671 4106 dici
690 4054 805 4101 ratis
822 4060 1034 4100 constat.

566 4140 613 4185 8.
662 4130 817 4180 Parui
863 4126 1048 4175 vobis?
1093 4126 1220 4174 Mihi
1254 4126 1386 4173 enim
1423 4124 1516 4174 SC.

1603 3188 1896 3249 mandastis,
1923 3200 1978 3236 nt
2001 3190 2282 3250 conjuratos
2308 3188 2523 3239 carnifici
2545 3208 2630 3241 ne-

1605 3266 1788 3315 candos
1809 3266 2070 3317 traderem.

1675 3361 1726 3408 9.
1765 3344 2008 3393 fraudem
2037 3346 2322 3395 invidorum.
2346 3349 2630 3398 Notandum

1603 3440 1700 3487 qna
1718 3436 1820 3472 arte
1839 3440 1984 3473 voces
2005 3426 2100 3473 illae
2125 3428 2254 3474 inter
2271 3444 2323 3475 se
2342 3430 2628 3492 jungantur.

1603 3504 1682 3550 Ex
1705 3503 1959 3550 inimicitia
1986 3504 2243 3552 crudelitas
2259 3540 2274 3563 ‚
2302 3522 2366 3553 ex
2389 3508 2512 3555 mala
2533 3506 2631 3556 fide

1603 3578 1760 3627 scelus
1776 3615 1791 3639 ,
1811 3596 1871 3628 ex
1897 3580 2079 3630 invidia
2101 3584 2232 3631 fraus
2249 3584 2426 3632 oritur.

1681 3674 1761 3707 ro.
1803 3659 1918 3706 Non
1949 3672 2022 3708 ese
2050 3662 2186 3711 satir.
2225 3664 2278 3711 si
2313 3664 2531 3711 nondum
2566 3664 2630 3711 ad

1603 3736 1760 3785 scelus
1785 3738 2082 3801 expiandum
2100 3778 2116 3801 ,
2148 3740 2284 3805 qnod
2307 3742 2514 3789 amando
2541 3756 2630 3805 pa-

1608 3816 1748 3862 triam
1775 3817 1971 3877 admisi,
2002 3820 2252 3870 sufficiunt
2277 3838 2453 3870 eversae
2482 3839 2632 3887 open,

1607 3893 1764 3941 diruta
1794 3895 1968 3943 domus
1982 3932 1997 3955 ,
2029 3909 2077 3946 et
2103 3916 2212 3962 quae
2247 3902 2455 3964 pertuli3
2501 3901 2634 3951 malo

1610 3988 1776 4020 rursus
1821 3975 1876 4021 in
1925 3976 2148 4024 exsilium
2199 3976 2446 4042 proficisci
2483 3996 2631 4043 qnam

1609 4051 1715 4099 baec
1760 4052 1922 4099 omnia
1968 4054 2298 4104 defensoribus
2342 4060 2460 4106 meis
2509 4060 2630 4105 mala

1609 4127 1888 4191 importare.
2507 4122 2510 4127 ¹
