2996 4694
451 361 583 434 188

1080 361 1178 429 M.
1228 361 1305 428 T.
1357 358 1930 430 CICERONIS

442 506 593 553 non
641 479 860 552 modo
915 479 1377 577 permittente
1433 491 1636 580 patre
1653 530 1674 564 ,
1719 476 1846 548 sed
1899 477 2116 548 etiam
2166 475 2508 551 suadente
2525 537 2547 568 ‚

444 591 537 664 ab
570 613 658 663 eo
694 589 1137 687 semigravit:
1170 601 1243 659 et
1274 610 1504 684 quum
1537 585 1795 657 domus
1829 586 2050 683 patris
2077 610 2120 656 a
2155 583 2313 657 foro
2338 587 2550 686 longe

446 701 761 790 abesset,
806 723 959 797 quo
1002 696 1274 769 facilius
1315 710 1387 768 et
1420 710 1704 768 nostras
1731 694 1986 766 domos
2023 694 2265 785 obire,
2303 701 2552 796 etipse

444 839 485 885 a
516 815 664 883 suis
698 810 841 883 coli
866 822 1111 909 posset
1134 819 1219 896 ¹⁷,
1248 805 1591 878 conduxit
1623 807 1696 876 in
1729 805 1996 876 Palatio
2017 859 2036 895 ,
2072 829 2223 876 non
2255 831 2550 906 magne,

439 923 762 994 domum.
808 943 819 952 ·

535 1033 706 1122 Quo
744 1029 905 1101 loco
947 1051 1245 1127 possum
1282 1025 1522 1096 dicere
1557 1024 1666 1112 id,
1713 1023 1912 1123 quod
1947 1026 2054 1096 vir
2091 1025 2513 1098 clarissimus
2533 1081 2551 1112 ‚

436 1147 535 1214 M.
573 1145 867 1212 Crassus
885 1192 905 1226 ‚
940 1161 1167 1235 quum
1204 1136 1296 1208 de
1334 1134 1650 1206 adventu
1685 1135 1871 1232 regis
1901 1135 2258 1206 Ptolemaei
2301 1161 2554 1235 quere-

438 1265 676 1340 retur,
727 1248 973 1349 paullo
1025 1261 1191 1319 ante
1248 1244 1470 1332 dixit,
1503 1273 1538 1310 α
1559 1245 1850 1317 Utinam
1905 1269 1998 1316 ne
2045 1247 2120 1316 in
2147 1239 2214 1290 ¹⁸
2257 1271 2552 1318 nemore

433 1393 467 1428 α
495 1360 788 1432 Pelio....
816 1389 853 1426 n
902 1381 987 1429 ac
1034 1357 1321 1454 longius
1370 1355 1668 1453 quidem
1725 1355 1904 1425 mihi
1967 1369 2352 1428 contexere
2414 1357 2554 1428 hoc

440 1502 475 1538 α
498 1455 789 1542 carmen
818 1469 1064 1540 liceret
1092 1494 1109 1538 ε
1142 1497 1175 1532 α
1198 1470 1378 1539 Nam
1406 1489 1806 1564 numquam
1841 1465 2014 1536 hera
2047 1490 2290 1537 errans
2309 1497 2343 1531 >›
2369 1465 2556 1537 hanc

342 1663 355 1680 ⁹
438 1577 841 1651 molestiam
902 1576 1113 1648 nobis
1172 1575 1544 1649 exhiberet
1571 1630 1590 1660 ‚
1649 1605 1682 1640 α
1704 1573 1956 1647 Medea
2019 1579 2258 1648 animo
2328 1601 2511 1674 aegra
2535 1631 2555 1662 ‚

440 1713 685 1761 amore
726 1713 907 1758 saevo
944 1688 1268 1760 sauciam.
1296 1717 1330 1753 >2
1369 1687 1482 1758 Sic
1515 1685 1750 1774 enim,
1780 1685 2102 1781 judicer„
2143 1689 2512 1783 reperietis
2536 1741 2556 1772 ‚

442 1797 677 1897 quod,
704 1821 935 1895 quum
972 1796 1062 1869 ad
1096 1796 1171 1868 id
1203 1796 1345 1868 loci
1376 1819 1684 1880 venere,
1711 1794 2109 1882 ostendam,
2143 1794 2331 1868 hanc
2365 1797 2555 1868 Pala-

440 1910 664 1980 tinam
686 1906 1012 1980 Medeam
1035 1917 1121 1996 ¹9‚
1149 1907 1792 2006 migrationemque
1812 1913 1904 1994 ²⁰,
1930 1903 2102 1977 huic
2125 1903 2556 1978 adolescenti

439 2123 673 2176 malunt
692 2158 709 2184 ‚
748 2119 1054 2172 Causidicum
1100 2117 1264 2168 medio
1304 2133 1457 2183 quum

438 2205 573 2255 faber
618 2211 752 2270 aptat
794 2215 923 2265 equo
946 2221 992 2250 a.
1052 2200 1118 2248 Et
1156 2213 1272 2248 eane
1314 2195 1457 2246 claris

438 2283 711 2336 oraton'bua
726 2282 958 2330 excitatae
976 2280 1123 2330 fuiaae
1134 2287 1313 2328 statuae
1328 2292 1459 2325 com·

438 2375 629 2433 peu-tum
652 2374 743 2413 eat.
767 2361 897 2410 Vide
920 2358 1178 2408 Sidonium
1203 2356 1457 2421 Apollina-

438 2460 541 2494 rem
561 2443 705 2509 epiat.
736 2456 799 2503 a,
816 2440 907 2489 lib.
930 2440 1052 2486 vm
1068 2472 1084 2498 ,
1109 2437 1173 2484 ad
1196 2438 1455 2485 loannem.

438 2527 541 2573 Bae
598 2534 885 2585 magnorum
938 2526 1183 2564 oratorum
1230 2515 1459 2577 imagine·

440 2596 851 2663 maim-inhonori·
864 2608 1003 2641 cauea
1032 2592 1231 2640 invenio
1244 2591 1389 2639 fuiaee
1408 2592 1461 2639 iu

440 2682 545 2746 ipen
590 2677 725 2725 curia
766 2672 1045 2720 collocatae.
1070 2670 1197 2718 vide
1230 2670 1384 2717 Tacit.
1413 2672 1462 2718 ΙΙ

440 2755 705 2810 Annalium
742 2750 804 2799 de
842 2749 1132 2808 Hortensio,
1173 2759 1222 2797 et
1256 2764 1374 2797 mox
1398 2749 1461 2799 de

437 2838 627 2887 conare
644 2829 956 2881 Germanico.

517 2928 596 2973 ¹7·
644 2912 753 2974 Quo
783 2906 1014 2974 facilius.
1036 2942 1050 2955 .
1072 2939 1087 2954 .
1104 2940 1119 2954 .

431 3000 608 3058 pos-see.
650 2988 721 3036 Ut
756 2986 903 3049 mihi,
942 2985 1117 3035 Craaeo
1136 3020 1152 3049 ,
1194 2986 1461 3043 ceterisque

438 3068 539 3119 auia
566 3066 785 3132 patronis
816 3074 939 3112 emet
974 3062 1197 3122 vicinior,
1234 3074 1283 3112 et
1320 3077 1458 3113 com-

442 3146 641 3197 modius
681 3144 767 3193 ille
810 3158 927 3191 auoa
968 3152 1203 3208 patronos
1218 3177 1233 3201 ‚
1291 3144 1461 3207 auique

443 3240 554 3275 eum
578 3224 778 3273 cliente·
802 3221 1058 3271 salutatum
1084 3222 1381 3271 accederent.

522 3304 599 3350 18.
640 3301 833 3349 veiham
868 3316 931 3349 ne
956 3300 1007 3347 in
1040 3314 1246 3350 nemon.
1281 3304 1462 3348 Veram

444 3381 589 3430 Buuii
610 3379 672 3428 de
690 3379 878 3428 Medea·
898 3376 1125 3443 tragoedia
1138 3414 1154 3440 ‚
1174 3378 1351 3443 quibua
1368 3394 1461 3427 nu-

443 3460 544 3508 trix
588 3456 775 3506 Medea
832 3472 1003 3505 navem
1066 3456 1321 3505 accumbat
1366 3474 1463 3522 qua

446 3541 741 3600 Argonauta
783 3533 977 3581 advecti
1018 3534 1221 3583 fua-ant.
1268 3536 1465 3585 Craaeua

444 3618 537 3667 hoa
563 3610 825 3661 verniculoa
855 3610 921 3657 ad
956 3612 1267 3661 Ptolemoeum
1301 3630 1460 3679 regem

447 3690 650 3757 AEgypti
680 3690 979 3749 detonet-an
1004 3690 1090 3753 qui
1115 3690 1285 3755 pulsu·
1308 3708 1337 3740 a
1362 3694 1461 3741 auis
1486 3680 1490 3684 ¹

448 3770 669 3830 daban,
709 3768 911 3816 Romam
946 3784 997 3816 ee
1039 3771 1332 3834 contulerat,
1351 3783 1405 3819 ut
1431 3787 1460 3819 a

446 3860 617 3900 aetatu
655 3844 939 3911 populoque
968 3862 1166 3897 romano
1195 3850 1463 3898 restituere-

448 3941 543 3978 tur.
582 3926 663 3973 Sic
686 3940 738 3972 ae
778 3923 993 3971 habent:
1032 3949 1057 3968 «ι
1076 3927 1271 3976 Utinam
1310 3945 1373 3975 ne
1408 3928 1463 3974 iu

444 4020 643 4055 nemore
668 4002 804 4052 Pelio
826 4003 1071 4052 securibus
1096 4008 1231 4055 Caeaa
1257 4005 1463 4055 cecidis-

445 4094 521 4133 set
556 4084 757 4145 abiegna
792 4080 855 4127 ad
894 4092 1062 4133 terram
1105 4084 1292 4143 trabe-3
1328 4084 1463 4134 Neve

1156 2922 1193 2955 a
1234 2904 1332 2955 mis
1366 2907 1464 2957 οοὶἰ
1525 2903 1529 2911 “

1543 2115 1659 2165 inde
1682 2117 1822 2165 mvi·
1843 2115 2130 2166 inchoanda!
2157 2119 2414 2168 exordium
2443 2119 2558 2170 Coe-

1545 2195 1692 2260 piaeet
1707 2231 1723 2256 ,
1757 2211 1867 2260 qua!
1897 2213 2030 2246 nuuc
2059 2197 2334 2246 nominatur
2363 2201 2559 2248 nomine

1543 2278 1679 2339 Argo
1706 2288 1720 2325 ε
1759 2291 1856 2339 qua
1889 2277 2016 2324 vecti
2053 2277 2224 2341 Argivi
2258 2277 2432 2325 delecti
2467 2277 2560 2325 viri

1545 2355 1778 2405 Petebant
1801 2354 1930 2404 illam
1953 2356 2127 2421 pellem
2149 2356 2413 2406 inauratam
2437 2357 2561 2406 arie-

1547 2434 1610 2483 tia
1635 2434 1865 2498 colchis,
1889 2434 2092 2499 imperio
2123 2438 2250 2500 regia
2277 2436 2443 2495 Pelio,
2471 2454 2560 2503 per

1546 2514 1753 2565 dolum:
1777 2516 1904 2565 Na·
1949 2532 2212 2582 numquam
2249 2518 2360 2567 hera
2397 2534 2560 2567 errans

1533 2594 1648 2642 'mea
1665 2628 1680 2652 ‚
1726 2595 1876 2644 domo
1910 2596 2100 2645 efferret
2143 2596 2316 2662 pedem
2357 2596 2528 2646 Medea
2545 2630 2560 2654 ‚

1548 2673 1712 2721 auimo
1733 2690 1885 2739 egra,
1905 2690 2068 2723 amore
2087 2692 2220 2724 ωηο
2239 2680 2397 2724 saucia
2419 2696 2462 2725 υ.
2489 2700 2560 2713 -

1547 2750 1682 2798 Nam
1705 2768 1984 2817 numquam.
2007 2754 2252 2801 'rnmfm
2275 2753 2448 2803 Cicero
2471 2752 2560 2800 hoe

1546 2838 1746 2894 questus
1768 2845 1795 2878 a
1819 2830 2008 2879 Medea
2024 2830 2212 2879 unu-icc
2235 2831 2298 2879 ad
2321 2830 2563 2881 Clodiam.

1624 2924 1704 2972 ¹9·
1727 2908 2004 2957 Palatinam
2030 2909 2276 2960 Medeam.
2309 2908 2424 2961 soil.
2447 2910 2564 2959 Clo-

1546 2986 1676 3041 dian
1723 2989 1776 3035 in
1826 2987 2008 3037 Palatio
2051 2988 2377 3050 habitantem5
2417 3003 2564 3053 quam

1548 3066 1719 3114 festive
1740 3066 1910 3115 Cicero
1929 3066 1996 3115 ita
2017 3077 2192 3128 vocat,
2216 3070 2331 3131 quia
2356 3065 2562 3118 Coelium

1547 3144 1798 3194 Atratinus
1808 3160 1976 3193 accuaa
1981 3156 2076 3207 tor,
2083 3156 2140 3193 ut
2151 3146 2206 3193 in
2217 3146 2562 3196 Fortunatiano

1545 3224 1738 3287 legitur,
1763 3224 2059 3288 pulchellum
2092 3227 2322 3274 Jaaonem
2349 3224 2564 3290 appella-

1548 3312 1700 3351 vent.

1625 3394 1706 3427 ao.
1733 3378 2187 3445 Migo-nationemque.
2223 3379 2376 3443 Quod
2401 3382 2452 3429 in
2479 3382 2567 3429 Pa-

1550 3458 1720 3507 latium
1767 3459 2042 3521 migraverit
2091 3457 2332 3507 conducta
2386 3458 2567 3518 domo;

1550 3537 1665 3584 inde
1707 3536 1834 3583 enim
1879 3536 2049 3585 vicine
2089 3536 2276 3586 Clodiae
2313 3548 2452 3586 natua
2496 3550 2572 3587 eat

1551 3630 1706 3673 amor,
1725 3622 1776 3660 et
1787 3623 1900 3677 poet
1917 3628 2126 3663 amorem
2142 3612 2224 3663 illa
2239 3616 2363 3664 mala
2375 3654 2390 3679 ,
2405 3634 2571 3682 quam-

1549 3708 1694 3757 quam
1716 3691 1860 3749 fal-a,
1877 3708 1986 3755 quoe
2003 3708 2136 3741 nuuc
2156 3694 2312 3743 coelio
2331 3708 2573 3745 accusato·

1549 3786 1626 3819 rea
1667 3768 1924 3829 objiciunt.
1967 3772 2388 3834 Quemadmodum
2427 3788 2572 3840 poeta

1547 3847 1696 3911 longe
1731 3848 1881 3911 petita
1923 3849 2158 3898 malorum
2199 3868 2336 3899 cauea
2355 3886 2370 3911 ‚
2413 3854 2570 3901 dixit:

1551 3926 1784 3973 -Utinam
1821 3942 1886 3973 ne
1917 3925 1969 3974 in
2003 3944 2198 3977 nemore
2215 3946 2275 3993 -ς
2313 3932 2384 3978 aic
2411 3944 2575 3981 orator

1549 4004 1715 4068 potuit
1737 4004 1926 4053 dicere:
1955 4006 2152 4054 Utinam
2169 4022 2234 4054 ne
2255 4010 2307 4057 iu
2338 4010 2572 4061 Palatium

1551 4082 1735 4131 Coeliua
1753 4098 2016 4149 numqua-
2041 4088 2316 4150 migrasset!
