2996 4694
353 415 1095 439 ‘numm-“m
1098 415 1277 437 *m
1282 417 1557 438 mm
1561 415 2398 442 mmm-mmm
2407 421 2498 442 w·

844 688 1999 796 ARGUMENTUM.

350 991 659 1068 Dejotarus
698 988 989 1047 tetrarcha
1026 987 1443 1068 Gallograeciae‚
1471 988 1596 1046 sive
1637 987 1882 1048 Galatiae
1910 1009 2076 1068 paene
2123 994 2331 1069 totius,
2365 1017 2500 1076 quae

428 1099 519 1146 est
560 1085 706 1145 Asia».
741 1086 902 1164 regio
918 1139 927 1146 .
943 1085 1209 1163 Phrygiae
1249 1097 1307 1143 et
1357 1083 1746 1164 Cappadocia>
1791 1086 2032 1146 confinis
2047 1130 2064 1157 ‚
2116 1090 2500 1170 imperatores

430 1203 704 1242 romanos
738 1197 863 1242 toto
890 1183 1027 1242 vitae
1057 1201 1176 1243 suae
1208 1194 1471 1260 tempore
1503 1182 1564 1240 in
1591 1181 1664 1240 iis
1691 1181 1858 1242 bellis
1885 1184 2206 1263 adjuverat,
2231 1211 2363 1269 quae
2383 1198 2500 1254 Ro-

431 1279 587 1340 mani
609 1281 671 1340 in
686 1281 815 1339 Asia
837 1291 1171 1358 gesserunt3
1189 1278 1351 1338 unde
1366 1279 1494 1358 ipse
1507 1279 1762 1339 vicissim
1783 1302 1888 1340 rex
1909 1302 1945 1342 e
1972 1285 2260 1346 tetrarcha
2289 1290 2499 1365 faetus,

431 1377 1029 1437 honorificentissimis
1051 1375 1299 1436 decretis
1328 1389 1570 1436 ornatus
1597 1390 1657 1435 et
1678 1396 1886 1456 magna
1905 1381 2070 1458 regni
2101 1397 2270 1462 parte
2297 1401 2500 1448 auctus

430 1473 639 1536 suerat.
684 1478 774 1532 De
812 1473 915 1531 illo
962 1472 1153 1544 Sulla,
1199 1477 1482 1540 Murena,
1521 1471 1802 1532 Servilius
1827 1516 1847 1545 ‚
1887 1477 2166 1537 Lucullus
2198 1495 2404 1542 ornate
2439 1499 2501 1544 et

424 1571 678 1649 graviter
698 1570 761 1628 in
782 1550 985 1629 senatu
1010 1568 1501 1648 praedicaverant3
1529 1580 1590 1626 et
1616 1570 1926 1647 Pompeius
1952 1593 2134 1632 unum
2159 1577 2498 1655 Dejotarum

430 1667 489 1725 in
515 1680 641 1726 toto
660 1666 805 1725 orbe
832 1679 1120 1724 terrarum
1149 1664 1343 1723 animo
1374 1665 1626 1722 amicum
1647 1685 1902 1744 vereque
1924 1666 2288 1748 benivolum,
2320 1697 2500 1737 unum

430 1766 659 1826 fidelem
686 1766 910 1845 populo
936 1783 1183 1823 romano
1204 1763 1491 1842 judicavit
1528 1762 1712 1842 (Phil.
1743 1766 1865 1844 11).
1901 1772 2108 1848 Itaque
2137 1771 2213 1830 ab
2239 1772 2376 1850 illo,
2405 1779 2501 1837 cui

431 1864 495 1922 in
531 1861 932 1922 Mithridatico
954 1860 1113 1920 bello
1143 1861 1454 1920 maximam
1480 1879 1656 1939 opem
1687 1877 2030 1937 navaverat,
2079 1872 2357 1932 Armenia
2383 1875 2499 1933 mi-

431 1979 578 2018 nore
612 1959 801 2018 fuerat
827 1958 1075 2018 donatus
1112 1959 1400 2038 (Eutrop.
1427 1961 1542 2030 VI,
1586 1963 1722 2031 11),
1757 1971 1820 2016 et
1850 1978 1885 2019 a
1924 1975 2129 2023 senatu
2161 1986 2268 2026 rex
2297 1973 2500 2049 appel—

428 2059 582 2117 latus
622 2056 740 2138 (ad
771 2064 883 2116 Att.
912 2061 985 2128 V,
1021 2076 1087 2130 17
1110 2053 1151 2135 ).
1186 2054 1347 2114 Bello
1374 2053 1535 2112 civili
1565 2055 1719 2113 inter
1749 2059 2033 2118 Caesarem
2071 2073 2132 2119 et
2161 2067 2500 2143 Pompeium

430 2168 640 2214 exorto
659 2198 677 2227 ,
709 2173 889 2231 quum
918 2154 1257 2212 alterutram
1284 2151 1451 2230 sequi
1482 2165 1710 2229 partem
1740 2169 2076 2232 cogeretur,
2103 2160 2383 2237 sequutus
2412 2180 2501 2224 est

430 2271 561 2310 eam
581 2295 598 2323 ,
640 2270 815 2330 quam
834 2248 1080 2329 jubebat
1104 2248 1249 2308 fides
1275 2261 1335 2307 et
1360 2247 1612 2308 amicitia
1628 2293 1645 2320 ‚
1679 2249 1740 2340 iu
1776 2270 1894 2327 qua
1921 2271 2102 2330 quum
2131 2270 2398 2332 senatus,
2438 2276 2501 2322 et

426 2349 730 2419 consules,
773 2361 833 2407 et
870 2347 1241 2426 magistratus
1276 2347 1455 2405 ceteri
1494 2360 1723 2419 essent,
1763 2346 1892 2426 ipsa
1921 2368 2158 2429 quoque
2184 2374 2340 2435 resp.
2377 2380 2503 2419 esse

431 2445 760 2505 videbatur.
790 2450 1101 2523 Postquam
1128 2444 1393 2504 devictus
1432 2458 1522 2504 est
1554 2443 1852 2505 Pharsalia
1878 2448 2190 2526 Pompeius
2211 2446 2502 2526 ‚'domum

428 2565 494 2604 se
527 2543 779 2603 consulit
810 2542 1151 2621 Dejotarus,
1178 2556 1239 2601 et
1274 2545 1564 2601 Caesarem
1605 2561 1738 2601 cum
1779 2543 2218 2621 Alexandrinis,
2265 2568 2501 2614 mortuo

428 2642 733 2721 Pompeio,
746 2640 965 2700 bellum
989 2652 1281 2718 gerentem
1305 2640 1554 2719 pecunia
1574 2642 1938 2700 sustentavit.
1960 2644 2244 2706 Confecto
2263 2649 2504 2711 Alexan·

430 2740 604 2799 drino
631 2738 809 2808 bello,
826 2738 887 2796 in
906 2743 1159 2798 Pontum
1186 2736 1486 2815 profectus
1513 2748 1604 2795 est
1635 2740 1844 2807 (ζων,
1871 2736 2230 2803 Pharnacem
2257 2746 2500 2808 Mithri-

432 2838 583 2897 datis
613 2838 795 2895 filium
816 2835 975 2895 bello
1001 2848 1461 2914 persequuturus
1487 2856 1504 2894 ε
1533 2832 1767 2893 obviam
1793 2836 1903 2895 ivit
1927 2838 2240 2916 Dejotarus
2258 2885 2275 2913 ‚
2302 2857 2362 2903 et
2393 2847 2501 2906 de.

434 2935 637 3014 positis
666 2935 837 3013 regiis
864 2932 1184 3011 insignibus
1205 2975 1222 3004 ,
1260 2946 1323 2991 et
1358 2952 1551 3010 neque
1589 2945 1814 2993 tantum
1841 2935 2074 3013 privato
2104 2941 2316 3001 vestitu
2336 2986 2356 3014 ,
2398 2946 2501 3003 sed

434 3052 669 3091 reorum
691 3032 894 3090 habitu
910 3074 927 3103 ‚
961 3031 1209 3109 supplex
1232 3028 1306 3088 ad
1336 3031 1622 3089 Caesarem
1640 3031 1802 3090 venit
1822 3045 2078 3105 oratum,
2099 3048 2168 3094 ut
2191 3036 2305 3097 sibi
2329 3041 2502 3102 etiam

434 3130 790 3208 ignosceret,
819 3126 982 3206 quod
1012 3126 1072 3186 iu
1103 3146 1173 3184 ea
1199 3138 1366 3204 parte
1397 3126 1626 3205 positus
1651 3138 1970 3201 terrarum,
1999 3150 2131 3208 quae
2157 3134 2319 3194 nulla
2348 3157 2504 3216 pra.»-

433 3227 583 3286 sidia
612 3228 853 3286 Caesaris
884 3223 1181 3284 habuisset
1201 3267 1220 3298 ,
1243 3222 1604 3282 exercitibus
1638 3223 2012 3305 imperiisque
2035 3228 2096 3287 in
2120 3232 2224 3289 Cn.
2243 3237 2504 3316 Pompeii

436 3324 641 3383 castris
666 3324 867 3383 suisset
891 3346 905 3380 :
931 3342 1122 3401 neque
1147 3321 1301 3380 enim
1330 3340 1390 3380 se
1416 3319 1678 3399 judicem
1702 3320 1975 3383 debuisse
2002 3344 2126 3386 esse
2152 3344 2505 3395 controver-

434 3424 649 3481 siarum
668 3420 877 3500 populi
897 3439 1043 3479 rom.
1058 3417 1161 3478 sed
1176 3438 1383 3497 parere
1397 3414 1780 3496 praesentibus
1793 3416 2064 3498 imperiis.
2086 3428 2306 3488 Contra
2329 3451 2504 3509 quem

434 3522 628 3578 Caar
655 3538 837 3597 quum
861 3517 1111 3597 plurima
1138 3535 1247 3575 sua
1266 3529 1781 3575 commemorasset
1806 3516 2030 3593 officia,
2065 3542 2197 3600 quae
2215 3531 2418 3589 consul
2447 3534 2502 3591 ei

434 3615 687 3677 decretis
708 3614 961 3696 publicis
988 3614 1318 3685 tribuisset3
1360 3632 1661 3691 quumque
1701 3613 2098 3676 defensionem
2129 3620 2256 3697 ejus
2283 3626 2504 3687 nullam

435 3732 608 3791 posse
647 3712 1079 3773 excusationem
1130 3709 1542 3791 imprudentiae
1593 3710 1855 3789 recipere
1905 3716 2297 3794 coarguisset3
2341 3724 2504 3799 quod

436 3810 615 3869 homo
650 3824 823 3870 tantae
839 3810 1163 3890 prudentiae
1196 3830 1263 3869 ac
1286 3807 1604 3887 diligentiae
1633 3808 1783 3867 scire
1814 3810 2100 3887 potuisset
2136 3814 2266 3892 quis
2281 3818 2504 3881 Urbem

433 3907 777 3986 Italiamque
806 3920 1061 3981 teneret,
1099 3906 1205 3967 ubi
1232 3918 1465 3965 senatus
1492 3904 1866 3985 populusque
1892 3926 2195 3980 romanus,
2220 3910 2325 3972 ubi
2350 3936 2504 3999 resp,

434 4018 617 4077 esset,
645 4005 777 4083 quis
802 4005 1017 4065 deinde
1042 4018 1179 4086 post
1194 4002 1612 4075 LLentulum,
1635 4004 1702 4062 C·
1717 4004 2082 4074 Marcellum,
2105 4010 2310 4069 consul
2329 4028 2506 4088 5⁵⁰²}

435 4102 537 4161 sed
570 4117 763 4163 tamen
800 4124 862 4161 se
896 4102 1218 4163 concedere
1254 4100 1319 4161 id
1360 4100 1576 4160 factum
1605 4100 2007 4178 superioribus
2035 4103 2152 4161 suis
2175 4104 2504 4187 beneflciis,
