2996 4694
539 343 675 443 176
1181 342 1281 416 Μ.
1331 350 1408 417 T.
1461 350 2025 421 CICERONIS

527 492 770 568 neque
808 465 1362 542 defendentibus
1409 469 1621 543 nobis
1636 482 1685 541 ⁷.
1734 476 1915 545 Nam
1960 466 2208 569 quod⁸
2250 470 2341 544 de
2378 476 2644 571 pietate

526 578 802 650 dixistis
823 631 844 665 ‚
883 592 989 647 est
1019 578 1312 676 quidem
1351 582 1482 651 ista
1519 594 1767 652 nostra
1803 583 2229 654 existimatio
2250 636 2269 670 ‚
2305 583 2429 654 sed
2452 585 2645 680 judi-

524 691 766 761 ciuma
810 701 1000 758 certe
1032 690 1364 783 parentis.
1393 686 1587 780 Quid
1624 712 1757 759 nos
1789 691 2194 786 opinemur,
2229 690 2528 764 audietis
2554 718 2646 766 ex

519 800 820 895 juratis:
856 795 1032 893 quid
1085 811 1419 895 parentes
1459 799 1807 883 sentiant,
1852 797 2173 894 lacrymas
2214 803 2497 888 matris,
2538 802 2647 873 in-

519 906 1026 1005 credibilisque
1063 930 1358 995 moeror,
1405 904 1703 1003 squalor
1744 908 1999 1003 patris,
2038 922 2113 977 et
2145 905 2297 978 haec
2331 932 2642 1006 praesens

517 1020 890 1107 moestitia,
926 1040 1146 1114 quam
1186 1018 1476 1088 cernitis
1497 1070 1518 1105 ‚
1558 1016 1937 1113 luctusque
1972 1016 2301 1088 declarat.

617 1130 843 1213 Nam,
896 1122 1100 1224 quod
1153 1140 1262 1197 est
1303 1125 1717 1220 objectum,
1754 1123 2241 1224 municipibus
2278 1150 2431 1199 esse
2466 1128 2641 1201 ado-

516 1236 908 1309 lescentem
952 1258 1118 1333 non·
1141 1234 1530 1332 probatum
1560 1236 1706 1307 suis
1737 1261 1753 1305 ε
1789 1236 2061 1306 nemini
2092 1260 2435 1334 umquam
2468 1262 2643 1336 prae-

516 1344 704 1417 senti
743 1341 1203 1414 Puteolani¹⁰
1238 1343 1547 1438 majores
1581 1344 1897 1415 honores
1930 1342 2391 1434 habuerunt‚-
2418 1372 2639 1443 quam

515 1452 797 1525 absenti
855 1456 953 1523 M.
1017 1451 1294 1539 Coelio;
1339 1476 1560 1559 quem
1621 1468 1694 1525 et
1740 1453 2111 1525 absentem
2161 1456 2239 1525 in
2286 1456 2639 1554 amplissi-

519 1585 724 1633 mum
765 1559 1174 1633 ordinem¹¹
1221 1577 1663 1660 cooptarunt
1684 1613 1706 1650 ‚
1762 1578 1837 1633 et
1880 1586 1963 1635 ea
2003 1588 2157 1635 non
2198 1572 2473 1661 petenti
2515 1566 2639 1639 de-

515 1671 884 1757 tulerunt,
922 1695 1084 1767 quae
1119 1670 1364 1742 multis
1397 1670 1811 1771 petentibus
1844 1669 2335 1769 denegarunt:
2380 1674 2639 1747 iidem-

516 1804 664 1879 que
720 1804 916 1851 nunc
970 1780 1390 1853 lectissimos
1447 1782 1678 1869 virOS,
1724 1794 1796 1850 et
1848 1781 2077 1851 nostri
2126 1779 2397 1852 ordinis
2419 1791 2508 1871 ¹²,
2562 1798 2638 1855 et

516 1890 798 1987 equites
836 1914 1175 1962 romanos
1225 1914 1389 1962 cum
1443 1890 1799 1987 legatione
1843 1888 1937 1961 ad
1974 1888 2197 1961 hoc¹³
2232 1889 2585 1985 judicium
2610 1948 2631 1981 ‚

509 2015 582 2073 et
625 2024 793 2071 cum
835 2002 1254 2099 gravissima*
1283 2014 1503 2098 atque
1548 2000 1997 2071 ornatissima
2040 1998 2454 2073 laudatione
2502 2003 2634 2073 mi·

514 2124 790 2183 serunt.

601 2219 874 2293 Videor
915 2219 1093 2291 mihi
1121 2214 1374 2315 jecisse
1415 2217 1888 2291 fundamenta
1928 2216 2363 2291 defensionis
2404 2244 2627 2294 meae:

510 2357 672 2432 quae
717 2329 1124 2404 firmissima
1175 2345 1386 2419 sunt,
1428 2333 1488 2400 si
1532 2330 1863 2401 nituntur
1885 2333 1947 2384 ²4
1991 2328 2267 2426 judicio
2306 2355 2630 2403 suorum.

575 2589 629 2634 ⁶7.
658 2572 827 2635 N'equs
847 2564 1211 2636 defendentibus
1229 2561 1386 2615 nobis.
1413 2565 1529 2632 Ipse
1610 2567 1763 2627 riam3
1796 2583 1909 2616 nam
1932 2567 2023 2632 qni
2052 2570 2225 2618 Rom
2254 2577 2475 2630 senatu,
2500 2569 2629 2618 iden

507 2655 636 2702 enim
652 2651 824 2700 Cicero
843 2643 1019 2711 equitis
1044 2646 1232 2694 mmani
1252 2655 1354 2692 erat
1377 2643 1526 2694 filius.
1608 2645 1663 2693 in
1699 2647 1977 2712 municipiis
2020 2649 2153 2696 curia
2194 2646 2475 2710 dicebatur3
2514 2649 2630 2698 inde

579 2732 629 2777 8.
649 2729 782 2776 Nam
799 2725 936 2791 quod
946 2724 1214 2788 depictam.
1231 2722 1364 2770 Nota
1383 2737 1525 2770 usum

504 2811 649 2871 huius
676 2804 922 2871 particula
952 2805 1005 2851 in
1037 2801 1403 2850 transitionibus
1429 2801 1525 2848 fre·

506 2898 752 2955 quentem.
785 2883 1043 2932 Proximez
1069 2902 1097 2924 a
1115 2881 1242 2930 Nam
1273 2879 1411 2945 quod
1436 2881 1529 2927 ob·

499 2967 682 3030 jectum
711 2971 783 3011 est
810 2961 872 3009 de
895 2957 1132 3026 pudicitia
1158 2959 1212 3006 in
1243 2959 1486 3007 Vatinium
1503 2974 1521 3010 ε

503 3062 615 3098 mm
653 3039 792 3108 quod
835 3039 956 3088 mihi
995 3037 1256 3086 discessum
1301 3037 1523 3100 objecisti

503 3139 664 3175 meum
687 3143 735 3171 ι.
771 3119 833 3169 Et
857 3119 926 3166 sic
951 3118 1145 3184 passim.
1171 3117 1329 3166 Pietas
1355 3116 1410 3164 in
1435 3134 1524 3182 pa·

503 3213 664 3254 rentes
683 3198 806 3247 tanti
832 3207 903 3244 est
927 3195 1144 3253 Platoni,
1169 3205 1225 3242 ut
1241 3208 1344 3242 non
1365 3197 1523 3242 mino-

503 3283 570 3334 ris
603 3295 708 3330 eam
732 3277 881 3325 ducat
899 3289 1046 3339 quam
1073 3273 1257 3322 cultum
1290 3273 1517 3333 deorum,

503 3365 583 3413 11
606 3359 667 3407 de
689 3359 838 3419 Legg.

573 3455 625 3502 9.
642 3435 822 3483 Nostra
833 3430 1130 3481 existimat&
1138 3466 1156 3490 ,
1176 3427 1519 3494 sedjudicium.

501 3511 804 3569 Existimatio
825 3521 898 3559 est
915 3511 1134 3576 opinatio
1152 3520 1201 3559 et
1217 3511 1515 3571 coniectus-213

491 3593 732 3668 judicium
757 3606 874 3639 vero
887 3625 902 3648 ‚
928 3588 1161 3638 sententia
1177 3623 1193 3650 ‚
1221 3603 1332 3652 quse
1357 3603 1410 3636 re
1433 3603 1519 3636 co·

501 3678 633 3744 gnita
649 3708 665 3735 ‚
687 3669 1044 3736 pronuntiatur.

577 3769 657 3804 10.
689 3745 930 3799 Praesenti
955 3743 1231 3794 Puteolani.
1263 3743 1423 3794 Codd.
1453 3743 1517 3792 al.

500 3835 684 3888 habent
709 3828 880 3894 partim
897 3860 914 3882 ,
947 3847 970 3870 ι
991 3824 1218 3890 presenti
1240 3824 1438 3888 praetori
1458 3841 1515 3882 »ς

501 3905 952 3982 partim,-praesenti
971 3902 1244 3968 praetutiani
1256 3918 1308 3966 ις
1323 3904 1516 3969 panim,

498 4019 526 4038 .
541 3987 765 4060 prasenti
783 3981 1038 4033 Puteolani
1054 4002 1102 4030 ι.

573 4087 595 4119 ι
609 4086 655 4119 1.
693 4059 1050 4128 Amplissimum
1073 4058 1305 4112 ordinem.
1334 4063 1398 4113 In
1423 4076 1513 4112 cu·

1610 2723 1913 2774 decuriones.
2308 2771 2317 2780 ,

1686 2818 1766 2852 ta.
1790 2805 1857 2850 Et
1870 2801 2025 2850 nostri
2036 2801 2241 2852 ordinis.
2260 2803 2629 2855 Observandum

1611 2893 1855 2930 senatores
1902 2895 2153 2941 romanos,
2186 2885 2273 2946 qni
2305 2883 2432 2933 forte
2469 2883 2629 2948 aliqua

1610 2960 1673 3008 de
1710 2973 1849 3008 causa
1888 2957 1942 3008 in
1980 2961 2257 3024 municipiis
2294 2972 2430 3010 erant
2444 2997 2459 3021 ‚
2494 2962 2626 3011 unde

1610 3041 1705 3088 orti
1733 3040 1951 3098 filerunt,
1976 3037 2160 3102 legatos
2194 3040 2509 3089 decurionum
2534 3040 2624 3090 de·

1608 3129 1742 3168 creto
1764 3121 1967 3167 Romam
1994 3117 2123 3167 mitti
2140 3117 2331 3166 solitos.

1684 3198 1763 3244 13.
1784 3199 1905 3248 Cum
1926 3197 2171 3262 legatione
2184 3196 2257 3244 ad
2272 3195 2620 3262 koejudc'cium.

1605 3277 1680 3324 De
1696 3276 2018 3339 legationibus
2030 3311 2044 3336 ,
2068 3291 2177 3340 quae
2194 3275 2257 3323 ad
2276 3291 2467 3324 reorum
2495 3291 2621 3324 com·

1602 3354 1961 3404 mendationem
1982 3357 2265 3404 auctoritate
2286 3355 2484 3418 publica
2506 3355 2621 3404 mit-

1603 3441 1820 3482 terentur
1840 3465 1859 3494 ,
1918 3433 2142 3498 frequens
2197 3431 2336 3497 apud
2380 3444 2621 3482 oratorem

1600 3514 1816 3570 mentio;
1850 3523 1905 3559 nt
1939 3529 2032 3577 pro
2064 3513 2270 3560 Flacco:
2306 3533 2331 3553 ι
2350 3511 2621 3577 adspiciam

1600 3589 1735 3638 hune
1766 3589 1935 3638 florem
1960 3591 2226 3653 legatorum
2242 3627 2257 3652 ,
2284 3589 2622 3638 landatormn·

1603 3683 1696 3731 que
1720 3668 1878 3716 Flacci
1904 3685 1966 3716 ex
1982 3683 2093 3716 vera
2114 3679 2260 3732 atque
2286 3669 2469 3732 integra
2492 3669 2623 3716 Grae·

1602 3747 1923 3795 cia-‚Verrius
1936 3745 2103 3794 ultima
2114 3761 2127 3794 τ
2138 3748 2311 3795 «Dixit
2328 3748 2420 3808 liei
2427 3763 2482 3796 us
2492 3747 2621 3811 prin·

1600 3841 1715 3890 ceps
1729 3826 1953 3889 civitatis,
1962 3826 2187 3892 princeps
2200 3827 2339 3875 istius
2346 3826 2621 3890 legationis,

1600 3920 1708 3968 qna
1727 3905 1790 3952 ad
1810 3907 1883 3953 tui
1898 3905 2225 3955 laudationem
2242 3906 2387 3954 missa
2404 3917 2518 3956 est*
2532 3937 2549 3966 ,
2569 3915 2619 3953 et

1598 3983 1715 4032 alibi
1742 3985 1933 4049 passim.

1677 4070 1757 4118 ιζ.
1801 4061 1855 4111 Se·
1884 4059 2116 4110 nituntur.
2156 4061 2236 4112 sie
2280 4061 2519 4112 Gruterus
2554 4075 2618 4111 ex
