2996 4694
684 361 1069 430 ORATIO
1110 335 1311 432 pao
1362 367 1641 434 REGE
1689 368 2249 443 DEJOTARO.

2389 375 2530 448 625

508 483 698 552 VIII.
721 479 1023 578 Reliqua
1042 505 1209 580 pars
1223 491 1248 526 ¹
1277 486 1750 559 accusationis
1771 487 2042 588 duplex
2057 489 2233 565 fuit:
2253 523 2419 586 una,
2441 525 2546 572 re··

407 613 567 685 gem
592 613 877 690 semper
901 591 977 662 in
1008 591 1317 689 speculis
1334 591 1552 666 fuisse
1565 606 1621 684 ²,
1649 621 1878 694 quum
1914 624 1954 670 a
1979 615 2051 674 te
2077 605 2320 679 animo
2353 627 2536 682 esset

407 700 679 787 alieno;
702 700 950 787 altera,
974 703 1369 776 exercitum
1398 729 1566 778 eum
1601 722 1854 782 contra
1876 725 1949 783 te
1975 737 2321 810 magnum
2343 743 2536 792 com—

406 832 714 904 parasse.
743 814 855 882 De
882 813 1200 886 exercitu
1217 809 1247 855 ³
1282 811 1514 886 dicam
1543 814 1887 908 breviter,
1921 837 2006 893 ut
2027 839 2280 898 cetera.
2311 833 2535 902 Num·-

404 942 625 1012 quam
658 943 777 990 eas
804 920 1045 1016 copias
1072 944 1200 990 rex
1226 923 1614 1015 Dejotarus
1641 923 1932 1019 habuit,
1960 933 2230 1028 quibus
2265 936 2531 1012 inferre

404 1022 675 1098 bellum
724 1027 999 1125 populo
1030 1051 1337 1101 romano
1382 1048 1662 1130 posset,
1691 1036 1815 1108 sed
1855 1040 2126 1136 quibus
2159 1042 2338 1120 fines
2364 1071 2533 1122 suos

402 1131 495 1204 ab
540 1136 1086 1208 excursionibus
1106 1139 1135 1187 '⁴
1170 1136 1489 1210 hostium
1529 1158 1602 1214 et
1645 1143 2036 1225 latrociniis
2073 1167 2436 1244 tueretur,
2464 1176 2536 1231 et

402 1245 963 1341 imperatoribus
1012 1254 1278 1320 nostris
1331 1251 1596 1324 auxilia
1643 1256 1982 1330 mitteret.
2037 1265 2276 1360 Atque
2323 1281 2544 1341 antea·

401 1353 699 1450 quidem
738 1355 1045 1452 majores
1086 1361 1333 1456 copias
1382 1359 1572 1432 alere
1614 1379 1899 1461 poterat
1945 1397 1962 1438 ε
2001 1394 2198 1444 nunc
2241 1380 2530 1473 exiguas

397 1465 513 1533 vix
540 1462 767 1536 tueri⁵
790 1479 1050 1562 potest.
1078 1472 1173 1538 At
1200 1469 1395 1540 misit
1421 1468 1516 1542 ad
1547 1474 1934 1565 Caecilium,
1961 1481 2252 1553 nescio⁶
2279 1509 2532 1580 quem3

399 1573 525 1644 sed
562 1597 723 1662 eos,
760 1601 947 1672 quos
995 1579 1221 1664 misit,
1258 1578 1461 1675 quod
1511 1583 1620 1653 ire
1656 1584 2088 1676 noluerunt,
2133 1594 2212 1662 in
2247 1595 2538 1670 vincula·

398 1684 729 1778 conjecit.
779 1687 945 1756 Non
994 1707 1279 1782 quaer0‚
1304 1709 1540 1783 quam
1591 1695 1976 1767 verisimile
2027 1699 2158 1788 sit,
2199 1717 2328 1774 aut
2373 1729 2526 1778 non

395 1790 733 1863 habuisse
778 1816 1021 1890 regem
1042 1845 1063 1881 ,
1119 1818 1307 1890 quos
1372 1796 1724 1886 mitteret3
1771 1818 1897 1874 aut
1957 1829 2118 1893 eos,
2169 1834 2356 1907 quos
2403 1816 2534 1885 mi-

396 1901 638 1988 sisset,
682 1926 833 1972 non
874 1903 1223 1998 paruisse3
1258 1917 1385 1976 aut
1427 1908 1556 2002 qui
1593 1908 1788 1990 dicto
1819 1911 2194 1988 audientes
2221 1921 2298 1990 in
2329 1936 2526 1996 tanta

392 2033 473 2080 re
524 2035 677 2082 non
732 2011 1075 2100 fuissent,
1122 2037 1247 2083 eos
1298 2014 1578 2086 vinctos
1631 2019 1906 2114 potius,
1959 2046 2186 2119 quam
2239 2045 2536 2106 necatos

393 2115 611 2191 fuisse
634 2131 685 2190 ⁷.
759 2120 898 2192 Sed
972 2136 1214 2192 tamen
1276 2146 1506 2217 quum
1569 2125 1661 2196 ad
1733 2128 2112 2201 Caecilium.
2155 2137 2528 2230 mittebat,

393 2243 643 2298 utrum
686 2253 971 2302 causam
1021 2225 1263 2300 illam⁸
1310 2233 1574 2302 victam
1622 2258 1775 2306 esse
1809 2240 2216 2331 nesciebat,
2253 2271 2347 2317 an
2384 2253 2532 2322 Cae-

394 2337 633 2409 cilium
664 2341 879 2410 istum
906 2394 925 2429 ,
954 2363 1301 2436 magnum
1328 2338 1702 2415 hominem
1731 2346 2077 2441 putabat?
2107 2377 2332 2450 quem
2359 2382 2528 2455 pro·

390 2443 583 2518 fecto
618 2448 718 2537 is,
762 2449 893 2546 qui
930 2451 1205 2547 optime
1241 2462 1528 2529 nostros
1563 2451 1894 2527 homines
1929 2461 2168 2549 novit,
2208 2466 2324 2536 vel
2356 2470 2526 2565 quia

458 2648 599 2695 vm.
647 2661 693 2694 1.
724 2644 931 2709 Reliqua
958 2660 1091 2711 pars.
1120 2644 1409 2711 Respondet
1496 2649 1695 2711 quidem
1736 2654 1800 2716 Q.
1827 2655 2012 2707 emilii
2049 2658 2180 2709 Boni
2215 2641 2520 2729 odmpemn‘.

387 2724 453 2773 ad
470 2725 666 2775 alteram
689 2735 875 2789 partem
892 2726 1229 2773 accusationis.

462 2820 510 2853 a.
542 2808 603 2851 Ia
638 2802 839 2869 speculis
857 2801 1037 2867 fuisse.
1067 2803 1403 2867 Speculatores

387 2882 637 2944 habuisse,
660 2883 745 2945 qui
772 2898 991 2931 rumores
1027 2880 1089 2930 de
1112 2882 1299 2930 Caesare
1321 2898 1403 2930 ex-

386 2962 634 3025 ciperent,
672 2972 723 3009 et
745 2960 809 3007 ad
834 2976 887 3008 se
928 2961 1191 3022 τοῖοι-τεοῖς
1230 2976 1399 3008 omnes

386 3039 587 3088 Caesari·
611 3038 829 3087 actiones
853 3038 1158 3098 observasse,
1188 3050 1237 3086 et
1258 3054 1404 3086 occa-

383 3120 569 3167 sionem
601 3129 901 3182 exspectasse
926 3118 1057 3166 illius
1076 3116 1401 3182 opprimendi.

456 3199 508 3248 ³.
555 3198 633 3245 De
674 3196 906 3245 exercitu.
950 3196 1069 3244 Non
1110 3206 1251 3260 negat
1267 3228 1282 3252 ,
1316 3194 1403 3243 sed

381 3248 513 3325 >infun
530 3276 658 3323 vires
674 3274 857 3334 elevat,
870 3275 987 3323 dnm
1004 3275 1066 3324 ad
1081 3274 1137 3322 id
1154 3274 1403 3323 redactum

383 3354 668 3419 Dejptarum
694 3352 939 3413 ostendit,
970 3363 1026 3401 nt
1058 3362 1245 3399 tantum
1279 3351 1403 3401 fines

383 3449 411 3479 a
434 3432 705 3482 latrociniis
728 3434 883 3498 possit
910 3431 1197 3495 defendere,
1216 3432 1399 3483 nedum

382 3511 570 3575 populo
594 3528 717 3559 rom.
744 3511 929 3560 bellum
950 3513 1147 3560 inferre.

292 3604 297 3606 ·
454 3598 503 3645 l..
548 3590 950 3640 Exeat-sionibus.
991 3592 1180 3639 Ernest.
1232 3591 1397 3639 mallet

378 3666 745 3717 incursionibus.
764 3669 814 3716 J.
833 3663 906 3718 v?
923 3671 981 3717 1..

452 3748 503 3795 5.
530 3747 755 3811 Est-fguas
779 3746 880 3795 via.-
904 3748 1049 3798 tuen'.
1079 3748 1206 3811 Qui·
1235 3748 1395 3798 Casan·

379 3826 425 3871 ei
448 3835 633 3888 partem
658 3826 789 3889 regni
816 3826 893 3875 sui
920 3827 1176 3877 mximam
1201 3828 1393 3877 ademe-

378 3912 465 3951 rat.

452 3982 505 4029 6.
522 3982 611 4029 Ad
622 3981 881 4045 Caedunt,
894 3984 1056 4032 nescio
1071 4002 1227 4049 quem.
1243 3987 1397 4049 Quasi

379 4060 449 4108 sic
490 4076 599 4109 eum
642 4069 969 4111 contemneret
988 4098 1005 4121 ,
1031 4076 1085 4111 ut
1123 4079 1182 4113 ne
1217 4082 1396 4115 nomeu

524 4148 609 4217 v.
665 4162 754 4213 Cic.
774 4182 881 4227 pars
901 4164 1113 4213 secunda.

1492 2726 1728 2797 haberem
1754 2731 1836 2779 vel
1863 2735 1974 2796 quia
1998 2736 2231 2798 proderat
2249 2737 2520 2800 caum-De.

1484 2806 1634 2867 jotari
1663 2825 1692 2857 a
1715 2825 1816 2873 quo
1838 2822 2174 2878 contemptum
2200 2818 2340 2869 illum
2361 2826 2513 2889 dieitg

1487 2888 1570 2935 vel
1585 2890 1700 2951 quia
1728 2890 1904 2939 Caeeari
1929 2905 2120 2957 gratum
2141 2896 2398 2951 videbatur
2425 2907 2514 2957 bes

1488 2966 1773 3029 Pompeiani
1807 2967 1924 3015 belli
1962 2970 2188 3036 reliquiae
2227 2976 2352 3027 adeo
2390 2998 2512 3032 con·

1492 3044 1660 3089 temni.
1687 3046 1762 3093 De
1789 3045 1885 3093 hoe
1908 3048 2134 3111 Epitome
2161 3053 2360 3104 Liviana
2373 3092 2388 3116 ,
2421 3060 2509 3111 lib.

1490 3120 1734 3168 cxxvu
1757 3136 1772 3171 ε
1792 3122 2018 3173 «Bellum
2049 3126 2101 3175 in
2123 3131 2262 3193 syria
2286 3133 2512 3189 Coeeilim

1488 3195 1668 3246 Bassus
1692 3215 1838 3263 eques
1864 3218 2094 3252 mmanus
2111 3208 2512 3274 Pompeianarum

1488 3280 1699 3342 partium
1718 3280 1974 3343 excitavit,
1999 3291 2050 3330 et
2070 3284 2242 3335 relicto
2261 3305 2290 3337 a
2314 3291 2509 3358 legion·

1488 3354 1639 3405 Sexto
1665 3356 1850 3405 Caesare
1875 3374 1986 3422 quae
2011 3360 2075 3409 ad
2092 3363 2290 3413 lia-sum
2317 3375 2508 3424 munio

1487 3444 1586 3493 rat,
1637 3437 1925 3501 occisoque,
1970 3448 2061 3487 etc.
2079 3462 2107 3481 ι-
2148 3442 2270 3505 Quae
2293 3448 2449 3501 fusim
2474 3470 2506 3503 a

1484 3513 1647 3561 Dione
1667 3516 1959 3575 referuntur,
1986 3518 2074 3567 lib.
2105 3522 2309 3575 van.
2341 3528 2417 3580 Cf.
2439 3532 2504 3583 ad

1482 3588 1739 3654 Dilen,
1763 3596 1853 3656 183
1890 3598 2095 3662 Joseph.
2120 3602 2259 3663 XIV,
2287 3621 2367 3667 ιι,
2397 3621 2496 3661 ete.

1483 3670 1703 3719 -olim
1730 3672 1949 3724 ocelim.
1989 3676 2208 3727 Lambin-
2242 3684 2406 3735 (ἷκεν.
2439 3704 2503 3738 ex

1480 3752 1607 3799 MSS
1626 3752 1846 3814 pluribus
1859 3752 2049 3818 legunt,
2071 3756 2330 3810 cecilium.
2356 3765 2503 3829 Opti-

1482 3846 1576 3878 me.
1613 3829 1693 3877 Sic
1719 3834 1862 3879 etiam
1884 3832 2164 3883 acholium
2190 3838 2326 3887 Maii.

1558 3926 1604 3969 7.
1644 3910 1804 3973 Quam
1849 3922 2042 3959 necatos
2069 3912 2242 3978 fuisse.
2292 3919 2504 3980 Quid-m

1484 3989 1608 4037 MSS
1633 3987 1798 4035 delent
1805 3984 1983 4052 fluisse.

1558 4068 1609 4117 8.
1645 4065 1855 4115 Causam
1893 4066 2046 4117 illam.
2077 4066 2432 4133 Pompeianam.

2170 4160 2266 4241 [⁸0
