2996 4694
502 378 643 452 358

1138 379 1237 446 M.
1290 379 1364 446 T.
1420 381 1985 448 CICERONIS

500 501 711 589 facie,
740 501 863 573 sed
902 504 1114 571 etiam
1153 500 1365 570 oculo
1388 514 1519 571 tuo
1555 501 2065 598 dignissimum.
2100 503 2286 597 Ergo
2327 499 2439 570 his
2469 499 2634 572 fun-

505 612 917 683 damentis9
957 611 1208 708 positis
1252 610 1669 682 consulatus
1714 613 1856 695 tui,
1905 609 2154 681 triduo
2202 627 2366 708 post
2387 621 2476 692 ¹⁰,
2525 612 2633 681 in-

502 735 869 819 spectante
918 735 991 790 et
1028 734 1307 791 tacente
1354 736 1465 808 te,
1525 747 1564 790 a
1605 725 1674 791 P.
1719 720 2009 808 Clodio,
2051 719 2241 791 fatali
2294 735 2634 818 portento

506 829 984 929 prodigioque
1011 828 1421 926 reipublicae
1440 885 1460 918 ,
1494 831 1608 901 lex
1638 829 1809 900 AElia
1845 845 1917 901 et
1945 829 2468 902 Fufia¹1eversa
2500 845 2634 920 est,

504 938 1417 1038 propugnaculamurique
1446 941 1981 1037 tranquillitatis
2013 955 2232 1039 atque
2263 942 2392 1012 otii
2429 969 2444 1010 :
2483 939 2634 1011 col·

508 1051 718 1149 legia,
738 1075 890 1121 non
916 1075 998 1120 ea
1030 1051 1264 1122 solum
1282 1105 1301 1140 ,
1332 1077 1491 1149 quae
1513 1066 1802 1123 senatus
1834 1052 2238 1136 sustulerat,
2265 1053 2590 1123 restituta
2613 1103 2634 1134 ,

511 1160 636 1232 sed
676 1159 1227 1231 innumerabilia
1264 1160 1592 1258 quaedam
1635 1187 1820 1232 nova
1859 1187 1945 1232 ex
1989 1167 2190 1232 omni
2229 1162 2398 1233 faece
2435 1159 2638 1232 urbis

510 1297 591 1344 ae
638 1274 929 1344 servitio
974 1276 1350 1344 concitata.
1416 1273 1526 1344 Ab
1575 1270 1827 1345 eodem
1873 1275 2195 1362 homine,
2242 1277 2317 1344 in
2373 1275 2640 1372 stupris

508 1383 847 1454 inauditis
886 1381 1318 1481 nefariisque
1360 1399 1678 1472 versat0,
1727 1398 1932 1456 vetus
1969 1384 2091 1456 illa
2125 1389 2460 1482 magistra
2499 1409 2638 1482 pu·

512 1493 708 1563 doris
762 1507 834 1562 et
880 1487 1277 1578 modestiae,
1328 1496 1666 1564 severitas
1716 1497 2038 1565 censoria
2089 1493 2366 1566 sublata
2415 1505 2638 1564 est¹²:

514 1625 741 1698 quum
777 1616 854 1673 tu
888 1604 1175 1673 interim
1198 1657 1217 1690 ,
1249 1603 1548 1675 bustum
1579 1603 1992 1701 reipublicae
2015 1601 2099 1690 ¹³,
2132 1609 2255 1703 qui
2290 1620 2362 1675 te
2387 1627 2644 1675 consu—

512 1711 656 1781 lem
694 1725 848 1782 tum
886 1716 1131 1782 Romae
1165 1712 1339 1784 dicis
1378 1711 1633 1797 fuisse,
1669 1713 1892 1784 verbo
1933 1739 2330 1810 numquam
2376 1712 2644 1810 signifi-

516 1821 696 1892 caris
734 1824 1159 1893 sententiam
1196 1839 1395 1894 tuam
1428 1806 1647 1894 tantis
1685 1827 1760 1894 in
1799 1821 2185 1919 naufragiis
2224 1825 2542 1896 civitatis,

612 1935 698 2001 V.
732 1931 1073 2003 Nondum
1094 1987 1115 2019 ,
1153 1958 1317 2030 quae
1345 1923 1671 2020 feben-isa
1701 1934 1826 2005 sed
1860 1959 2020 2032 quae
2047 1935 2200 2005 fieri
2233 1959 2482 2032 passus
2515 1937 2650 2018 siS,

518 2041 707 2112 diem
736 2045 987 2140 Neque
1024 2067 1193 2115 vero
1227 2045 1534 2116 multum
1570 2047 1899 2130 interest,
1937 2033 2328 2142 praesert‘im
2362 2049 2436 2115 in
2470 2071 2646 2115 con-

522 2149 716 2241 sule,
772 2169 1013 2225 utrum
1056 2156 1209 2252 ipse
1246 2157 1666 2253 perniciosis
1707 2153 2021 2252 legibus,
2071 2153 2422 2253 improbis
2471 2180 2650 2226 con-

597 2313 647 2361 9.
672 2299 807 2362 Ergo
830 2293 1546 2363 hisfimdamencis.1>ostqnam

527 2377 674 2426 ludos
694 2376 1050 2441 compitaI'itios
1066 2374 1171 2423 fleri
1185 2378 1347 2423 sinens
1361 2411 1375 2433 ,
1394 2376 1548 2424 totius

526 2462 825 2521 magistratus
850 2453 1046 2519 gerendi
1072 2455 1313 2517 specimen
1335 2454 1546 2504 edidisti.

608 2536 873 2584 xo.Triduo
890 2532 1197 2597 posnPridie
1215 2534 1550 2592 nonasJanua-
1581 2551 1586 2554 ¹

532 2620 624 2664 rias
667 2630 836 2678 passus
874 2628 925 2658 es
964 2602 1215 2658 P.'Clodii
1258 2610 1441 2658 tribuni
1474 2610 1545 2675 pt.

533 2694 811 2759 rogatione,
832 2688 962 2753 leges
987 2688 1159 2749 AEliam
1182 2698 1229 2734 et
1256 2686 1436 2735 Fufiam
1463 2686 1549 2734 'ab-

532 2772 711 2837 rogat-i.
1056 2762 1061 2775 '
1084 2834 1091 2851 ι
1232 2818 1257 2843 ‚-

608 2866 688 2901 11.
713 2852 816 2898 lex
840 2846 971 2898 AElt‘a
1008 2859 1057 2895 et
1091 2850 1161 2893 Fu
1202 2863 1233 2893 a
1266 2862 1432 2893 eversa
1459 2859 1546 2897 est.

533 2936 648 2981 Haec
672 2942 803 2989 erat,
828 2940 884 2976 nt
908 2926 1120 2976 ostendit
1138 2924 1388 2974 Manutius
1408 2926 1546 2975 susis-

533 3014 650 3060 aime
676 3010 804 3059 libro
832 3009 891 3057 de
920 3006 1108 3070 legibus
1140 3006 1382 3065 romanis,
1425 3006 1552 3055 iuter

532 3102 783 3153 utramque
824 3086 1099 3144 distinctio,
1140 3084 1275 3149 quod
1314 3086 1393 3133 lex
1427 3086 1551 3134 AElia

534 3172 595 3221 de
620 3169 848 3235 auspiciis
884 3176 1030 3224 esset,
1070 3165 1441 3214 obnuntiatione
1466 3183 1552 3214 au-

533 3266 705 3315 gurum
742 3259 790 3295 et
824 3248 1211 3309 magistratuum,
1248 3255 1294 3291 et
1320 3245 1550 3294 interces-

530 3332 666 3378 aioue
688 3326 1023 3383 tribunornm;
1052 3324 1369 3387 juberetque,
1405 3335 1462 3371 ut
1494 3341 1553 3372 eo

532 3409 740 3471 die,quo
760 3404 1118 3461 obnuntiatum,
1134 3415 1219 3452 aut
1238 3404 1552 3451 intercessum

533 3487 724 3541 fuisset,
754 3482 947 3531 comitia
976 3483 1295 3541 solverentur,
1324 3497 1413 3527 nec
1443 3499 1551 3529 om-

532 3566 651 3613 nino
677 3580 787 3612 cum
814 3562 1002 3627 populo
1036 3572 1286 3626 ageretur;
1324 3560 1404 3606 lex
1433 3577 1549 3608 vero

534 3642 665 3691 Fufia
710 3642 879 3690 diebus
920 3642 1055 3689 fastis
1088 3656 1199 3687 eum
1241 3638 1429 3701 populo
1470 3640 1551 3703 agi

534 3722 828 3787 prohiberet,
854 3720 1053 3783 diesque
1073 3716 1407 3766 tautummodo
1426 3733 1548 3765 nou-

534 3801 692 3851 nullos
710 3800 1001 3865 relinqueret
1020 3832 1034 3857 ,
1061 3799 1145 3860 qui
1171 3812 1197 3843 a
1228 3796 1435 3843 comitiis
1462 3796 1547 3843 ha-

534 3882 704 3931 bendis
729 3880 995 3928 comitiales
1022 3878 1309 3925 dicerentur.
1332 3876 1431 3922 Has
1456 3892 1544 3923 au-

535 3976 627 4011 tem
662 3963 788 4024 leges
819 3956 1235 4022 propugnaculum
1268 3954 1550 4019 reipublicae

530 4050 700 4097 vocat,
750 4034 885 4099 quod
927 4033 1019 4080 hac
1064 4032 1250 4079 ratione
1300 4032 1550 4081 tolleretur

530 4130 689 4183 legum
717 4114 1072 4179 tribunitiamm
1106 4110 1372 4161 multitudo
1388 4150 1402 4175 ‚
1429 4128 1547 4176 quas

1637 2297 1676 2344 si
1713 2296 1912 2362 siugulis
1950 2297 2121 2345 diebus
2162 2299 2266 2346 sine
2311 2299 2652 2346 intercessione

1636 2389 1683 2425 et
1703 2376 2072 2425 obnuntiatione
2093 2379 2217 2426 ferre
2239 2377 2470 2439 licuisset,
2490 2376 2653 2426 multae

1636 2456 1896 2504 seditiones
1923 2456 2230 2506 exstitissent.

1715 2552 1734 2581 1
1747 2552 1796 2583 2.
1818 2536 2017 2583 Sublata
2036 2549 2119 2584 esc.
2141 2536 2344 2585 Clodius
2357 2536 2532 2583 tamin
2549 2534 2656 2583 aliis

1639 2614 1782 2662 rebus
1815 2632 2070 2663 censorum
2111 2616 2356 2663 minuebat
2400 2610 2655 2663 auctorita-

1639 2706 1761 2754 tem,
1801 2706 1903 2742 tum
1945 2694 2266 2761 prohibebat,
2312 2712 2372 2741 ne
2416 2695 2450 2740 ii
2493 2711 2658 2757 quem-

1638 2792 1783 2842 quam
1801 2785 1968 2821 senatu
1987 2773 2276 2835 dejicerent,
2293 2772 2385 2819 nisi
2413 2776 2495 2837 qui
2525 2774 2658 2837 apud

1640 2870 1722 2901 eos
1761 2864 2034 2909 accusatus,
2093 2852 2439 2915 damnatusque
2489 2852 2656 2899 suisset

1641 2932 1853 2980 censoris
1879 2932 2131 2994 utriusque
2157 2930 2410 2977 sententia.

1716 3012 1794 3058 13.
1827 3012 2022 3057 Bustu'm
2051 3009 2337 3074 ret'puble’coe.
2368 3008 2539 3057 Tradit
2567 3009 2654 3055 ali-

1641 3090 1753 3137 cubi
1783 3088 1886 3137 Cic.
1913 3106 1974 3135 ne
2015 3084 2268 3151 naufragio
2299 3086 2471 3149 finias,
2505 3104 2654 3151 quum

1639 3168 1701 3216 ab
1721 3168 1950 3216 incendio
1969 3180 2017 3215 et
2037 3166 2226 3215 flamma
2249 3166 2486 3231 inceperis
2505 3182 2516 3213 :
2545 3177 2658 3231 apte

1644 3259 1803 3297 tamen
1829 3248 1925 3297 boc
1963 3247 2071 3295 loco
2109 3258 2311 3309 utraque
2346 3246 2657 3293 translatione

1642 3326 1920 3393 reipublicae
1986 3326 2302 3373 calamitatem
2369 3336 2622 3388 exaggerat
2643 3358 2656 3377 .

1641 3407 1778 3471 quasi
1796 3406 1982 3453 flamma
2005 3421 2116 3452 cum
2139 3402 2367 3451 fluctibus
2393 3402 2658 3463 conjurarit

1616 3485 1699 3543 „ad
1721 3484 2001 3547 reipublicae
2023 3483 2286 3547 perniciem
2316 3481 2517 3527 omnino
2542 3496 2660 3527 con-

1638 3562 1988 3611 summandam.

1707 3636 1800 3690 Vi.
1828 3657 1872 3687 1.
1899 3641 2153 3695 Nondum,
2189 3634 2508 3702 quasise-eris.
2538 3638 2660 3683 Prn-

1637 3722 1806 3769 denter
1821 3720 1924 3766 haec
1943 3718 2110 3777 addit,
2130 3717 2306 3781 partim
2336 3726 2390 3763 ut
2418 3714 2657 3775 objectio-

1635 3816 1745 3848 nem
1793 3808 1998 3861 occupet
2023 3832 2035 3851 ,
2083 3796 2306 3858 viamque
2366 3792 2664 3841 defensionis

1636 3894 1826 3926 omnem
1850 3874 2141 3941 praecludat,
2168 3875 2340 3939 partim
2385 3884 2438 3919 ut
2467 3874 2662 3920 audito-

1637 3974 1742 4004 rum
1763 3956 1948 4003 nnimos
1967 3956 2203 4014 majorum
2225 3953 2454 4000 scelerum
2487 3968 2662 4015 exspe-

1638 4036 1847 4084 ctatione
1877 4050 2132 4097 suspensos
2159 4032 2220 4079 ad
2239 4032 2559 4081 attentionem
2585 4033 2660 4078 in—

1637 4116 1772 4163 vitet.
