2996 4694
506 354 647 425 318
1138 352 1240 421 M.
1272 355 1371 431 .T.
1424 357 2000 429 CICERONIS

504 480 744 548 minus
780 476 953 549 civis
990 490 1197 549 esset.
1240 476 1455 549 Multi
1493 480 1710 551 etiam
1751 486 2126 580 superiore
2155 492 2504 562 memoria
2535 494 2636 563 ci-

498 608 623 659 ves
674 586 957 659 romani
1006 612 1137 657 sua
1179 588 1595 679 voluntate,
1645 592 2042 667 indemnati
2088 612 2162 669 et
2194 601 2632 692 incolumeS,

507 700 619 770 his
654 698 876 770 rebus
898 698 1168 770 relictis
1189 751 1210 784 ,
1246 699 1417 771 alias
1458 725 1536 772 se
1563 703 1639 771 in
1683 706 2005 777 civitates
2047 712 2546 785 contulerunt.

590 814 748 881 XII.
798 808 1017 900 Quod
1061 810 1121 880 si
1175 810 1315 879 civi
1376 836 1684 883 romano
1735 812 1902 885 licet
1949 840 2102 888 esse
2151 819 2630 909 Gaditanum,

491 924 641 991 sive
676 921 960 1005 exsilic,
1002 920 1149 990 sive
1191 920 1644 1017 postliminio
1669 932 1721 1006 ¹,
1761 923 1914 995 sive
1941 926 2381 1021 rejectione²
2417 931 2634 1026 hujus

499 1033 804 1102 civitatis
843 1054 859 1096 :
902 1043 984 1099 ut
1013 1028 1160 1123 jam
1200 1028 1293 1099 ad
1318 1028 1564 1101 foedus
1597 1032 1882 1103 veniam
1904 1089 1926 1121 ,
1977 1037 2180 1133 quod
2217 1038 2305 1110 ad
2343 1065 2632 1113 causam

492 1141 676 1213 nihil
703 1142 1018 1238 pertinet
1042 1139 1181 1237 (de
1219 1142 1530 1213 civitatis
1565 1144 1760 1213 enim
1783 1145 1948 1239 jure
1972 1200 1991 1227 ,
2029 1172 2182 1221 non
2217 1150 2308 1222 de
2337 1150 2627 1225 foederi·

497 1252 639 1324 bus
696 1250 1250 1348 disceptamus),
1289 1250 1469 1349 quid
1508 1266 1656 1339 est,
1688 1256 2162 1351 quamobrem
2213 1261 2350 1331 civi
2404 1263 2629 1333 Gadi-

496 1378 669 1433 tano
714 1364 787 1430 in
830 1360 1019 1432 hanc
1064 1363 1429 1433 civitatem
1483 1364 1732 1435 venire
1783 1390 1932 1436 non
1978 1368 2241 1441 liceat?
2273 1373 2628 1469 Equidem

490 1473 709 1569 longe
748 1495 955 1543 secus
991 1472 1257 1542 sentio.
1304 1476 1489 1543 Nam
1532 1498 1759 1569 quum
1805 1500 1894 1546 ex
1941 1477 2282 1550 omnibus
2318 1484 2628 1555 civitati-

492 1582 633 1655 bus
680 1583 791 1651 via
828 1582 920 1653 sit
954 1583 1033 1651 in
1066 1595 1424 1668 nostram,
1459 1608 1842 1681 quumque
1885 1589 2152 1659 nostris
2189 1589 2468 1663 civibus
2493 1618 2624 1691 pa-

485 1708 633 1765 teat
668 1694 807 1763 iter
850 1691 939 1763 ad
982 1708 1255 1765 ceteras
1300 1692 1676 1782 civitate53
1728 1709 1888 1765 tum
1932 1720 2102 1769 vero
2124 1751 2143 1788 ,
2180 1714 2266 1771 ut
2317 1726 2628 1800 quaeque

492 1801 877 1875 nobiscum
930 1808 1240 1874 maxime
1296 1808 1672 1891 societate,
1731 1806 2042 1879 amicitia
2058 1804 2115 1895 3,
2185 1815 2582 1908 sponsione
2603 1866 2624 1899 ,

492 1916 863 2015 pactione,
920 1912 1195 1985 foedere
1266 1914 1658 2010 conjuncta
1720 1931 1878 2002 est3
1937 1919 2038 1989 ita
2093 1920 2272 1993 mihi
2313 1924 2624 1993 maxime

484 2026 1079 2098 communionem
1118 2020 1686 2114 beneficiorum,
1725 2030 2230 2124 praemiorum,
2285 2034 2622 2121 civitatis»,

484 2140 859 2210 continere
904 2134 1210 2206 videtur.
1254 2136 1480 2232 Atqui
1520 2150 1776 2209 ceterae
1818 2138 2136 2213 civitates
2167 2166 2423 2214 omnes
2467 2168 2622 2213 non

478 2244 901 2319 dubitarent
927 2260 1213 2315 nostros
1234 2247 1556 2344 recipere
1607 2246 1683 2316 in
1713 2270 1878 2317 suas
1903 2249 2222 2322 civitates
2238 2249 2296 2339 4,
2323 2254 2382 2323 si
2421 2252 2616 2325 idem

481 2383 615 2431 nos
644 2360 827 2455 juris
871 2356 1350 2446 haberemuS,
1385 2356 1588 2454 quod
1626 2361 1866 2430 ceteri.
1909 2359 2050 2432 Sed
2087 2387 2222 2434 nos
2257 2387 2412 2436 non
2453 2389 2620 2462 pos·

472 2493 727 2543 sumus
758 2483 833 2540 et
862 2467 1083 2563 hujus
1126 2491 1281 2540 esse
1330 2466 1700 2558 civitatis⁵‚
1745 2484 1819 2542 et
1861 2471 2180 2565 cujusvis
2217 2489 2562 2572 praeterea
2595 2501 2616 2562 ς

542 2687 662 2734 111.
712 2700 756 2731 1.
800 2681 905 2728 Sive
939 2680 1259 2744 postliminio.
1306 2681 1502 2730 Paullus

472 2763 723 2815 Manutius
740 2761 994 2810 sdnotsvit
1012 2795 1027 2819 ‚
1048 2760 1349 2825 postliminio
1366 2761 1502 2808 smit-

470 2857 573 2894 ποτε
590 2844 836 2892 civitatem
855 2840 953 2888 dici
969 2877 984 2904 ,
1011 2843 1097 2904 qui
1118 2841 1318 2889 civitste
1336 2839 1500 2904 aliqua

468 2925 679 2974 donatus
694 2957 709 2982 ,
736 2921 851 2970 inde
876 2919 1085 2986 priorem
1109 2919 1165 2968 in
1188 2919 1394 2986 petriam
1422 2933 1500 2966 re-

468 2994 726 3053 vertisses:
751 3003 805 3052 in
824 3015 924 3066 quo
944 3001 1021 3047 vir
1044 2999 1381 3048 disertissimus
1401 2998 1495 3047 fs!-

466 3083 602 3135 litut.
618 3083 749 3133 Nam
762 3079 1065 3148 postliminio
1084 3077 1494 3126 nemo'civitstem

467 3163 673 3222 emittit,
701 3159 787 3211 sed
808 3159 1003 3226 recipit.
1028 3158 1271 3209 Nimirum
1296 3157 1380 3222 qui
1408 3167 1495 3206 sut

468 3253 685 3309 tempore
703 3240 823 3290 belli
846 3250 1021 3304 ceptus
1044 3237 1104 3286 ab
1128 3236 1351 3286 hostibus
1376 3236 1493 3284 inde

462 3325 593 3373 redit
621 3325 675 3371 in
701 3321 907 3388 pati-ism
923 3354 939 3380 ,
980 3329 1064 3367 snt
1102 3329 1323 3381 tempore
1357 3317 1491 3381 pacis

462 3403 563 3452 aiio
580 3401 823 3466 migravit,
840 3409 889 3448 et
900 3398 972 3446 ibi
984 3399 1037 3445 in
1054 3397 1299 3446 civitatem
1318 3396 1492 3446 admis-

461 3497 545 3530 sus
566 3491 639 3530 est
655 3515 669 3534 .
691 3495 843 3542 quum
866 3477 995 3525 redit
1022 3474 1076 3523 in
1100 3475 1305 3540 pau-ism
1325 3489 1489 3538 susm,

460 3558 766 3625 postliminio
790 3557 1037 3603 civitatem
1056 3553 1262 3619 pati-ism
1286 3567 1489 3620 reeupe-

458 3650 533 3687 nt
550 3672 563 3696 ‚
583 3647 633 3685 et
662 3635 900 3700 priorem,
926 3633 979 3680 in
1003 3647 1146 3698 qnam
1174 3632 1333 3678 fuerat
1350 3647 1484 3681 rece-

456 3729 589 3783 ptus,
608 3713 811 3772 amittit,
832 3713 915 3760 sed
937 3727 1038 3759 non
1056 3709 1375 3775 postlimini&

520 3795 576 3845 ’2.
592 3797 783 3844 Manat.
801 3793 1002 3853 conjicit
1016 3789 1281 3838 relictione.
1296 3793 1411 3840 LV.
1428 3795 1481 3840 L.

524 3877 573 3924 3.
606 3870 844 3922 Societate
862 3905 879 3928 ,
909 3869 1123 3918 amicitia
1136 3907 1151 3932 ,
1184 3869 1443 3934 sponsione
1463 3906 1479 3932 ,

441 3955 673 4020 paccione
684 3988 701 4012 ,
709 3951 919 4016 foedere.
947 3951 1163 3998 Societas
1188 3960 1260 3997 est
1287 3959 1479 4016 συμμα-

446 4031 535 4095 χία.
554 4069 568 4086 ,
614 4044 662 4080 et
710 4030 1057 4095 obligationem
1111 4028 1259 4077 babet
1306 4029 1475 4077 auxilii

1588 2685 1904 2748 sponsionem
1921 2717 1937 2741 ‚
1973 2685 2254 2748 pactionem
2269 2723 2284 2746 ,
2333 2698 2382 2735 et
2419 2687 2577 2737 soedus
2596 2727 2612 2750 ‚

1589 2772 1664 2811 est
1687 2763 1833 2810 etism
1876 2763 2156 2823 diversitas,
2201 2776 2258 2814 ut
2297 2777 2440 2816 notat
2475 2769 2614 2831 Sigo-

1589 2841 1700 2890 nius
1730 2841 1819 2890 lib.
1851 2843 1875 2888 1
1903 2842 1964 2890 de
1991 2843 2143 2907 antiq.
2168 2847 2282 2906 jure
2300 2845 2475 2903 Iulia,
2501 2861 2614 2912 esp.

1595 2935 1639 2968 1.
1655 2921 1761 2972 Ην.
1779 2920 1872 2972 lib.
1889 2924 1994 2971 11:
2013 2945 2038 2964 ι
2049 2923 2328 2973 Ocriculani
2347 2927 2611 2990 sponsione

1584 2999 1638 3046 in
1659 3000 1920 3048 amicitiam
1937 3002 2127 3065 accepti
2147 3025 2190 3052 n.
2212 3005 2378 3053 Psctio
2399 3015 2446 3052 et
2467 3021 2614 3070 spon·

1584 3080 1660 3127 sio
1696 3078 1844 3127 flebat
1881 3093 1972 3143 per
2003 3083 2310 3142 magistratus
2335 3083 2610 3147 quoslibet,

1581 3159 1742 3208 foedus
1762 3173 1855 3224 per
1869 3159 2003 3208 solos
2022 3161 2232 3210 feciales.

1655 3249 1685 3295 4
1695 3273 1708 3286 .
1729 3237 1931 3288 Sehiitr..
1949 3237 2086 3286 dedit
2098 3273 2114 3299 ,
2131 3239 2181 3286 tn
2197 3255 2336 3288 snam
2349 3239 2605 3292 civitatem.

1580 3317 1632 3365 J.
1649 3317 1717 3363 V.
1741 3318 1794 3365 1..

1657 3393 1703 3444 5.
1729 3395 1891 3460 Hujus
1913 3413 2014 3446 esse
2031 3396 2249 3446 civitatis.
2277 3401 2457 3447 Frater
2469 3399 2605 3450 hunc

1577 3473 1744 3521 locum
1756 3508 1770 3532 ,
1791 3473 1876 3522 ubi
1893 3477 2038 3526 toties
2053 3477 2182 3524 idem
2197 3479 2389 3542 repetit,
2401 3491 2451 3528 et
2465 3479 2603 3529 illum

1577 3569 1640 3600 ex
1675 3555 1902 3602 orstIone
1936 3572 2032 3620 pro
2071 3557 2296 3618 Caecina,
2349 3573 2457 3624 esp.
2505 3561 2602 3624 39,

1575 3631 1706 3680 idem
1725 3633 1866 3680 etism
1881 3645 2082 3684 testatur
2095 3638 2244 3686 Corn.
2258 3637 2428 3704 Nepos
2438 3641 2490 3688 in
2505 3643 2603 3691 vita

1575 3709 1727 3760 Anici
1757 3710 1818 3761 de
1845 3715 2253 3778 Atheniensibus,
2284 3735 2332 3768 e.
2358 3717 2418 3768 3:
2447 3723 2601 3784 «Quo

1573 3791 1753 3838 sectum
1786 3803 1892 3850 est,
1929 3805 1986 3842 nt
2023 3795 2141 3844 hnic
2181 3813 2350 3846 omnes
2388 3801 2604 3850 honores

1573 3885 1698 3933 quos
1727 3883 1956 3936 possent,
1993 3874 2187 3937 publice
2227 3876 2462 3926 haherent
2487 3913 2502 3940 ,
2529 3880 2602 3927 ci·

1568 3963 1774 4014 vemqne
1801 3953 1957 4001 faeere
1981 3953 2264 4004 studerent:
2285 3971 2389 4019 qno
2413 3957 2604 4005 benefl-

1567 4029 1646 4076 cio
1674 4029 1754 4078 iiie
1777 4034 1849 4080 uti
1875 4033 2032 4080 noluit
2062 4034 2234 4096 :qnod
2265 4036 2497 4084 nonnulii
2525 4038 2598 4085 its

448 4111 669 4172 ferendi,
712 4110 925 4158 amicitia
975 4125 1077 4158 non
1121 4107 1287 4158 hebet.
1340 4109 1477 4158 Inter
1563 4110 2134 4174 interpretantur,smitti
2159 4115 2402 4164 civitatem
2431 4130 2596 4164 roms-
