2996 4694
820 379 1218 449 ORATIO
1272 339 1478 448 Pno
1529 379 1604 448 P.
1655 379 2057 450 sEme.
2402 399 2496 478 29

365 515 439 574 et
468 497 675 598 quod
708 497 1036 572 videbam
1055 554 1076 585 ‚
1121 497 1558 596 quibuscum
1592 498 2012 572 hominibus
2045 501 2121 570 in
2151 497 2496 574 interior'e

363 615 625 686 aedium
666 627 871 713 parte
908 615 1223 703 viveret,
1264 626 1337 685 et
1375 613 1580 711 quod
1627 615 1727 686 ita
1779 613 2042 685 domus
2083 615 2238 713 ipsa
2271 613 2500 688 fuma-

362 725 527 814 bat,
560 738 645 796 ut
680 724 904 795 multa
942 723 1097 819 ejus
1132 725 1484 796 sermonis
1513 724 1775 797 indicia
1807 722 2200 810 redoleret,
2237 740 2495 800 statue-

360 833 530 908 bam
592 835 733 922 sic,
796 831 976 924 boni
1026 831 1208 904 nihil
1280 832 1373 906 ab
1425 833 1564 906 illis
1623 836 1836 932 nugis
1895 836 2500 931 exspectandum,

362 944 533 1016 mali
558 942 854 1040 quidem
882 957 1077 1014 certe
1102 943 1325 1014 nihil⁷
1350 943 2023 1042 pertimescendum.
2058 944 2196 1016 Sed
2217 947 2325 1032 ita
2357 963 2494 1040 est,

356 1052 635 1150 judices
662 1105 683 1140 ‚
725 1066 811 1124 ut
832 1106 855 1142 ‚
906 1053 969 1124 si
1014 1051 1329 1150 gladium
1382 1077 1608 1152 parvo
1659 1079 1887 1154 puero
1910 1109 1930 1139 ‚
1985 1069 2114 1126 aut
2160 1060 2218 1127 si
2263 1057 2494 1130 imbe-

361 1162 527 1235 cillo
582 1161 738 1234 seni
797 1175 925 1232 aut
976 1159 1198 1233 debili
1253 1161 1537 1235 dederis
1557 1213 1577 1252 ,
1638 1167 1794 1261 ipse
1841 1153 2118 1262 impetu
2168 1189 2302 1237 suo
2370 1189 2491 1240 ne·

360 1277 540 1344 mini
584 1285 880 1361 noceat3
922 1273 1033 1343 sin
1066 1270 1156 1342 ad
1194 1271 1476 1345 nudum
1508 1276 1625 1346 vel
1654 1272 2018 1346 fortissimi
2059 1275 2187 1346 viri
2223 1300 2490 1376 eorpus

358 1386 768 1470 accesserit,
803 1383 1031 1481 possit
1062 1385 1213 1454 acie
1248 1384 1403 1482 ipsa
1440 1395 1516 1456 et
1556 1382 1728 1456 ferri
1764 1382 2038 1455 viribus
2077 1385 2486 1460 vulnerari:

358 1494 459 1564 ita
516 1514 747 1590 quum
797 1489 1223 1564 hominibus
1273 1494 1630 1564 enervatis
1653 1487 1686 1540 ⁸
1739 1508 1956 1592 atque
2007 1495 2490 1593 exeanguibus

356 1602 815 1691 consulatu5‚
868 1617 1237 1699 tamquam
1290 1601 1602 1700 gladius»,
1652 1617 1839 1676 esset
1893 1601 2139 1693 datus;
2183 1608 2310 1703 qui
2357 1631 2490 1706 per

356 1733 433 1784 se
476 1711 805 1811 pungere
840 1715 1205 1784 neminem
1244 1737 1594 1810 umquam
1631 1715 2077 1811 potuissent,
2116 1713 2192 1784 hi
2223 1717 2484 1787 summi

354 1824 640 1921 imperii
696 1825 993 1894 nomine
1056 1826 1307 1916 armati
1370 1822 1894 1921 rempublicam
1953 1823 2486 1897 contrucidave-
2571 1842 2582 1854 ·

352 1946 549 2002 runt.
587 1929 851 2002 Foedus
893 1928 1223 2002 fecerunt
1254 1955 1421 2003 cum
1452 1931 1749 2004 tribuno
1781 1931 2058 2030 plebiso
2090 1935 2361 2031 palam,
2398 1949 2484 2007 ut

352 2039 446 2112 ab
502 2063 593 2112 eo
657 2040 1065 2138 provincias
1126 2045 1582 2139 acciperent,
1641 2067 1820 2141 quas
1887 2045 2024 2140 ipsi
2051 2053 2114 2088 ¹⁰
2177 2045 2481 2133 vellent3

353 2153 745 2223 exercitum
774 2203 793 2239 ‚
830 2163 903 2222 et
938 2154 1316 2248 pecuniam
1338 2204 1357 2236 ‚
1396 2164 1742 2249 quantam
1775 2151 2152 2238 vellentu,
2183 2177 2265 2222 ea
2299 2153 2481 2250 lege,

351 2261 413 2332 si
446 2262 582 2359 ipsi
618 2261 818 2358 prius
852 2258 1159 2332 tribuno·
1186 2259 1423 2359 plebis
1461 2259 1790 2331 afflictam
1816 2271 1877 2302 ¹²
1918 2275 1991 2331 et
2021 2261 2477 2332 constrictam

350 2369 871 2469 rempublicam
916 2369 1395 2442 tradidissent.
1435 2370 1518 2441 Id
1553 2385 1796 2443 autem
1843 2368 2080 2442 foedus
2120 2395 2286 2441 meo
2329 2395 2482 2443 san-

349 2485 570 2577 guine
611 2480 831 2552 ictum
869 2480 1124 2551 sanciri
1156 2504 1367 2578 posse
1404 2478 1760 2552 dicebant.
1811 2483 1972 2571 Qua
2010 2506 2090 2552 re
2127 2479 2478 2577 patefacta

348 2594 636 2689 (neque
672 2590 867 2662 enim
910 2588 1337 2661 dissimuiari
1377 2604 1662 2662 tantum
1705 2590 1938 2663 scelus
1983 2606 2305 2689 poterat,
2335 2616 2476 2666 nec

346 2700 649 2797 latere),
694 2700 1253 2799 promulgantur
1280 2728 1430 2775 uno
1471 2702 1878 2799 eodemque
1902 2715 2228 2800 tempore
2263 2727 2476 2800 roga-

345 2812 580 2883 tiones
626 2809 718 2882 ab
758 2810 1014 2884 eodem
1058 2810 1351 2883 tribuno
1380 2812 1475 2884 de
1511 2837 1670 2884 mea
1702 2812 2060 2910 pernicie,
2095 2826 2169 2884 et
2199 2811 2290 2884 de
2315 2836 2476 2911 pro-
2555 2871 2564 2883 ,

342 2922 593 2993 vinciis
630 2921 1007 2993 consulum
1050 2923 1497 2993 nominatim.

413 3166 465 3211 7.
490 3148 619 3199 uati
632 3148 774 3198 nim.
798 3150 964 3213 Quum
990 3164 1041 3197 ne
1064 3148 1179 3195 Piso
1201 3156 1361 3196 totum
1450 3157 1676 3197 cunctam
1729 3147 1967 3218 Greci-m
2007 3160 2024 3195 ε
2080 3161 2206 3211 quos
2257 3148 2472 3212 populo·

343 3228 467 3293 gula
483 3264 501 3291 ,
528 3229 685 3279 ventri
695 3264 710 3290 ,
730 3228 941 3293 crapula
967 3226 1155 3277 dedisse
1172 3226 1361 3275 videre-
1447 3226 1624 3285 emar,
1641 3226 1746 3287 eju·
1763 3242 1926 3291 gener,
1942 3242 2030 3275 sna
2049 3225 2154 3289 lege
2169 3224 2350 3275 liberm
2364 3244 2470 3278 ene

340 3318 441 3369 tur,
469 3309 596 3357 nihil
627 3309 688 3357 de
716 3307 1041 3373 perturbanda
1078 3322 1181 3371 rep.
1220 3306 1357 3371 cogi·
1441 3305 1664 3367 jusserat.

343 3398 455 3435 ure.
1520 3402 1542 3435 1
1556 3402 1600 3435 1.
1645 3383 1902 3433 Pecuniam
1916 3418 1932 3440 ,
1979 3395 2218 3449 quantam
2261 3384 2466 3436 vellent.

413 3468 465 3518 8.
502 3464 765 3516 Eumeis·
798 3464 949 3514 Nulla
982 3464 1131 3513 animi
1155 3464 1354 3513 fortitu-
1441 3466 1602 3529 Quam
1626 3464 1800 3513 deinde
1818 3481 1930 3513 cum
1955 3464 2016 3511 iis
2033 3464 2235 3513 Clodius
2257 3466 2466 3529 pertitus

339 3546 481 3609 dine,
497 3546 640 3596 nulus
657 3548 835 3595 nervis.
856 3546 1037 3596 Confer
1052 3561 1149 3609 pro
1165 3545 1353 3605 Flacco,
1440 3553 1516 3591 eat
1536 3558 1552 3593 ε
1592 3542 1722 3591 unde
1759 3543 1884 3591 infra
1899 3578 1916 3601 ,
1958 3564 1984 3585 α
2007 3541 2194 3591 Omitto
2207 3575 2223 3599 ,
2265 3544 2428 3606 inquit
2447 3578 2464 3604 ‚

338 3640 449 3693 etp.
484 3628 535 3677 ⁵.
1440 3621 1785 3687 gratulatione·
1801 3656 1818 3682 ,
1880 3621 2047 3685 epulas
2065 3654 2080 3679 ,
2151 3622 2463 3685 partitionem

406 3707 597 3775 §heum
614 3705 802 3755 tribuno
816 3706 887 3771 pl.
911 3707 966 3753 P.
988 3702 1184 3754 clodio.
1440 3701 1596 3749 erarii
1615 3722 1660 3751 ιο.
1691 3701 1754 3748 Et
1777 3716 1870 3764 pro
1897 3701 2061 3750 Domo
2087 3717 2196 3761 nun,
2224 3712 2276 3751 et
2299 3702 2351 3749 in
2375 3702 2464 3749 Pi-

412 3801 489 3833 ιο.
536 3786 819 3835 Provincias
870 3784 1141 3845 acciperent
1158 3812 1175 3841 ,
1230 3794 1355 3844 quas
1438 3795 1624 3830 sonem.

334 3862 428 3927 ἕρπ’
448 3865 653 3915 vellent.
702 3864 823 3913 Non
862 3864 989 3911 enim
1024 3864 1077 3910 in
1103 3877 1163 3909 eo
1188 3860 1351 3923 legum
1516 3875 1600 3908 ια.
1634 3856 1890 3926 Afficcam
1916 3868 1968 3905 et
1992 3856 2306 3906 constrictam
2331 3870 2463 3903 rm-

334 3942 457 3991 mio
473 3943 642 3991 habita
658 3954 757 3991 est:
776 3942 888 4006 qui·
909 3938 1145 3989 Gabinius
1163 3940 1351 4003 Syrium
1428 3937 1697 4005 publicam.
1745 3936 2012 3985 Consulum
2043 3934 2274 4001 prasidio
2305 3934 2462 3983 nuda·

335 4022 880 4087 accepit‚quumeijam
897 4018 1065 4079 Cilicia
1078 4018 1185 4068 data
1199 4028 1351 4069 esset:
1438 4028 1562 4077 tam,
1595 4016 1934 4071 constrictam,
1976 4024 2032 4063 ut
2067 4027 2376 4061 commovere
2409 4030 2461 4063 ιο

336 4098 448 4147 Piso
494 4112 655 4151 antem
703 4100 937 4150 Achaiam
959 4132 976 4159 ,
1023 4098 1315 4149 Thea-liam
1333 4130 1351 4159 ‚
1438 4111 1540 4145 non
1561 4105 1742 4161 ponet.
