2996 4694
459 390 598 478 540
1099 394 1196 462 M.
1251 395 1330 461 T.
1385 395 1961 465 CICERONIS

453 538 622 585 cum
681 538 758 584 se
812 512 1223 584 ablaturum
1281 537 1438 586 esse
1495 513 1691 587 dicit.
1754 516 2087 587 Meminit
2140 518 2391 602 etiam,
2452 517 2591 589 sibi

451 647 708 695 vocem
745 624 1144 721 praeconis7
1182 623 1406 697 modo
1441 623 1785 709 defuisse,
1824 650 2047 723 quam
2084 626 2381 698 minime
2410 627 2591 699 desi-

451 733 756 821 derarit3
817 734 1073 833 populi
1118 758 1294 806 vero
1337 738 1621 830 cunctis
1664 733 2018 834 suffragiis
2038 790 2059 825 ,
2102 736 2303 834 quod
2361 762 2589 809 unum

449 844 798 942 cupierit,
837 868 914 914 se
955 842 1334 915 consulem
1371 843 1833 917 declaratum.
1884 847 1951 915 N
1956 869 2100 917 unc
2138 844 2495 944 denique,
2530 850 2593 919 si

448 953 604 1025 haec
633 944 880 1024 arma8
915 942 1170 1024 contra
1201 978 1277 1025 se
1312 969 1484 1026 sunt
1513 953 1797 1043 futura,
1822 953 1961 1026 sibi
1988 954 2327 1027 facinoris
2355 959 2591 1053 suspi-

447 1066 772 1151 cionem,
817 1088 970 1135 non
1018 1062 1188 1135 facti
1237 1068 1515 1136 crimen
1554 1063 1865 1137 obstare.
1910 1064 2131 1137 Addit
2179 1066 2371 1152 haec,
2423 1092 2591 1163 quae

448 1190 644 1247 certe
675 1200 842 1247 vera
865 1189 1067 1264 sunt,
1097 1176 1320 1247 fortes
1343 1190 1418 1247 et
1439 1180 1803 1274 sapientes
1830 1180 2023 1247 viros
2050 1200 2203 1247 non
2230 1190 2377 1247 tam
2408 1202 2589 1274 prae·

448 1288 588 1357 mia
647 1287 854 1383 sequi
899 1286 1132 1358 solere
1185 1300 1384 1358 recte
1431 1284 1825 1375 factorum,
1894 1310 2115 1383 quam
2179 1289 2333 1385 ipsa
2395 1302 2591 1359 recte

447 1393 668 1483 facta3
723 1420 800 1467 se
849 1394 1033 1466 nibil
1087 1398 1166 1466 in
1221 1399 1369 1466 vita
1387 1408 1444 1482 ⁹,
1504 1397 1641 1467 nisi
1702 1396 2237 1495 praeclarissime
2288 1394 2541 1468 fecisse
2570 1450 2590 1481 ‚

447 1504 808 1603 siquidem
847 1504 1031 1575 nihil
1085 1506 1178 1576 sit
1224 1504 1701 1603 praestabilius
1746 1507 1907 1577 viro
1930 1559 1949 1592 ‚
1996 1528 2216 1602 quam
2240 1505 2593 1602 'periculis

445 1617 753 1713 patriam
809 1614 1158 1702 liberare3
1201 1613 1452 1687 beatos
1495 1639 1685 1701 esse,
1730 1614 2001 1711 quibus
2045 1639 2127 1685 ea
2176 1638 2293 1687 res
2326 1614 2593 1687 honori

447 1725 668 1797 fuerit
702 1748 744 1796 a
783 1727 932 1796 suis
967 1723 1286 1811 civibus3
1319 1749 1454 1797 nec
1497 1740 1743 1796 tamen
1780 1748 1907 1795 eos
1936 1726 2277 1809 miseros,
2317 1724 2447 1820 qui
2470 1721 2595 1795 be·

449 1832 732 1909 neficio
757 1840 950 1906 cives
992 1858 1162 1906 suos
1211 1836 1516 1906 vicerint
1568 1862 1585 1903 ε
1640 1832 1769 1905 sed
1822 1848 2064 1904 tamen
2104 1856 2192 1904 ex
2248 1830 2593 1904 omnibus

449 1946 759 2042 praemiis
803 1947 1129 2029 virtutis,
1171 1948 1232 2017 si
1271 1960 1460 2017 esset
1491 1942 1829 2015 habenda
1864 1943 2049 2015 ratio
2084 1946 2547 2041 praemiorum
2567 1996 2587 2026 ‚

447 2056 974 2153 amplissimum
1029 2080 1184 2127 esse
1231 2056 1649 2154 praemium,
1712 2054 2013 2151 gloriam
2038 2064 2139 2139 ¹⁰3
2194 2076 2347 2125 esse
2403 2052 2593 2123 hanc

449 2188 668 2239 unam
693 2220 712 2253 ‚
745 2190 908 2263 quae
935 2165 1362 2237 brevitatem
1393 2169 1557 2237 vitae
1582 2164 2019 2263 posteritatis
2048 2165 2393 2236 memoria
2418 2186 2593 2234 con·

447 2276 924 2366 solaretur¹13
977 2300 1140 2373 quae
1189 2274 1545 2362 efficeret,
1604 2288 1687 2344 ut
1736 2272 2075 2345 absentes
2129 2271 2545 2343 adessemus
2564 2324 2587 2356 ‚

447 2389 718 2460 mortui
747 2391 1186 2468 viveremus;
1219 2387 1408 2457 hanc
1442 2384 1763 2482 denique
1792 2409 1945 2456 esse
1962 2438 1981 2467 ‚
2016 2385 2223 2477 cujus
2248 2381 2591 2478 gradibus

447 2500 664 2572 etiam
692 2497 1026 2569 homines
1055 2502 1132 2569 in
1161 2496 1415 2569 caelum
1443 2495 1865 2566 viderentur
1900 2491 2361 2564 adscendere.

545 2611 658 2680 De
693 2632 847 2696 me,
887 2610 1164 2706 inquit,
1201 2631 1490 2704 semper
1532 2604 1854 2703 ,populus
1894 2626 2270 2689 romanuS,
2302 2625 2591 2698 semper

448 2739 703 2790 omnes
747 2733 997 2816 gentes
1035 2719 1458 2817 loquentur,
1504 2714 1709 2786 nulla
1742 2735 2089 2811 umquam
2134 2711 2591 2784 obmutescet

449 2844 790 2902 vetustas.
859 2831 1056 2922 Quin
1111 2829 1256 2900 hoc
1317 2842 1654 2925 tempore
1710 2824 1902 2921 ipsu,
1961 2847 2189 2919 quum
2240 2845 2495 2893 omnes
2551 2847 2592 2892 a

449 2943 630 3012 meis
659 2941 966 3013 inimicis
995 2939 1186 3011 faces
1213 2963 1391 3009 meae
1421 2935 1705 3008 invidiae
1734 2933 2209 3028 subjiciantur
2230 2943 2314 3017 ¹²,
2349 2947 2593 3003 tamen

449 3053 652 3123 omni
683 3053 758 3122 in
797 3051 1180 3124 hominum
1215 3063 1408 3122 coetu
1439 3047 1680 3148 gratiis
1708 3043 2039 3144 agendis,
2071 3058 2143 3115 et
2170 3043 2591 3142 gratulatio-

521 3281 572 3326 7.
599 3267 779 3313 Vocem
794 3263 1054 3328 praemis.
1073 3260 1309 3325 Quamvis
1327 3273 1474 3308 nemo
1644 3271 1723 3304 xo.
1740 3255 1977 3304 Gloriam.
1992 3255 2131 3306 Hane
2146 3253 2593 3304 orum-abbonem

447 3345 501 3392 in
519 3329 732 3392 comitiis
753 3343 982 3407 ignorare
1005 3351 1172 3405 ponet
1185 3371 1202 3398 ‚
1219 3339 1334 3403 quis
1349 3353 1474 3384 con·
1566 3335 1839 3398 distinguit.
1874 3337 2049 3384 Honor
2084 3351 2145 3382 ex
2174 3333 2349 3398 populi
2380 3333 2593 3382 benivo-

447 3423 524 3474 enl
555 3435 682 3472 esset
703 3421 984 3487 designatus
997 3455 1014 3481 ,
1051 3433 1212 3470 tamen
1239 3418 1324 3466 ius
1348 3433 1474 3481 pm-
1561 3415 1711 3464 lentie
1724 3415 1931 3477 pendet;
1952 3413 2103 3476 gloria
2125 3423 2285 3462 antem
2308 3427 2468 3474 neque
2484 3421 2591 3460 stu·

447 3503 590 3553 conis
611 3517 734 3550 voce
757 3499 1148 3560 renuntiabatur,
1175 3507 1226 3544 et
1249 3495 1478 3545 laudibus
1568 3494 1655 3544 dio
1678 3494 1839 3550 datur,
1864 3506 2025 3556 neque
2050 3493 2285 3550 aufertur,
2316 3507 2593 3554 nomenque

449 3579 754 3630 efferebatur.
1566 3573 1631 3621 nd
1652 3571 1971 3620 inmortalem
1992 3571 2274 3619 memoriam
2300 3581 2571 3618 consecrat.

521 3663 569 3709 8.
601 3659 658 3709 Si
679 3659 784 3708 hae
809 3673 972 3706 arma.
1007 3653 1232 3703 praesidia
1259 3651 1442 3700 scilieet
1457 3685 1475 3712 ,
1642 3667 1665 3698 1
1680 3667 1724 3698 1.
1754 3649 2113 3698 consolaretur.
2138 3651 2303 3711 Quum
2326 3659 2425 3698 uun
2446 3649 2595 3697 aretis

448 3756 560 3804 qun
587 3741 716 3788 circa
740 3740 900 3788 forum
933 3734 1194 3797 Pompeius
1219 3741 1476 3780 statuent.
1566 3729 1665 3778 vita
1684 3738 1849 3776 nostra
1869 3727 1933 3774 sit
1952 3727 2189 3776 limitibus
2208 3729 2597 3790 circumscripta.

445 3845 519 3855 —
545 3815 802 3866 Faciam-is
827 3812 1168 3877 suspt'eionem.
1205 3810 1334 3872 Quia
1360 3809 1479 3858 Clo-
1642 3823 1729 3856 ια.
1778 3804 2129 3871 Subsiciantur.
2184 3808 2351 3869 Quum
2400 3805 2595 3852 inimici

397 3889 402 3894 ⁸
449 3896 582 3946 dimi
618 3894 907 3958 jactitabant
941 3890 1180 3938 Milonem
1223 3889 1274 3936 in
1317 3898 1478 3935 mente
1564 3886 1661 3936 mei
1695 3885 1855 3934 modia
1888 3885 2117 3934 omnibus
2158 3885 2395 3934 invidiam
2436 3899 2593 3932 meam

449 3973 674 4022 habuisse
687 3970 910 4035 Pompeii
923 3966 1180 4016 occidendi
1193 3965 1473 4015 eonsilium.
1564 3975 1787 4029 augeant.
1812 3965 2101 4028 met-phora
2116 3965 2179 4013 ab
2198 3965 2260 4012 iia
2274 3975 2349 4012 est
2368 3975 2561 4026 sumpta
2574 3997 2588 4020 ,

524 4067 576 4114 9.
597 4055 658 4098 Se
679 4051 804 4100 nihil
819 4049 870 4096 in
890 4045 1014 4095 vita.
1039 4047 1158 4094 Non
1177 4046 1322 4093 etiam
1344 4055 1444 4091 tum
1460 4079 1474 4101 ‚
1564 4043 1653 4108 qui
1680 4043 1867 4090 facibus
1906 4043 2161 4103 subiectis,
2186 4041 2469 4092 incendium
2500 4057 2597 4090 au-

455 4145 606 4192 quum
630 4128 858 4178 Clodium
881 4122 1137 4173 interfecit.
1566 4131 1699 4183 gent.
