2996 4694
431 454 854 478 mmm
864 451 2554 476 mmmm-“mmmmm

929 681 2032 789 ARGUMENTUM.

420 933 794 1001 Ptolemaeus,
825 928 1062 1007 AEgypti
1087 945 1222 999 rex,
1245 927 1348 1005 qui
1372 927 1609 1003 Auletes
1634 923 1824 984 dic'tus
1848 938 1968 999 est,
2009 943 2189 1005 regno
2210 926 2285 985 ab
2307 928 2553 988 Alexan-

499 1028 682 1088 drinis
699 1070 717 1100 ,
760 1025 1000 1084 nimiam
1049 1035 1296 1102 propter
1338 1023 1669 1096 avaritiam,
1694 1021 1895 1100 pulsus
1926 1021 2133 1080 fuerat.
2182 1022 2328 1096 Qui,
2372 1043 2552 1102 quum

498 1125 662 1184 exsul
691 1127 936 1182 Romam
963 1120 1241 1192 venisset,
1275 1119 1579 1198 AEgyptios
1610 1119 1862 1197 graviter
1888 1118 2046 1197 apud
2082 1131 2346 1179 senatum
2376 1139 2554 1180 accu-

495 1221 674 1294 savit,
713 1218 1162 1299 impetravitque
1179 1261 1196 1288 ‚
1227 1229 1296 1296 ‘ut
1325 1236 1361 1274 a
1392 1215 1633 1274 consule
1664 1221 1727 1274 P.
1755 1217 2007 1276 Lentulo
2033 1216 2095 1274 in
2122 1235 2362 1294 regnum
2389 1220 2553 1278 resti-

495 1331 778 1378 tueretur.
835 1314 1010 1390 Qnod
1053 1314 1156 1373 ubi
1194 1310 1605 1374 Alexandrinis
1644 1313 2002 1386 nuntiatum,
2049 1313 2269 1390 legatos
2308 1318 2551 1374 Romam

491 1414 773 1473 miserunt
790 1457 809 1485 ,
845 1413 948 1492 qui
983 1429 1245 1482 causam,
1271 1429 1382 1468 cur
1420 1411 1764 1470 Ptolemaeus
1811 1410 2002 1468 fuerat
2045 1410 2193 1468 solio
2243 1412 2546 1489 expulsus,

489 1521 896 1571 memorarent.
926 1514 1050 1569 Hos
1075 1525 1216 1566 vero
1243 1508 1589 1566 Ptolemaeus
1611 1505 1824 1585 partim
1842 1505 2273 1566 interficiendos
2295 1508 2555 1596 curavit,

491 1609 704 1688 partim
731 1607 980 1688 pecunia
1005 1604 1285 1683 corrupit.
1324 1608 1457 1676 Quo
1487 1603 1563 1662 de
1593 1604 1835 1662 crimine
1864 1621 2045 1682 quum
2074 1615 2371 1664 accusatus
2400 1605 2549 1664 suis-

490 1719 606 1779 set,
651 1722 688 1764 a
732 1709 798 1764 C.
835 1702 1078 1764 Rabirio
1129 1707 1410 1760 Postumo
1454 1702 1761 1779 pecuniam
1818 1713 2113 1760 mutuatus
2150 1714 2262 1774 est,
2302 1721 2551 1780 quacum

485 1800 710 1879 judices
755 1800 1018 1876 corrupit
1040 1839 1058 1869 ,
1105 1812 1452 1875 poenamque
1500 1796 1611 1854 hac
1666 1797 1891 1856 ratione
1935 1797 2158 1875 effugit.
2233 1799 2551 1876 Aliquanto

493 1910 630 1976 post
667 1895 917 1954 consulti
958 1905 1094 1952 sunt
1138 1909 1338 1951 versus
1369 1886 1670 1967 Sibyllini,
1700 1891 1913 1968 quibus
1951 1893 2032 1950 ita
2068 1893 2346 1972 scriptum
2382 1909 2553 1955 erat:

493 2019 518 2046 α
537 1997 626 2052 Ne
672 2012 775 2050 rex
813 1991 1048 2069 AEgypti
1089 2009 1222 2048 cum
1253 1989 1625 2048 multitudine
1661 1989 2076 2050 reduceretur»
2105 2012 2119 2046 :
2160 1989 2551 2072 abrogataque

489 2100 625 2146 sunt
649 2103 779 2164 quae
807 2085 881 2144 de
913 2103 1049 2165 rege
1081 2083 1494 2143 Alexandriam
1530 2082 1866 2156 reducendo
1906 2085 2138 2143 fuerant
2172 2084 2379 2144 edicta.
2410 2091 2553 2147 Pto-

490 2183 721 2242 lemaeus
750 2201 894 2240 vero
929 2180 1003 2240 ad
1031 2179 1344 2240 Gabinium
1357 2223 1373 2252 ,
1399 2181 1503 2258 qui
1526 2179 1755 2258 Syriam
1784 2199 1916 2238 cum
1946 2179 2207 2239 exercitu
2233 2181 2553 2261 imperator

491 2278 793 2339 obtinebat
807 2322 826 2353 ,
857 2277 1138 2358 confugit,
1163 2289 1223 2336 et
1251 2277 1454 2336 decem
1481 2277 1727 2336 millium
1755 2277 2103 2336 talentorum
2134 2279 2552 2357 pollicitatione

492 2376 735 2437 adduxit
749 2418 767 2449 ,
782 2378 870 2435 'ut
893 2375 956 2434 in
985 2392 1226 2453 regnum
1247 2372 1575 2433 reduceret.
1617 2373 1878 2434 Aderant
1898 2372 1982 2432 ibi
2007 2375 2274 2434 nonnulli
2300 2376 2549 2455 equites,

489 2474 594 2553 qui
624 2492 820 2552 regem
855 2473 918 2531 in
955 2470 1200 2547 patriam
1231 2470 1576 2530 redeuntem
1606 2472 1951 2549 prosequuti
1986 2483 2125 2531 sunt
2153 2494 2169 2528 :
2214 2490 2363 2550 quos
2398 2473 2550 2533 inter

488 2568 762 2631 Rabirius
805 2574 1141 2639 Postumus3
1189 2579 1348 2625 ratus
1389 2566 1642 2635 scilicet,
1694 2586 1754 2626 se
1794 2566 1963 2627 brevi
1986 2610 2003 2641 ‚
2056 2587 2193 2647 rege
2247 2570 2549 2639 restituto,

489 2664 912 2725 commodatam
945 2663 1252 2743 pecuniam
1287 2675 1691 2742 accepturumt
1722 2663 1814 2722 his
1828 2662 2167 2741 juvantibus
2194 2665 2547 2725 Alexandria

489 2780 596 2821 rex
637 2744 858 2840 potitus
901 2771 990 2818 est
1008 2798 1025 2831 ,
1065 2771 1125 2817 et
1153 2756 1458 2817 Rabirium
1493 2758 1776 2817 dioeceten
1814 2760 2067 2832 creavit,
2113 2760 2418 2840 aerariique
2448 2783 2549 2821 cu-

491 2876 616 2917 ram
660 2857 964 2917 commisit.
1002 2860 1198 2930 Quum
1248 2874 1390 2915 vero
1431 2854 1708 2915 Rabirius
1750 2856 1865 2915 boc
1905 2876 2145 2916 munere
2181 2858 2546 2937 fungeretur,

491 2954 669 3032 pallio
683 2996 702 3027 ,
743 2953 902 3032 quod
957 2965 1084 3011 erat
1115 2970 1364 3031 gracum
1403 2952 1810 3011 vestimentum
1826 2995 1843 3022 ,
1892 2971 2030 3012 usus
2070 2966 2187 3027 est,
2224 2972 2344 3031 quo
2389 2955 2543 3015 facto

491 3069 745 3109 romanae
771 3050 1018 3109 civitatis
1037 3048 1149 3108 sibi
1169 3049 1265 3127 jus
1289 3048 1598 3107 imminuit.
1622 3054 1771 3107 Mox·
1794 3050 2103 3128 pecuniam
2131 3050 2205 3112 ad
2230 3049 2543 3111 Gabinium

493 3148 834 3207 solvendum
859 3147 1238 3207 necessariam
1261 3148 1478 3225 coegit,
1501 3158 1676 3225 atque
1699 3146 1873 3225 hujus
1890 3148 2151 3226 pecuniae
2174 3160 2398 3227 partem
2420 3148 2545 3227 ipse

496 3244 732 3322 accepit.
757 3243 1038 3305 Gabinius
1057 3262 1228 3317 vero,
1262 3244 1356 3302 his
1388 3242 1656 3302 omnibus
1682 3244 1959 3321 peractis,
1996 3249 2243 3303 Romam
2276 3264 2543 3305 reversus

494 3352 608 3412 est,
635 3338 830 3417 ibique
855 3341 981 3420 lege
1000 3346 1034 3400 J
1037 3341 1156 3400 ulia
1171 3339 1628 3420 repetundarum
1650 3352 1977 3413 accusatus,
2007 3340 2175 3399 facilc
2196 3342 2545 3401 condemna·

493 3446 586 3492 tus
613 3434 740 3492 fuit.
770 3435 884 3497 Sed
924 3456 1032 3495 nec
1069 3434 1296 3515 praedes
1331 3435 1524 3509 dedit,
1565 3454 1754 3514 neque
1790 3455 1863 3494 ex
1900 3434 2081 3514 ipsius
2116 3436 2284 3495 bonis
2320 3451 2543 3497 tantum

493 3530 756 3609 pecuniae
791 3532 982 3610 potuit
1017 3532 1244 3610 colligi,
1281 3546 1569 3611 quantum
1605 3550 1716 3611 pro
1752 3532 1850 3592 lite
1880 3533 2157 3593 aestimata
2184 3536 2410 3595 solvere
2435 3556 2546 3595 ne-

493 3646 650 3686 cesse
673 3640 813 3686 erat.
846 3632 1050 3705 Itaque
1075 3629 1333 3687 secundo
1367 3628 1511 3706 legis
1541 3628 1711 3687 suliae
1746 3628 1936 3707 capite
1968 3643 2267 3689 accusatus
2302 3645 2391 3691 est
2423 3635 2543 3691 Ra-

493 3722 706 3781 birius:
732 3722 846 3781 hoc
865 3725 1018 3783 enim
1045 3724 1382 3798 cavebatur,
1415 3740 1480 3784 ut
1504 3724 1664 3803 quod
1700 3744 1733 3783 a
1774 3724 2158 3786 condemnato
2186 3727 2391 3787 haberi
2424 3748 2543 3787 non

492 3832 789 3899 potuerat,
817 3818 878 3878 id
919 3818 995 3878 ab
1039 3839 1112 3879 eo
1149 3821 1507 3901 exigeretur,
1559 3821 1632 3881 ad
1672 3841 1847 3899 quem
1887 3836 2234 3902 pervenerat
2272 3827 2540 3903 pecunia.

495 3922 680 3977 Causa
705 3918 883 3995 igitur
901 3916 1001 3979 illa
1024 3929 1314 3995 tamquam
1347 3918 1730 3998 appendicula
1757 3918 1831 3977 ad
1860 3919 2096 3979 Gabinii
2122 3938 2352 3978 eausam
2382 3940 2543 3980 acce.

495 4013 599 4073 dit.
623 4016 771 4073 Nam
799 4014 849 4072 si
879 4012 1140 4072 debitum
1165 4014 1430 4074 solvisset
1451 4015 1764 4088 Gabinius,
1789 4016 1952 4076 nullo
1976 4015 2153 4075 modo
2180 4016 2240 4073 in
2261 4016 2543 4094 judicium

495 4122 732 4169 vocatus
759 4108 959 4169 fuisset
983 4106 1276 4167 Rabirius.
1298 4110 1554 4170 Plurima
1572 4129 1713 4169 vero
1741 4111 2119 4170 accusationis
2142 4110 2334 4187 capita
2356 4111 2539 4172 fuere:
